2760 4814
286 344 452 414 Excerpta
468 359 504 397 ex
522 358 591 413 opp.
612 343 639 399 S.
657 346 846 415 Augustini
867 344 972 401 CXXV.
1129 348 1191 416 461

69 531 150 616 loc,
182 520 562 615 quieueuiethora‚
585 534 624 599 in
647 551 888 618 quaomnes‚
911 533 1039 616 quiin
1064 552 1193 600 monu-

65 634 210 703 mentis
239 639 346 712 suut,
377 636 539 702 audient
566 655 699 702 uocem
723 638 807 702 eius
830 639 867 702 et
889 637 1104 720 procedent
1126 638 1193 720 qui

64 740 161 806 bona
183 738 380 819 iecerunt,
410 739 447 804 in
479 740 816 805 resurrectionem
838 741 963 811 uitae,
1000 741 1066 822 qui
1089 740 1193 806 mala

61 847 243 927 egerunt,
267 843 307 908 in
331 845 665 909 resurrectionem
688 842 845 909 iudicii.
883 842 942 908 hoo
971 845 1019 908 est
1040 843 1119 909 illud
1141 843 1192 908 iu·

36 948 189 1025 adinum,
219 949 300 1031 quod
323 950 416 1030 paulo
439 950 512 1013 ante
538 949 619 1013 siout
641 967 723 1013 nunc
747 963 802 1029 pro
825 948 1024 1014 damnatione
1046 949 1192 1030 posuerat

60 1051 188 1117 dicens:
223 1049 288 1135 qui
322 1053 483 1117 uerbum
519 1072 642 1118 meum
676 1051 789 1118 audit
824 1053 865 1118 et
898 1051 1025 1116 cr'odit
1059 1051 1097 1115 ei
1125 1050 1190 1133 qui

60 1156 176 1220 misit
205 1174 277 1233 me,
309 1155 428 1221 habet
463 1156 588 1222 uitam
623 1160 827 1222 aeternam
858 1158 897 1218 et
923 1156 964 1219 in
993 1154 1190 1219 iudicium

59 1277 134 1324 non
168 1259 322 1338 ueniet,
356 1258 422 1324 sed
451 1259 628 1326 transiet
651 1279 669 1324 a
692 1261 817 1324 morte
847 1258 1055 1331 inuitam,
1088 1255 1191 1321 idest

60 1361 247 1447 pertinendo
275 1364 315 1428 ad
342 1365 477 1448 primam
507 1365 777 1445 resurrectionem,
799 1380 868 1444 qua
890 1381 973 1427 nuno
995 1361 1191 1426 transiture

37 1468 161 1533 omorte
190 1466 229 1531 ad
258 1468 368 1542 uitam,
399 1467 432 1531 ln
463 1466 697 1533 damnationem
718 1482 781 1531 non
803 1465 921 1545 ueniet,
951 1484 1045 1549 quam
1066 1460 1191 1547 signifi-

62 1571 146 1636 cauit
168 1569 378 1654 appellatione
405 1570 523 1649 iudicii,
551 1568 633 1636 sicut
654 1570 752 1638 etiam
774 1570 832 1634 hoc
855 1571 932 1648 loco,
957 1568 1011 1636 ubi
1034 1567 1096 1632 ait:
1123 1563 1190 1648 qui

62 1674 159 1739 male
182 1676 362 1757 egerunt,
386 1672 425 1739 in
448 1675 780 1741 resurrectionem
803 1673 962 1756 iudicii,
984 1671 1018 1737 id
1036 1670 1190 1736 asidam·

62 1777 206 1842 natioms.
244 1779 388 1860 resurgat
421 1797 494 1862 ergo
527 1777 560 1843 in
594 1779 695 1861 prima
727 1778 782 1860 qui
814 1794 873 1842 non
900 1777 972 1842 uult
999 1773 1032 1840 in
1055 1773 1192 1840 secunda

61 1881 286 1946 resurrectione
323 1883 474 1949 damnari.
518 1883 630 1948 uenit
663 1882 747 1947 enim
780 1881 873 1947 hora
906 1884 945 1946 et
977 1896 1080 1945 nuno
1113 1879 1188 1958 est,

38 1985 215 2066 cquando
249 1988 391 2051 mortui
424 1987 586 2052 audient
607 2005 740 2052 uocem
763 1985 849 2051 filii
871 1985 951 2061 dei,
976 1988 1014 2048 et
1036 1981 1102 2065 qui
1125 1998 1190 2047 au·

62 2086 210 2155 dierint
231 2088 383 2172 uiuent,
414 2089 520 2156 idest
545 2091 579 2176 in
602 2089 837 2156 damnationem
860 2105 923 2153 non
945 2087 1081 2166 uenient,
1111 2103 1190 2169 quaa

62 2193 199 2257 secunda
221 2211 304 2258 mors
326 2193 456 2272 <licitum
479 2193 514 2259 in
535 2212 629 2276 quam
651 2197 785 2258 mortem
813 2195 885 2274 post
913 2189 1081 2256 secundam
1109 2207 1188 2272 quae

61 2312 222 2380 corporum
251 2294 358 2362 futura
387 2298 435 2364 ast
469 2299 728 2363 resurrectionem
756 2295 1044 2378 praecipitabuntur
1074 2294 1128 2377 qui
1156 2292 1188 2356 iu

60 2397 171 2484 prima,
205 2388 284 2483 quae
317 2401 492 2465 animarum
526 2402 583 2477 est,
618 2416 679 2465 non
715 2403 892 2479 resurgunt.
926 2400 1059 2463 ueniet
1086 2397 1187 2461 onim

37 2501 211 2569 ahora-
227 2502 280 2568 ubi
296 2503 433 2570 nonait:
459 2506 510 2592 „et
532 2522 614 2571 nunc
636 2500 716 2582 est“,
741 2506 816 2586 quia
838 2507 868 2569 in
890 2502 953 2568 lino
975 2502 1036 2567 erit
1058 2499 1186 2577 saeculi,

59 2603 114 2671 hoc
136 2606 188 2671 est
209 2606 244 2670 in
265 2606 378 2672 ultimo
401 2611 433 2671 et
456 2608 590 2674 maximo
612 2607 796 2673 iudiciodei
812 2605 1020 2690 -quando
1043 2621 1187 2682 omnes,

59 2710 122 2792 qui
155 2710 198 2775 in
231 2711 494 2776 monumentis
529 2715 638 2786 suut,
669 2710 837 2777 audient
859 2728 996 2776 uocem
1030 2709 1116 2774 eius
1150 2710 1188 2772 ot

58 2814 287 2895 procedent.
324 2832 385 2879 non
408 2814 494 2892 dixit
520 2815 781 2898 quemadmodum
797 2816 830 2881 in
845 2814 961 2897 prima:
986 2818 1038 2901 „et
1053 2813 1108 2895 qui
1130 2827 1187 2877 au·

59 2915 177 2982 dierint
200 2914 348 3002 uiuent“;
372 2935 433 2982 non
449 2918 532 2983 anim
547 2935 654 2984 omnes
669 2921 788 2997 uiuent,
807 2937 844 2984 ea
865 2919 934 2985 uita
955 2917 1085 2992 scilicet,
1109 2933 1187 2998 quae

32 3020 204 3102 aequoniam
233 3018 329 3087 beata
359 3026 417 3103 est,
448 3022 517 3087 sola
546 3022 613 3088 uita
643 3022 775 3089 dicenda
805 3030 861 3088 est.
900 3041 973 3087 nam
995 3023 1103 3105 utique
1123 3035 1188 3082 non

58 3122 126 3188 sine
163 3123 383 3207 qualicumque
421 3125 486 3190 uita
522 3130 652 3207 possent
689 3127 796 3192 audire
834 3129 867 3191 et
898 3128 936 3192 de
974 3120 1186 3190 monumentis

57 3230 240 3312 resurgente
269 3244 362 3293 carne
393 3228 564 3311 procedere.
584 3232 699 3312 'quare
725 3235 914 3295 autemnon
937 3246 1043 3295 omnes
1066 3225 1186 3302 uiuent,

57 3329 89 3395 iu
112 3347 149 3394 eo
172 3333 254 3413 quod
276 3330 419 3412 sequitur
447 3333 553 3397 docet:
588 3333 654 3415 qui
689 3333 803 3412 bona,
838 3333 950 3417 inquit,
985 3328 1186 3405 fecerunt,

57 3433 95 3498 in
119 3437 456 3500 resurrectionem
479 3438 608 3513 uitae,
633 3437 666 3501 hi
689 3442 763 3502 sunt
786 3438 839 3520 qui
862 3437 985 3514 uiuunt,
1008 3435 1073 3519 qui
1095 3448 1192 3497 uero

24 3537 163 3602 amala
195 3540 377 3620 egerunt,
412 3541 450 3603 in
484 3541 822 3605 resurrectionem
855 3539 1012 3621 iudicii,
1047 3537 1080 3602 hi
1113 3534 1187 3600 suut

55 3640 110 3722 qui
133 3658 195 3706 non
216 3641 337 3722 uiuent,
365 3643 439 3724 quia
460 3643 595 3708 secunda
623 3648 722 3708 morte
745 3645 925 3711 morientur.
963 3645 1049 3708 mala
1071 3640 1187 3725 quippe

158 3824 329 3893 fimum
433 3827 622 3891 umoffi
723 3827 909 3894 fflhqffl

107 3996 191 4065 aqui
213 3995 251 4051 V:
277 3997 324 4067 qni
343 4012 405 4051 noro
423 3998 491 4053 Ple
593 3998 743 4053 8trausiot
765 3998 817 4055 Vc:
845 3999 990 4054 mansit'l'
1036 3954 1039 3961 Ι
1084 3997 1188 4054 aTV:

53 4082 88 4137 rie
105 4098 126 4138 o
212 4082 381 4138 ttransitur
399 4083 463 4138 TV:
490 4086 690 4141 transituruso
782 4088 815 4141 la
831 4087 903 4141 malo
921 4085 973 4140 Va:
1001 4085 1120 4141 malai'

53 4168 300 4225 mmotionsi'
400 4168 484 4225 iudici
508 4172 535 4226 l·
635 4173 670 4229 18
694 4171 926 4228 resurrectiones
1029 4167 1189 4243 praecipita-

51 4256 169 4344 binntur
189 4256 216 4310 V
316 4256 352 4310 29
368 4256 468 4311 uiuunt
487 4255 522 4311 V:
548 4264 644 4320 uiuent
664 4261 705 4317 To
