2760 4814
172 276 235 342 288
654 271 822 341 Eugippii

173 466 286 543 tuba3
324 470 439 531 canet
472 464 575 530 enim
607 464 720 544 tuba,
759 469 795 528 et
828 465 973 530 mortui
1007 471 1212 547 resurgent
1247 464 1302 530 in·

174 571 366 651 corrupti,
402 568 441 633 ot
471 586 539 633 nos
568 566 882 646 immutabimur,
916 571 1075 649 oportet
1097 569 1196 632 enim
1221 585 1302 632 cor·

172 673 370 755 reptibile
400 673 468 738 hoc
495 671 660 737 induere
688 672 1035 753 incorruptionem
1065 678 1103 736 et
1134 674 1303 737 mortale

173 776 248 842 hoo
269 777 436 842 induero
458 775 824 841 immortalitatem.
856 780 891 840 ut
908 794 980 858 ergo
1004 776 1152 841 induatur
1174 777 1303 840 immor·

173 879 311 964 talitata,
335 879 457 945 exuitur
480 879 681 944 mortalitate.
714 878 770 944 hoc
786 884 832 943 est
848 880 1090 945 circumcisionis
1106 880 1301 962 mysterium,
1325 903 1337 942 s

174 1000 251 1064 quae
273 988 384 1048 octauo
406 983 457 1049 die
478 983 546 1048 fieri
568 983 651 1047 iussa
672 985 731 1058 est,
755 986 787 1046 et
810 985 918 1047 octauo
937 983 997 1063 die,
1020 983 1052 1047 id
1075 986 1123 1047 est
1145 983 1303 1047 dominica

173 1088 243 1166 post
258 1084 438 1164 sabbatum,
454 1086 517 1151 iam
533 1086 566 1150 in
581 1087 713 1150 ueritate
730 1103 749 1150 a
764 1086 890 1171 domino
905 1086 1047 1170 impleta.
1070 1088 1152 1151 unde
1168 1086 1301 1150 dicitur:

173 1207 316 1254 exuens
347 1207 386 1254 so
414 1207 565 1255 carnem
595 1189 848 1271 principatus
871 1192 907 1254 ot
929 1192 1152 1271 potestates
1181 1207 1304 1252 exem·

173 1290 313 1374 plauit.
347 1311 402 1374 per
424 1292 505 1357 hanc
520 1293 604 1357 enim
627 1290 853 1357 mortalitatem
877 1294 964 1357 nobis
988 1293 1111 1358 inuitae
1134 1292 1303 1358 diabolicae

174 1397 345 1476 potestates
367 1394 621 1472 dominabantur3
653 1413 729 1477 quas
753 1394 942 1477 exemplasse
965 1396 1068 1460 dictus
1091 1399 1150 1478 est,
1172 1395 1248 1477 quia
1270 1394 1339 1462 inno

174 1516 208 1563 se
237 1497 303 1580 ipso
333 1498 435 1579 capite
464 1502 567 1563 nostro
596 1500 738 1582 praebuit
768 1497 955 1578 exemplum,
987 1498 1069 1579 qnod
1091 1500 1123 1562 in
1146 1503 1212 1563 toto
1234 1497 1303 1562 eius

174 1617 309 1684 corpore,
347 1600 381 1664 id
414 1603 462 1666 est
495 1601 624 1666 ecclesia
656 1621 692 1665 ex
727 1601 841 1667 diaboli
874 1602 1030 1682 potestate
1064 1599 1235 1676 liberanda,
1270 1601 1303 1665 in

174 1703 288 1768 ultima
317 1702 541 1768 resurrectione
571 1703 788 1785 complebitur.
826 1704 904 1768 haec
935 1706 983 1766 est
1011 1702 1088 1769 fides
1118 1709 1233 1768 nostra.
1271 1708 1304 1768 et

174 1805 329 1889 quoniam,
354 1806 437 1870 sicut
458 1807 672 1871 testimonium
690 1806 904 1889 propheticum
922 1806 1041 1871 Paulus
1064 1811 1302 1871 commemorat:

174 1910 309 1974 iustus
331 1927 373 1973 or
395 1909 476 1973 fide
498 1909 620 1986 uiuit,
646 1911 720 1973 hacc
738 1914 785 1974 est
800 1909 983 1975 luctificatio
1000 1913 1113 1974 nostru.
1143 1914 1340 1976 mortuumrs

174 2014 288 2095 quippe
313 2011 474 2077 Christum
497 2016 529 2076 et
550 2013 666 2095 pagani
687 2014 832 2089 credunt;
857 2013 1060 2077 resurrexisse
1084 2016 1189 2076 autem
1212 2010 1304 2075 Clrri·

174 2120 259 2181 stum
281 2117 406 2197 propria
427 2115 503 2181 fides
519 2119 568 2181 est
584 2115 835 2181 christianorum.
868 2117 901 2180 si
923 2116 1026 2180 enim
1049 2114 1303 2193 confitearis,

174 2221 220 2284 ait
255 2221 420 2302 apostolus,
458 2220 498 2284 in
532 2238 598 2284 ore
631 2221 715 2301 tuo,
754 2220 847 2301 quia
880 2218 1064 2283 dominus
1096 2219 1155 2282 est
1188 2219 1304 2282 lesus

174 2321 374 2406 christus,
404 2326 442 2388 ot
464 2322 687 2388 credideris
718 2325 756 2388 in
778 2322 892 2387 corde
914 2328 997 2402 tuo,
1028 2321 1121 2403 quia
1141 2323 1234 2409 denus
1256 2321 1304 2384 il·

174 2426 254 2489 lum
276 2428 496 2491 suscitauit
518 2445 537 2491 a
559 2425 747 2501 mortuis,
779 2427 918 2492 saluus
949 2425 1034 2490 eris.
1073 2425 1147 2506 quia
1169 2442 1244 2506 ergo
1267 2444 1339 2493 exio

174 2528 236 2592 ista
264 2528 500 2594 resurrectionis
530 2527 590 2592 fide
619 2527 836 2605 iustificamur,
865 2527 933 2591 ideo
956 2528 986 2591 et
1016 2527 1096 2591 illud
1118 2530 1155 2592 de
1178 2526 1303 2592 Christo

175 2631 380 2713 apostolicum
418 2631 483 2709 est,
525 2633 599 2712 quia
635 2637 814 2696 mortuus
852 2635 912 2695 est
954 2635 1116 2712 propter
1152 2632 1304 2697 delicte

175 2738 313 2799 nostra
349 2736 387 2798 et
420 2736 642 2798 resurrexit
676 2738 836 2818 propter
868 2733 1211 2801 iustificationem
1241 2753 1303 2798 no·

174 2841 307 2903 stram.-
345 2839 377 2902 et
406 2840 479 2920 quia
507 2839 569 2903 ista
595 2839 791 2914 resurrectio,
820 2856 899 2920 qnae
923 2836 1041 2901 credita
1063 2855 1118 2901 nos
1141 2838 1301 2914 iustificat,

175 2940 232 3007 illa
261 2942 364 3006 octaui
394 2941 457 3006 diei
488 2941 723 3006 circumcisione
753 2941 887 3023 figurata
909 2943 969 3016 est,
992 2947 1154 3023 propterea
1177 2940 1214 3004 de
1237 2940 1339 3022 ipson

175 3044 344 3123 Abraham,
369 3046 417 3108 cni
433 3046 569 3126 primum
586 3044 704 3108 tradita
720 3048 776 3121 est,
795 3043 874 3108 dicit
889 3045 1064 3126 apostolus:
1087 3046 1126 3108 et
1148 3044 1303 3126 signum

277 3291 542 3356 oef.Gen.1t,12
647 3291 867 3354 15R0m.1,17
923 3289 1070 3353 flaute
1175 3290 1205 3342 17
1226 3290 1303 3342 Rom.

177 3378 252 3443 10,9
355 3377 480 3430 accam.
499 3376 577 3440 4,25
671 3375 843 3442 tenesmo,
862 3378 894 3430 11

228 3609 240 3662 l
260 3609 333 3663 canit
350 3608 379 3662 D
460 3611 603 3677 resurgent
619 3610 654 3675 cf.
664 3626 693 3677 p.
706 3613 768 3674 243,
782 3614 816 3664 18
897 3611 1051 3676 incorrupte
1068 3608 1109 3662 Ι]1
1196 3607 1213 3660 2
1232 3622 1303 3675 opor·

175 3696 212 3748 tit
229 3694 272 3748 D¹
374 3695 392 3748 4
413 3694 617 3750 immortalitate
639 3697 680 3750 D²
784 3696 1068 3749 ut—immortalitate
1085 3710 1135 3748 om.
1153 3694 1235 3747 D¹P¹

175 3780 404 3834 immortalitatem
424 3779 460 3833 Ρ1
551 3782 694 3836 5exnetur
710 3781 798 3836 DP¹o
884 3781 1061 3849 mortalitate]
1079 3779 1248 3833 mortalitate
1265 3780 1304 3845 P;

174 3881 225 3920 om.
243 3864 283 3919 D¹
380 3867 579 3921 circumcisione
597 3869 636 3922 Ρι
734 3869 890 3937 mysterium
908 3867 1115 3922 circumcisionis
1133 3883 1150 3920 o
1255 3867 1305 3920 ia

174 3951 282 4006 domino
300 3952 328 4005 in
345 3951 494 4007 ueritates
587 3954 693 4008 9enim
711 3969 794 4008 orae
885 3953 988 4022 inuidia
1006 3953 1059 4010 P¹o
1153 3951 1305 4007 diabulicae

174 4036 216 4091 D²
305 4038 339 4091 10
356 4037 430 4091 diotll
449 4043 476 4102 (ll
493 4039 525 4091 tn
541 4053 596 4094 raa.
615 4055 633 4092 a
649 4056 684 4093 m.
697 4042 726 4096 2)
747 4040 775 4093 P
869 4039 902 4093 12
919 4039 1022 4094 diaboli
1040 4038 1081 4093 D¹
1178 4039 1212 4093 18
1229 4039 1305 4093 Iasus

174 4125 215 4176 eet
231 4122 286 4176 PT
379 4122 737 4180 lucuscanum
830 4126 862 4179 al
881 4125 950 4194 ideo]
970 4124 1033 4178 adeo
1055 4124 1090 4181 V¹
1185 4126 1220 4178 22
1239 4141 1306 4179 mor·

173 4212 234 4262 tuos
252 4207 293 4261 D¹
395 4208 495 4264 delecta
512 4210 552 4263 D¹
655 4210 689 4264 24
706 4212 760 4265 iata
777 4227 828 4266 om.
847 4211 875 4265 P
975 4210 1009 4266 25
1027 4216 1121 4264 octaua
1138 4211 1176 4264 Ρι
