2760 4814
181 249 248 316 430
668 242 833 313 &sinnii

184 435 399 520 propinquare,
429 434 519 500 illam
549 435 671 518 partem
693 433 733 497 ad
755 451 811 498 nes
834 434 1024 517 conuertere,
1056 451 1118 518 qua
1147 449 1209 498 nen
1232 432 1320 498 inlu·

182 539 313 623 stratur,
336 539 433 604 donee
455 536 495 602 ed
517 555 632 604 cornua
653 537 760 601 redeat
782 536 876 618 atque
892 537 1018 602 omuino
1041 538 1113 603 inde
1135 555 1197 602 nou
1219 555 1320 627 appa·

183 647 260 721 reat,
295 640 369 726 quie
401 643 476 706 tune
505 640 561 707 ille
590 657 670 725 pars,
706 658 786 727 quae
814 638 1012 717 inlustratur,
1046 657 1172 706 sursum
1202 643 1251 705 eet
1277 643 1318 706 ad

183 746 316 828 eaelum,
349 745 388 811 ad
418 745 536 810 terram
559 746 665 811 eutem
692 742 759 820 illa,
790 760 885 826 quum
906 743 1027 808 radiare
1050 743 1098 809 sel
1119 761 1181 809 non
1202 743 1317 828 petest.

184 867 257 934 erge
280 852 312 916 et
334 851 506 916 seeundum
535 848 616 915 hane
646 846 821 931 opinionem
850 848 925 913 luna
955 846 1151 932 intellegitur
1174 846 1353 927 eeclesias

181 954 267 1039 quud
288 973 382 1021 suum
404 953 512 1019 lumen
534 972 597 1033 uon
618 952 743 1030 habeat,
767 953 821 1018 sed
844 951 884 1019 ab
906 951 1068 1038 unigenite
1091 952 1141 1019 dei
1164 951 1237 1027 filie,
1262 954 1317 1035 qui

181 1057 292 1125 multis
315 1049 397 1126 loeis
415 1059 448 1123 in
470 1055 587 1122 sanetis
610 1055 775 1138 seripturis
799 1055 965 1141 allegorice
987 1056 1035 1121 eol
1054 1055 1233 1141 appellatus
1256 1060 1314 1136 est,

66 1184 69 1188 “
181 1161 378 1243 inlustratur.
408 1179 501 1243 quem
522 1160 695 1226 nescientes
718 1160 749 1224 et
771 1177 896 1225 eernere
918 1178 980 1226 non
1003 1161 1143 1226 ualentes
1164 1159 1315 1226 haeretiei

180 1264 309 1349 quidam
338 1266 377 1330 al
405 1263 502 1328 istum
530 1261 628 1328 selem
657 1280 840 1344 corporeum
870 1262 902 1326 et
924 1262 1095 1348 nisibilem,
1126 1262 1207 1346 qued
1229 1282 1315 1330 eum·

182 1388 275 1435 mune
308 1368 416 1434 lumen
449 1370 498 1433 eet
531 1366 634 1433 nemis
667 1365 828 1432 hominum
859 1366 954 1450 atque
984 1385 1171 1446 muscarum,
1205 1385 1352 1433 sensusne

179 1471 374 1554 simplicium
404 1474 556 1536 eunentur
586 1472 728 1536 auertere
759 1475 790 1535 et
821 1470 1044 1536 nonnullorum
1070 1471 1228 1550 auertunt,
1260 1471 1316 1554 qui

180 1573 332 1659 quamdiu
361 1593 423 1639 uon
445 1576 577 1657 possunt
591 1573 786 1639 'interiorem
816 1573 921 1638 lueem
943 1573 1088 1639 ueritatis
1110 1576 1215 1639 mente
1238 1590 1314 1639 eon·

179 1676 272 1756 tueri,
305 1677 441 1759 simplici
471 1677 533 1743 fide
564 1677 716 1743 catholiea
745 1678 884 1743 contenti
907 1695 974 1742 esse
997 1677 1116 1760 nolunt,
1138 1694 1228 1759 ‚quae
1251 1694 1315 1742 una

178 1772 322 1864 paruulis
354 1780 441 1847 salue
464 1785 567 1847 estet
589 1800 649 1863 que
675 1798 737 1846 uno
770 1781 853 1847 laete
876 1781 914 1845 ad
945 1780 1128 1846 firmitatem
1157 1778 1314 1846 solidioris

179 1886 241 1953 eibi
264 1888 348 1951 uerte
371 1885 479 1950 rubere
502 1884 691 1966 peruenitur.
731 1883 893 1966 quaelibet
921 1902 993 1968 ergo
1024 1887 1155 1950 duarum
1177 1882 1313 1949 istarum
1323 1908 1350 1948 ιε

179 1988 358 2074 opinionum
381 2007 456 2054 uera
477 1987 531 2063 eit,

412 2229 497 2278 ITEM
519 2228 567 2276 ΑΙ)
589 2229 784 2276 unvemvrr
805 2228 910 2276 mnus
933 2227 1075 2276 CETERA.

90 2354 166 2423 lss3¹³
221 2365 302 2434 illud
342 2367 424 2432 uerte
468 2367 670 2432 menifestum
708 2367 757 2430 est
794 2365 825 2430 et
862 2363 962 2430 cuiuis
1000 2360 1178 2429 aduertenti
1216 2360 1312 2428 facile

178 2472 348 2554 cognitum,
373 2470 453 2552 quod
482 2469 557 2535 luna
586 2487 648 2535 non
677 2471 831 2551 augeatur
854 2467 893 2532 ad
924 2465 1029 2532 oeulos
1058 2469 1179 2532 nostres
1208 2466 1313 2532 nisia

176 2572 242 2639 sele
274 2569 444 2639 recedendo
478 2591 576 2657 neque
608 2571 770 2637 minuetur
797 2568 859 2635 niel
888 2569 928 2635 ed
958 2570 1056 2635 sulem
1079 2588 1115 2636 ex
1136 2570 1224 2652 parte
1247 2569 1349 2637 aliare

176 2668 420 2767 propinquando.
473 2679 474 2684 ’
1036 2722 1040 2729 .

207 2768 356 2844 ‘Attente
379 2795 463 2843 nune
486 2768 567 2861 qued
589 2778 623 2842 in
639 2775 821 2843 Prouerbiis
843 2777 995 2860 legimus:
1019 2776 1180 2860 sapiens
1202 2777 1311 2843 sieut

175 2881 238 2949 sel
270 2885 491 2967 permanet,
524 2881 677 2947 stultus
707 2881 841 2946 autem
870 2883 977 2945 eleut
1002 2880 1098 2944 luna
1118 2882 1311 2950 mutetur.
1339 2959 1342 2966 ¹

176 2987 208 3052 et
231 2986 300 3071 quis
322 2990 370 3052 eet
392 2985 526 3072 sepiens,
557 2987 611 3070 qui
636 2988 807 3071 permanet,
839 2984 899 3051 nisi
930 2984 976 3051 eol
1007 2984 1062 3049 ille
1090 2983 1240 3063 iustitiae,
1272 2985 1311 3050 tle

175 3107 236 3173 quo
258 3090 389 3158 dieitur:
419 3090 531 3156 ortus
555 3090 616 3155 est
637 3088 734 3154 mihi
757 3087 947 3154 institiae
970 3089 1045 3168 sol,
1075 3088 1107 3154 et
1129 3106 1222 3171 quem
1245 3086 1347 3158 sibiae

175 3212 238 3259 nun
272 3194 367 3261 luisse
402 3196 506 3260 ortum
536 3192 568 3259 in
592 3194 641 3259 die
664 3192 836 3259 nouissima
859 3192 1041 3276 plangentes
1068 3190 1161 3274 'impii
1192 3189 1310 3257 dicturi

276 3381 310 3435 22
328 3381 409 3436 Eceli.
428 3380 470 3447 27,
489 3379 520 3434 11
625 3380 660 3433 25
683 3379 747 3435 Mal.
765 3379 827 3446 4,2
861 3378 894 3434 ei
913 3379 974 3448 Sap.
992 3379 1051 3444 5,6

208 3553 242 3606 *l
270 3553 450 3622 prepiuguare
476 3569 493 3607 e
595 3551 612 3606 2
640 3551 702 3606 inde
725 3552 833 3606 omnino
863 3552 903 3607 Te
1005 3551 1022 3606 3
1047 3550 1124 3621 quae]
1147 3566 1240 3620 quae

172 3635 327 3693 iterraT
427 3638 478 3692 illa
495 3638 576 3695 PTer
603 3638 727 3694 illamV
828 3639 900 3708 bet]
919 3653 969 3693 om.
992 3637 1026 3692 T*
1130 3636 1311 3707 Valligeriee

177 3721 204 3776 V
244 3768 247 3775 .
305 3724 322 3779 9
351 3714 460 3778 uieibile
488 3724 515 3779 V
614 3723 648 3778 12
677 3724 761 3779 lucem
790 3722 873 3779 Ple:
903 3723 971 3778 lueis
1002 3723 1029 3778 V
1127 3723 1245 3777 ueritate
1276 3723 1311 3778 T'

173 3809 319 3863 ueritatem
339 3807 374 3862 Ρ
467 3808 730 3879 mente-simplici]
753 3809 787 3864 Ρ
804 3809 837 3865 in
855 3825 912 3865 rue.
1007 3808 1042 3862 14
1059 3807 1196 3863 solidioris
1214 3809 1311 3876 (diorie

172 3910 192 3949 a
208 3897 279 3950 m.2
300 3893 331 3948 in
355 3898 422 3963 rae.)
450 3897 475 3951 T
578 3897 610 3951 15
633 3895 728 3952 rubere
750 3895 777 3951 V
822 3905 826 3910 '
877 3894 1022 3966 quaelibet]
1046 3909 1113 3964 quae
1136 3893 1241 3975 lieete

174 3977 207 4034 16
224 3993 287 4034 uera
310 3979 356 4050 eit]
381 3995 471 4037 om.e
574 3980 608 4035 11
626 3979 692 4036 item
710 3980 886 4052 ed-eetera]
905 3980 1005 4037 om.T
1106 3981 1140 4035 18
1162 3979 1252 4037 euiuie
1274 3983 1313 4036 Vr

172 4114 237 4154 enne
259 4099 286 4154 T
310 4098 460 4169 quilibete
548 4100 705 4157 aduerteudi
727 4103 753 4157 V
841 4102 875 4158 19
892 4075 1012 4173 eoiitum
1032 4106 1061 4169 (n
1080 4118 1099 4156 a
1115 4101 1244 4172 ΜΤ

172 4200 225 4240 uon
243 4201 329 4243 erne
431 4186 496 4258 nisi]
515 4202 600 4245 ome
703 4189 738 4243 26
756 4189 914 4259 plangentes
937 4189 1094 4269 Terlplaue
1112 4187 1140 4242 V
