<?xml version="1.0" encoding="UTF-8"?>
<!DOCTYPE html PUBLIC "-//W3C//DTD XHTML 1.0 Transitional//EN"
    "http://www.w3.org/TR/xhtml1/DTD/xhtml1-transitional.dtd">
<html xmlns="http://www.w3.org/1999/xhtml" xml:lang="en" lang="en">
 <head>
  <title>
</title>
<meta http-equiv="Content-Type" content="text/html;charset=utf-8" />
  <meta name='ocr-system' content='tesseract 3.04.00' />
  <meta name='ocr-capabilities' content='ocr_page ocr_carea ocr_par ocr_line ocrx_word'/>
</head>
<body>
  <div class='ocr_page' id='page_1' title='image "./evgippiiexcerpt00kngoog/evgippiiexcerpt00kngoog_0870.png"; bbox 0 0 2760 4814; ppageno 0'>
   <div class='ocr_carea' id='block_1_1' title="bbox 173 295 1191 367">
    <p class='ocr_par' dir='ltr' id='par_1_1' title="bbox 173 295 1191 367">
     <span class='ocr_line' id='line_1_1' title="bbox 173 295 1191 367; baseline 0.008 -17"><span class='ocrx_word' id='word_1_1' title='bbox 173 296 340 366; x_wconf 71' lang='lat' dir='ltr'><strong>Excerpte</strong></span> <span class='ocrx_word' id='word_1_2' title='bbox 356 313 392 351; x_wconf 88' lang='lat' dir='ltr'><strong>ex</strong></span> <span class='ocrx_word' id='word_1_3' title='bbox 409 312 478 367; x_wconf 90' lang='lat' dir='ltr'><strong>opp.</strong></span> <span class='ocrx_word' id='word_1_4' title='bbox 498 295 525 351; x_wconf 83' lang='lat' dir='ltr'><strong>S.</strong></span> <span class='ocrx_word' id='word_1_5' title='bbox 543 295 733 367; x_wconf 75' lang='lat' dir='ltr'><strong>Augustini</strong></span> <span class='ocrx_word' id='word_1_6' title='bbox 756 297 901 354; x_wconf 81' lang='lat' dir='ltr'><strong>ccnxm.</strong></span> <span class='ocrx_word' id='word_1_7' title='bbox 919 296 1081 355; x_wconf 80' lang='lat' dir='ltr'><strong>comm.</strong></span> <span class='ocrx_word' id='word_1_8' title='bbox 1128 300 1191 367; x_wconf 83' lang='grc'><strong>847</strong></span> 
     </span>
    </p>
   </div>
   <div class='ocr_carea' id='block_1_2' title="bbox 22 484 1193 1813">
    <p class='ocr_par' dir='ltr' id='par_1_2' title="bbox 59 484 1191 877">
     <span class='ocr_line' id='line_1_2' title="bbox 59 484 1191 572; baseline 0.002 -19"><span class='ocrx_word' id='word_1_9' title='bbox 59 489 94 553; x_wconf 89' lang='lat' dir='ltr'><strong>in</strong></span> <span class='ocrx_word' id='word_1_10' title='bbox 118 484 282 554; x_wconf 82' lang='lat' dir='ltr'><strong>Salomone</strong></span> <span class='ocrx_word' id='word_1_11' title='bbox 304 505 375 572; x_wconf 80' lang='lat' dir='ltr'><strong>rege</strong></span> <span class='ocrx_word' id='word_1_12' title='bbox 398 488 614 563; x_wconf 81' lang='lat' dir='ltr'><strong>ostenduntur,</strong></span> <span class='ocrx_word' id='word_1_13' title='bbox 643 490 735 554; x_wconf 78' lang='lat' dir='ltr'><strong>tante</strong></span> <span class='ocrx_word' id='word_1_14' title='bbox 756 488 794 553; x_wconf 83' lang='lat' dir='ltr'><strong>fit</strong></span> <span class='ocrx_word' id='word_1_15' title='bbox 815 491 927 555; x_wconf 82' lang='lat' dir='ltr'><strong>cuncta</strong></span> <span class='ocrx_word' id='word_1_16' title='bbox 949 488 1089 569; x_wconf 84' lang='lat' dir='ltr'><strong>seientia,</strong></span> <span class='ocrx_word' id='word_1_17' title='bbox 1113 507 1191 572; x_wconf 82' lang='lat' dir='ltr'><strong>quse</strong></span> 
     </span>
     <span class='ocr_line' id='line_1_3' title="bbox 61 589 1191 676; baseline 0.003 -21"><span class='ocrx_word' id='word_1_18' title='bbox 61 589 191 675; x_wconf 86' lang='lat' dir='ltr'><strong>quidem</strong></span> <span class='ocrx_word' id='word_1_19' title='bbox 212 592 260 656; x_wconf 82' lang='lat' dir='ltr'><strong>est</strong></span> <span class='ocrx_word' id='word_1_20' title='bbox 282 589 370 657; x_wconf 86' lang='lat' dir='ltr'><strong>utilis</strong></span> <span class='ocrx_word' id='word_1_21' title='bbox 385 590 517 657; x_wconf 83' lang='lat' dir='ltr'><strong>collecte</strong></span> <span class='ocrx_word' id='word_1_22' title='bbox 531 593 568 657; x_wconf 87' lang='lat' dir='ltr'><strong>ds</strong></span> <span class='ocrx_word' id='word_1_23' title='bbox 582 589 673 656; x_wconf 88' lang='lat' dir='ltr'><strong>libris</strong></span> <span class='ocrx_word' id='word_1_24' title='bbox 688 591 841 675; x_wconf 84' lang='lat' dir='ltr'><strong>gentium,</strong></span> <span class='ocrx_word' id='word_1_25' title='bbox 856 591 886 658; x_wconf 87' lang='lat' dir='ltr'><strong>si</strong></span> <span class='ocrx_word' id='word_1_26' title='bbox 900 590 1079 659; x_wconf 81' lang='lat' dir='ltr'><strong>dinmernm</strong></span> <span class='ocrx_word' id='word_1_27' title='bbox 1093 594 1191 676; x_wconf 86' lang='lat' dir='ltr'><strong>scrip·</strong></span> 
     </span>
     <span class='ocr_line' id='line_1_4' title="bbox 61 693 1191 778; baseline 0 -17"><span class='ocrx_word' id='word_1_28' title='bbox 61 697 206 761; x_wconf 85' lang='lat' dir='ltr'><strong>turerum</strong></span> <span class='ocrx_word' id='word_1_29' title='bbox 228 693 375 760; x_wconf 77' lang='lat' dir='ltr'><strong>scientiae</strong></span> <span class='ocrx_word' id='word_1_30' title='bbox 398 695 607 777; x_wconf 80' lang='lat' dir='ltr'><strong>comparetur.</strong></span> <span class='ocrx_word' id='word_1_31' title='bbox 633 712 707 760; x_wconf 88' lang='lat' dir='ltr'><strong>ncm</strong></span> <span class='ocrx_word' id='word_1_32' title='bbox 727 693 879 778; x_wconf 84' lang='lat' dir='ltr'><strong>quidquid</strong></span> <span class='ocrx_word' id='word_1_33' title='bbox 902 694 994 761; x_wconf 86' lang='lat' dir='ltr'><strong>homo</strong></span> <span class='ocrx_word' id='word_1_34' title='bbox 1009 699 1095 760; x_wconf 82' lang='lat' dir='ltr'><strong>extre</strong></span> <span class='ocrx_word' id='word_1_35' title='bbox 1109 695 1191 761; x_wconf 85' lang='lat' dir='ltr'><strong>didi-</strong></span> 
     </span>
     <span class='ocr_line' id='line_1_5' title="bbox 61 797 1189 877; baseline 0.003 -14"><span class='ocrx_word' id='word_1_36' title='bbox 61 797 153 877; x_wconf 84' lang='lat' dir='ltr'><strong>cerit,</strong></span> <span class='ocrx_word' id='word_1_37' title='bbox 175 798 204 862; x_wconf 87' lang='lat' dir='ltr'><strong>ei</strong></span> <span class='ocrx_word' id='word_1_38' title='bbox 222 798 350 863; x_wconf 85' lang='lat' dir='ltr'><strong>noxium</strong></span> <span class='ocrx_word' id='word_1_39' title='bbox 367 800 425 876; x_wconf 87' lang='lat' dir='ltr'><strong>eet,</strong></span> <span class='ocrx_word' id='word_1_40' title='bbox 448 798 493 863; x_wconf 90' lang='lat' dir='ltr'><strong>ibi</strong></span> <span class='ocrx_word' id='word_1_41' title='bbox 516 801 698 875; x_wconf 69' lang='lat' dir='ltr'><strong>demnatum</strong></span> <span class='ocrx_word' id='word_1_42' title='bbox 721 797 749 864; x_wconf 90' lang='lat' dir='ltr'><strong>si</strong></span> <span class='ocrx_word' id='word_1_43' title='bbox 771 797 850 863; x_wconf 90' lang='lat' dir='ltr'><strong>utile</strong></span> <span class='ocrx_word' id='word_1_44' title='bbox 873 802 931 877; x_wconf 76' lang='lat' dir='ltr'><strong>est,</strong></span> <span class='ocrx_word' id='word_1_45' title='bbox 954 798 998 864; x_wconf 93' lang='lat' dir='ltr'><strong>ibi</strong></span> <span class='ocrx_word' id='word_1_46' title='bbox 1021 798 1189 866; x_wconf 86' lang='lat' dir='ltr'><strong>inuenitur.</strong></span> 
     </span>
    </p>

    <p class='ocr_par' dir='ltr' id='par_1_3' title="bbox 34 899 1191 1400">
     <span class='ocr_line' id='line_1_6' title="bbox 34 899 1190 984; baseline 0.004 -21"><span class='ocrx_word' id='word_1_47' title='bbox 34 903 95 965; x_wconf 82' lang='lat' dir='ltr'><strong>set</strong></span> <span class='ocrx_word' id='word_1_48' title='bbox 124 917 195 964; x_wconf 91' lang='lat' dir='ltr'><strong>cum</strong></span> <span class='ocrx_word' id='word_1_49' title='bbox 223 899 269 965; x_wconf 90' lang='lat' dir='ltr'><strong>ibi</strong></span> <span class='ocrx_word' id='word_1_50' title='bbox 292 901 423 984; x_wconf 86' lang='lat' dir='ltr'><strong>quisque</strong></span> <span class='ocrx_word' id='word_1_51' title='bbox 445 901 601 966; x_wconf 89' lang='lat' dir='ltr'><strong>inuenerit</strong></span> <span class='ocrx_word' id='word_1_52' title='bbox 624 901 738 980; x_wconf 83' lang='lat' dir='ltr'><strong>omniu,</strong></span> <span class='ocrx_word' id='word_1_53' title='bbox 762 919 842 983; x_wconf 85' lang='lat' dir='ltr'><strong>quse</strong></span> <span class='ocrx_word' id='word_1_54' title='bbox 864 901 986 967; x_wconf 86' lang='lat' dir='ltr'><strong>utiliter</strong></span> <span class='ocrx_word' id='word_1_55' title='bbox 1009 900 1087 967; x_wconf 75' lang='lat' dir='ltr'><strong>tlibi</strong></span> <span class='ocrx_word' id='word_1_56' title='bbox 1110 901 1190 968; x_wconf 86' lang='lat' dir='ltr'><strong>didi-</strong></span> 
     </span>
     <span class='ocr_line' id='line_1_7' title="bbox 60 1003 1191 1088; baseline 0.002 -20"><span class='ocrx_word' id='word_1_57' title='bbox 60 1003 150 1079; x_wconf 90' lang='lat' dir='ltr'><strong>cerit,</strong></span> <span class='ocrx_word' id='word_1_58' title='bbox 173 1003 274 1068; x_wconf 88' lang='lat' dir='ltr'><strong>multu</strong></span> <span class='ocrx_word' id='word_1_59' title='bbox 290 1003 501 1069; x_wconf 81' lang='lat' dir='ltr'><strong>abundantius</strong></span> <span class='ocrx_word' id='word_1_60' title='bbox 523 1004 568 1069; x_wconf 92' lang='lat' dir='ltr'><strong>ibi</strong></span> <span class='ocrx_word' id='word_1_61' title='bbox 590 1003 729 1070; x_wconf 85' lang='lat' dir='ltr'><strong>inueniet</strong></span> <span class='ocrx_word' id='word_1_62' title='bbox 752 1021 788 1068; x_wconf 85' lang='lat' dir='ltr'><strong>ee</strong></span> <span class='ocrx_word' id='word_1_63' title='bbox 802 1023 881 1088; x_wconf 84' lang='lat' dir='ltr'><strong>quee</strong></span> <span class='ocrx_word' id='word_1_64' title='bbox 896 1022 1050 1086; x_wconf 76' lang='lat' dir='ltr'><strong>nusquam</strong></span> <span class='ocrx_word' id='word_1_65' title='bbox 1066 1006 1191 1070; x_wconf 88' lang='lat' dir='ltr'><strong>omnino</strong></span> 
     </span>
     <span class='ocr_line' id='line_1_8' title="bbox 59 1106 1190 1191; baseline 0 -18"><span class='ocrx_word' id='word_1_66' title='bbox 59 1106 150 1185; x_wconf 78' lang='lat' dir='ltr'><strong>tlibi,</strong></span> <span class='ocrx_word' id='word_1_67' title='bbox 179 1109 233 1173; x_wconf 86' lang='lat' dir='ltr'><strong>sed</strong></span> <span class='ocrx_word' id='word_1_68' title='bbox 258 1109 292 1173; x_wconf 94' lang='lat' dir='ltr'><strong>in</strong></span> <span class='ocrx_word' id='word_1_69' title='bbox 315 1108 442 1174; x_wconf 83' lang='lat' dir='ltr'><strong>illerum</strong></span> <span class='ocrx_word' id='word_1_70' title='bbox 465 1109 684 1174; x_wconf 78' lang='lat' dir='ltr'><strong>tantummodo</strong></span> <span class='ocrx_word' id='word_1_71' title='bbox 706 1107 934 1191; x_wconf 79' lang='lat' dir='ltr'><strong>scripturarum</strong></span> <span class='ocrx_word' id='word_1_72' title='bbox 956 1106 1096 1174; x_wconf 75' lang='lat' dir='ltr'><strong>mirabili</strong></span> <span class='ocrx_word' id='word_1_73' title='bbox 1117 1108 1190 1173; x_wconf 85' lang='lat' dir='ltr'><strong>elti-</strong></span> 
     </span>
     <span class='ocr_line' id='line_1_9' title="bbox 59 1209 1191 1297; baseline 0.002 -22"><span class='ocrx_word' id='word_1_74' title='bbox 59 1211 173 1277; x_wconf 81' lang='lat' dir='ltr'><strong>tuume</strong></span> <span class='ocrx_word' id='word_1_75' title='bbox 200 1214 231 1276; x_wconf 89' lang='lat' dir='ltr'><strong>et</strong></span> <span class='ocrx_word' id='word_1_76' title='bbox 253 1209 394 1277; x_wconf 81' lang='lat' dir='ltr'><strong>mirabili</strong></span> <span class='ocrx_word' id='word_1_77' title='bbox 416 1212 595 1277; x_wconf 85' lang='lat' dir='ltr'><strong>humilitate</strong></span> <span class='ocrx_word' id='word_1_78' title='bbox 617 1211 790 1277; x_wconf 87' lang='lat' dir='ltr'><strong>discuntur.</strong></span> <span class='ocrx_word' id='word_1_79' title='bbox 827 1211 886 1278; x_wconf 82' lang='lat' dir='ltr'><strong>hec</strong></span> <span class='ocrx_word' id='word_1_80' title='bbox 907 1210 1005 1297; x_wconf 81' lang='lat' dir='ltr'><strong>igitur</strong></span> <span class='ocrx_word' id='word_1_81' title='bbox 1027 1210 1191 1277; x_wconf 82' lang='lat' dir='ltr'><strong>instructi·</strong></span> 
     </span>
     <span class='ocr_line' id='line_1_10' title="bbox 60 1314 1190 1400; baseline 0.001 -21"><span class='ocrx_word' id='word_1_82' title='bbox 60 1332 122 1379; x_wconf 90' lang='lat' dir='ltr'><strong>one</strong></span> <span class='ocrx_word' id='word_1_83' title='bbox 142 1316 319 1397; x_wconf 77' lang='lat' dir='ltr'><strong>praeditum</strong></span> <span class='ocrx_word' id='word_1_84' title='bbox 341 1333 415 1380; x_wconf 91' lang='lat' dir='ltr'><strong>cum</strong></span> <span class='ocrx_word' id='word_1_85' title='bbox 436 1315 528 1400; x_wconf 83' lang='lat' dir='ltr'><strong>signu</strong></span> <span class='ocrx_word' id='word_1_86' title='bbox 549 1314 708 1400; x_wconf 80' lang='lat' dir='ltr'><strong>incognite</strong></span> <span class='ocrx_word' id='word_1_87' title='bbox 730 1316 878 1381; x_wconf 87' lang='lat' dir='ltr'><strong>lectorem</strong></span> <span class='ocrx_word' id='word_1_88' title='bbox 899 1333 961 1380; x_wconf 89' lang='lat' dir='ltr'><strong>uon</strong></span> <span class='ocrx_word' id='word_1_89' title='bbox 983 1314 1190 1398; x_wconf 85' lang='lat' dir='ltr'><strong>impedierint,</strong></span> 
     </span>
    </p>

    <p class='ocr_par' dir='ltr' id='par_1_4' title="bbox 22 1416 1193 1813">
     <span class='ocr_line' id='line_1_11' title="bbox 22 1416 1190 1504; baseline 0.003 -23"><span class='ocrx_word' id='word_1_90' title='bbox 22 1438 51 1481; x_wconf 84' lang='lat' dir='ltr'><strong>m</strong></span> <span class='ocrx_word' id='word_1_91' title='bbox 60 1418 175 1484; x_wconf 86' lang='lat' dir='ltr'><strong>mitem</strong></span> <span class='ocrx_word' id='word_1_92' title='bbox 205 1420 236 1484; x_wconf 85' lang='lat' dir='ltr'><strong>et</strong></span> <span class='ocrx_word' id='word_1_93' title='bbox 257 1418 411 1485; x_wconf 88' lang='lat' dir='ltr'><strong>humilem</strong></span> <span class='ocrx_word' id='word_1_94' title='bbox 432 1420 532 1500; x_wconf 83' lang='lat' dir='ltr'><strong>corde,</strong></span> <span class='ocrx_word' id='word_1_95' title='bbox 555 1420 760 1504; x_wconf 78' lang='lat' dir='ltr'><strong>subiugatum</strong></span> <span class='ocrx_word' id='word_1_96' title='bbox 782 1420 894 1486; x_wconf 86' lang='lat' dir='ltr'><strong>leniter</strong></span> <span class='ocrx_word' id='word_1_97' title='bbox 916 1416 1046 1485; x_wconf 78' lang='lat' dir='ltr'><strong>Christe</strong></span> <span class='ocrx_word' id='word_1_98' title='bbox 1062 1418 1094 1482; x_wconf 91' lang='lat' dir='ltr'><strong>et</strong></span> <span class='ocrx_word' id='word_1_99' title='bbox 1114 1437 1190 1485; x_wconf 89' lang='lat' dir='ltr'><strong>ene-</strong></span> 
     </span>
     <span class='ocr_line' id='line_1_12' title="bbox 59 1522 1192 1602; baseline 0 -15"><span class='ocrx_word' id='word_1_100' title='bbox 59 1525 169 1587; x_wconf 80' lang='lat' dir='ltr'><strong>ratum</strong></span> <span class='ocrx_word' id='word_1_101' title='bbox 196 1522 315 1588; x_wconf 80' lang='lat' dir='ltr'><strong>sarcina</strong></span> <span class='ocrx_word' id='word_1_102' title='bbox 338 1523 411 1602; x_wconf 86' lang='lat' dir='ltr'><strong>leui,</strong></span> <span class='ocrx_word' id='word_1_103' title='bbox 441 1522 608 1589; x_wconf 78' lang='lat' dir='ltr'><strong>fundatum</strong></span> <span class='ocrx_word' id='word_1_104' title='bbox 631 1527 664 1589; x_wconf 89' lang='lat' dir='ltr'><strong>et</strong></span> <span class='ocrx_word' id='word_1_105' title='bbox 685 1523 863 1590; x_wconf 78' lang='lat' dir='ltr'><strong>radicatum</strong></span> <span class='ocrx_word' id='word_1_106' title='bbox 886 1528 919 1588; x_wconf 84' lang='lat' dir='ltr'><strong>et</strong></span> <span class='ocrx_word' id='word_1_107' title='bbox 940 1522 1135 1589; x_wconf 80' lang='lat' dir='ltr'><strong>aedificatum</strong></span> <span class='ocrx_word' id='word_1_108' title='bbox 1158 1522 1192 1587; x_wconf 93' lang='lat' dir='ltr'><strong>in</strong></span> 
     </span>
     <span class='ocr_line' id='line_1_13' title="bbox 60 1625 1193 1711; baseline 0 -20"><span class='ocrx_word' id='word_1_109' title='bbox 60 1625 203 1711; x_wconf 63' lang='lat' dir='ltr'><strong>curiute,</strong></span> <span class='ocrx_word' id='word_1_110' title='bbox 231 1645 325 1709; x_wconf 84' lang='lat' dir='ltr'><strong>quem</strong></span> <span class='ocrx_word' id='word_1_111' title='bbox 346 1627 477 1692; x_wconf 85' lang='lat' dir='ltr'><strong>scientia</strong></span> <span class='ocrx_word' id='word_1_112' title='bbox 498 1626 608 1693; x_wconf 82' lang='lat' dir='ltr'><strong>inflare</strong></span> <span class='ocrx_word' id='word_1_113' title='bbox 630 1646 692 1692; x_wconf 87' lang='lat' dir='ltr'><strong>nen</strong></span> <span class='ocrx_word' id='word_1_114' title='bbox 713 1628 821 1710; x_wconf 81' lang='lat' dir='ltr'><strong>possit,</strong></span> <span class='ocrx_word' id='word_1_115' title='bbox 849 1627 977 1693; x_wconf 82' lang='lat' dir='ltr'><strong>accedet</strong></span> <span class='ocrx_word' id='word_1_116' title='bbox 991 1628 1031 1692; x_wconf 85' lang='lat' dir='ltr'><strong>ed</strong></span> <span class='ocrx_word' id='word_1_117' title='bbox 1045 1625 1193 1711; x_wconf 81' lang='lat' dir='ltr'><strong>ambigua</strong></span> 
     </span>
     <span class='ocr_line' id='line_1_14' title="bbox 59 1727 917 1813; baseline 0.001 -18"><span class='ocrx_word' id='word_1_118' title='bbox 59 1727 152 1811; x_wconf 77' lang='lat' dir='ltr'><strong>signu</strong></span> <span class='ocrx_word' id='word_1_119' title='bbox 174 1728 208 1796; x_wconf 93' lang='lat' dir='ltr'><strong>in</strong></span> <span class='ocrx_word' id='word_1_120' title='bbox 230 1730 395 1813; x_wconf 88' lang='lat' dir='ltr'><strong>scripturis</strong></span> <span class='ocrx_word' id='word_1_121' title='bbox 416 1729 639 1810; x_wconf 74' lang='lat' dir='ltr'><strong>consideranda</strong></span> <span class='ocrx_word' id='word_1_122' title='bbox 661 1734 692 1796; x_wconf 88' lang='lat' dir='ltr'><strong>ct</strong></span> <span class='ocrx_word' id='word_1_123' title='bbox 714 1729 917 1796; x_wconf 71' lang='lat' dir='ltr'><strong>discutiendus</strong></span> 
     </span>
    </p>
   </div>
   <div class='ocr_carea' id='block_1_3' title="bbox 525 2018 730 2105">
    <p class='ocr_par' dir='ltr' id='par_1_5' title="bbox 525 2018 730 2105">
     <span class='ocr_line' id='line_1_15' title="bbox 525 2018 730 2105; baseline -0.01 0"><span class='ocrx_word' id='word_1_124' title='bbox 525 2018 730 2105; x_wconf 79' lang='lat' dir='ltr'>GOLXHII.</span> 
     </span>
    </p>
   </div>
   <div class='ocr_carea' id='block_1_4' title="bbox 25 2207 1195 2568">
    <p class='ocr_par' dir='ltr' id='par_1_6' title="bbox 25 2207 1194 2260">
     <span class='ocr_line' id='line_1_16' title="bbox 25 2207 1194 2260; baseline -0.004 0"><span class='ocrx_word' id='word_1_125' title='bbox 25 2211 109 2260; x_wconf 65' lang='lat' dir='ltr'>151)ss</span> <span class='ocrx_word' id='word_1_126' title='bbox 143 2209 254 2259; x_wconf 72' lang='lat' dir='ltr'><strong>smnus</strong></span> <span class='ocrx_word' id='word_1_127' title='bbox 282 2208 448 2259; x_wconf 78' lang='lat' dir='ltr'>AIIBIGVIS</span> <span class='ocrx_word' id='word_1_128' title='bbox 478 2210 521 2257; x_wconf 82' lang='grc' dir='ltr'><strong>ΕΤ</strong></span> <span class='ocrx_word' id='word_1_129' title='bbox 550 2208 848 2258; x_wconf 73' lang='lat' dir='ltr'><strong>nls&#39;rmc&#39;rlonmvs</strong></span> <span class='ocrx_word' id='word_1_130' title='bbox 879 2208 1033 2256; x_wconf 74' lang='lat' dir='ltr'><strong>smum</strong></span> <span class='ocrx_word' id='word_1_131' title='bbox 1065 2207 1194 2256; x_wconf 72' lang='lat' dir='ltr'><strong>unum</strong></span> 
     </span>
    </p>

    <p class='ocr_par' dir='ltr' id='par_1_7' title="bbox 59 2310 1195 2381">
     <span class='ocr_line' id='line_1_17' title="bbox 59 2310 1195 2381; baseline -0.003 -20"><span class='ocrx_word' id='word_1_132' title='bbox 59 2312 184 2381; x_wconf 75' lang='lat' dir='ltr'><strong>rom,</strong></span> <span class='ocrx_word' id='word_1_133' title='bbox 221 2313 395 2373; x_wconf 71' lang='lat' dir='ltr'><strong>Qvtnmen</strong></span> <span class='ocrx_word' id='word_1_134' title='bbox 431 2314 703 2363; x_wconf 73' lang='lat' dir='ltr'><strong>Dls&#39;rnsevnu‘vlc:</strong></span> <span class='ocrx_word' id='word_1_135' title='bbox 745 2313 790 2360; x_wconf 79' lang='lat' dir='ltr'><strong>III</strong></span> <span class='ocrx_word' id='word_1_136' title='bbox 826 2311 1051 2361; x_wconf 78' lang='lat' dir='ltr'>PRINCIPIO</span> <span class='ocrx_word' id='word_1_137' title='bbox 1087 2310 1195 2359; x_wconf 72' lang='lat' dir='ltr'><strong>nnn*</strong></span> 
     </span>
    </p>

    <p class='ocr_par' dir='ltr' id='par_1_8' title="bbox 60 2414 1194 2568">
     <span class='ocr_line' id='line_1_18' title="bbox 60 2414 1194 2480; baseline -0.002 -15"><span class='ocrx_word' id='word_1_138' title='bbox 60 2416 253 2480; x_wconf 72' lang='lat' dir='ltr'><strong>vnnnvn,</strong></span> <span class='ocrx_word' id='word_1_139' title='bbox 287 2417 345 2465; x_wconf 75' lang='lat' dir='ltr'><strong>m:</strong></span> <span class='ocrx_word' id='word_1_140' title='bbox 380 2417 483 2477; x_wconf 83' lang='lat' dir='ltr'>QVID</span> <span class='ocrx_word' id='word_1_141' title='bbox 517 2416 679 2465; x_wconf 81' lang='lat' dir='ltr'>ELIGAII</span> <span class='ocrx_word' id='word_1_142' title='bbox 710 2415 887 2464; x_wconf 69' lang='lat' dir='ltr'><strong>mono.</strong></span> <span class='ocrx_word' id='word_1_143' title='bbox 932 2416 979 2463; x_wconf 84' lang='lat' dir='ltr'><strong>EX</strong></span> <span class='ocrx_word' id='word_1_144' title='bbox 1012 2414 1115 2463; x_wconf 82' lang='lat' dir='ltr'>LIBRO</span> <span class='ocrx_word' id='word_1_145' title='bbox 1147 2414 1194 2463; x_wconf 79' lang='lat' dir='ltr'><strong>DE</strong></span> 
     </span>
     <span class='ocr_line' id='line_1_19' title="bbox 388 2518 869 2568; baseline -0.002 0"><span class='ocrx_word' id='word_1_146' title='bbox 388 2519 564 2568; x_wconf 70' lang='lat' dir='ltr'><strong>nocnnmn</strong></span> <span class='ocrx_word' id='word_1_147' title='bbox 586 2518 793 2567; x_wconf 69' lang='lat' dir='ltr'><strong>(tumemus</strong></span> <span class='ocrx_word' id='word_1_148' title='bbox 818 2520 869 2567; x_wconf 88' lang='lat' dir='ltr'><strong>m.</strong></span> 
     </span>
    </p>
   </div>
   <div class='ocr_carea' id='block_1_5' title="bbox 26 2653 1266 3669">
    <p class='ocr_par' dir='ltr' id='par_1_9' title="bbox 26 2653 1266 2946">
     <span class='ocr_line' id='line_1_20' title="bbox 105 2653 1266 2742; baseline 0.003 -22"><span class='ocrx_word' id='word_1_149' title='bbox 105 2654 169 2737; x_wconf 82' lang='lat' dir='ltr'><strong>Qui</strong></span> <span class='ocrx_word' id='word_1_150' title='bbox 189 2673 225 2721; x_wconf 90' lang='lat' dir='ltr'><strong>ec</strong></span> <span class='ocrx_word' id='word_1_151' title='bbox 247 2656 315 2722; x_wconf 87' lang='lat' dir='ltr'><strong>loce</strong></span> <span class='ocrx_word' id='word_1_152' title='bbox 337 2657 436 2722; x_wconf 87' lang='lat' dir='ltr'><strong>enimi</strong></span> <span class='ocrx_word' id='word_1_153' title='bbox 459 2661 516 2737; x_wconf 85' lang='lat' dir='ltr'><strong>eet,</strong></span> <span class='ocrx_word' id='word_1_154' title='bbox 539 2660 577 2722; x_wconf 81' lang='lat' dir='ltr'><strong>ut</strong></span> <span class='ocrx_word' id='word_1_155' title='bbox 597 2677 653 2742; x_wconf 92' lang='lat' dir='ltr'><strong>per</strong></span> <span class='ocrx_word' id='word_1_156' title='bbox 671 2674 727 2722; x_wconf 88' lang='lat' dir='ltr'><strong>nce</strong></span> <span class='ocrx_word' id='word_1_157' title='bbox 742 2655 856 2721; x_wconf 86' lang='lat' dir='ltr'><strong>instrui</strong></span> <span class='ocrx_word' id='word_1_158' title='bbox 872 2655 985 2735; x_wconf 80' lang='lat' dir='ltr'><strong>ualeat,</strong></span> <span class='ocrx_word' id='word_1_159' title='bbox 1000 2653 1079 2719; x_wconf 83' lang='lat' dir='ltr'><strong>sciet</strong></span> <span class='ocrx_word' id='word_1_160' title='bbox 1093 2653 1192 2720; x_wconf 79' lang='lat' dir='ltr'><strong>ambi·</strong></span> <span class='ocrx_word' id='word_1_161' title='bbox 1202 2655 1266 2722; x_wconf 82' lang='lat'><strong>289</strong></span> 
     </span>
     <span class='ocr_line' id='line_1_21' title="bbox 26 2756 1192 2845; baseline 0.002 -24"><span class='ocrx_word' id='word_1_162' title='bbox 26 2780 53 2821; x_wconf 77' lang='lat' dir='ltr'><strong>ec</strong></span> <span class='ocrx_word' id='word_1_163' title='bbox 62 2759 220 2845; x_wconf 80' lang='lat' dir='ltr'><strong>guitctem</strong></span> <span class='ocrx_word' id='word_1_164' title='bbox 233 2759 405 2843; x_wconf 77' lang='lat' dir='ltr'><strong>scripturae</strong></span> <span class='ocrx_word' id='word_1_165' title='bbox 421 2763 477 2825; x_wconf 85' lang='lat' dir='ltr'><strong>eut</strong></span> <span class='ocrx_word' id='word_1_166' title='bbox 491 2760 525 2824; x_wconf 93' lang='lat' dir='ltr'><strong>in</strong></span> <span class='ocrx_word' id='word_1_167' title='bbox 540 2759 644 2826; x_wconf 86' lang='lat' dir='ltr'><strong>uerbis</strong></span> <span class='ocrx_word' id='word_1_168' title='bbox 659 2758 793 2843; x_wconf 88' lang='lat' dir='ltr'><strong>propriis</strong></span> <span class='ocrx_word' id='word_1_169' title='bbox 808 2778 873 2824; x_wconf 87' lang='lat' dir='ltr'><strong>esse</strong></span> <span class='ocrx_word' id='word_1_170' title='bbox 893 2758 950 2824; x_wconf 84' lang='lat' dir='ltr'><strong>eut</strong></span> <span class='ocrx_word' id='word_1_171' title='bbox 968 2756 1002 2823; x_wconf 94' lang='lat' dir='ltr'><strong>in</strong></span> <span class='ocrx_word' id='word_1_172' title='bbox 1017 2756 1192 2835; x_wconf 69' lang='lat' dir='ltr'><strong>trenelstin</strong></span> 
     </span>
     <span class='ocr_line' id='line_1_22' title="bbox 63 2862 908 2946; baseline -0.002 -18"><span class='ocrx_word' id='word_1_173' title='bbox 63 2879 144 2945; x_wconf 82' lang='lat' dir='ltr'><strong>quse</strong></span> <span class='ocrx_word' id='word_1_174' title='bbox 166 2879 280 2946; x_wconf 83' lang='lat' dir='ltr'><strong>genere</strong></span> <span class='ocrx_word' id='word_1_175' title='bbox 301 2865 335 2928; x_wconf 90' lang='lat' dir='ltr'><strong>in</strong></span> <span class='ocrx_word' id='word_1_176' title='bbox 357 2864 490 2929; x_wconf 86' lang='lat' dir='ltr'><strong>secundo</strong></span> <span class='ocrx_word' id='word_1_177' title='bbox 512 2862 593 2927; x_wconf 89' lang='lat' dir='ltr'><strong>libro</strong></span> <span class='ocrx_word' id='word_1_178' title='bbox 615 2862 908 2929; x_wconf 76' lang='lat' dir='ltr'><strong>demonstrauimus.</strong></span> 
     </span>
    </p>

    <p class='ocr_par' dir='ltr' id='par_1_10' title="bbox 62 2960 1196 3256">
     <span class='ocr_line' id='line_1_23' title="bbox 106 2960 1195 3050; baseline -0.003 -20"><span class='ocrx_word' id='word_1_179' title='bbox 106 2962 170 3030; x_wconf 81' lang='lat' dir='ltr'><strong>Set</strong></span> <span class='ocrx_word' id='word_1_180' title='bbox 191 2983 264 3031; x_wconf 90' lang='lat' dir='ltr'><strong>eum</strong></span> <span class='ocrx_word' id='word_1_181' title='bbox 286 2965 384 3032; x_wconf 77' lang='lat' dir='ltr'><strong>uerba</strong></span> <span class='ocrx_word' id='word_1_182' title='bbox 406 2966 532 3050; x_wconf 80' lang='lat' dir='ltr'><strong>prcprtc</strong></span> <span class='ocrx_word' id='word_1_183' title='bbox 553 2966 673 3031; x_wconf 82' lang='lat' dir='ltr'><strong>fuciunt</strong></span> <span class='ocrx_word' id='word_1_184' title='bbox 687 2964 868 3047; x_wconf 78' lang='lat' dir='ltr'><strong>ambiguum</strong></span> <span class='ocrx_word' id='word_1_185' title='bbox 882 2962 1078 3045; x_wconf 82' lang='lat' dir='ltr'><strong>scripturum,</strong></span> <span class='ocrx_word' id='word_1_186' title='bbox 1093 2960 1195 3045; x_wconf 87' lang='lat' dir='ltr'><strong>prime</strong></span> 
     </span>
     <span class='ocr_line' id='line_1_24' title="bbox 62 3064 1194 3148; baseline -0.004 -14"><span class='ocrx_word' id='word_1_187' title='bbox 62 3067 238 3134; x_wconf 82' lang='lat' dir='ltr'><strong>uidendum</strong></span> <span class='ocrx_word' id='word_1_188' title='bbox 259 3070 317 3148; x_wconf 85' lang='lat' dir='ltr'><strong>eet,</strong></span> <span class='ocrx_word' id='word_1_189' title='bbox 346 3087 387 3134; x_wconf 92' lang='lat' dir='ltr'><strong>ne</strong></span> <span class='ocrx_word' id='word_1_190' title='bbox 415 3068 500 3134; x_wconf 80' lang='lat' dir='ltr'><strong>mele</strong></span> <span class='ocrx_word' id='word_1_191' title='bbox 529 3067 764 3135; x_wconf 77' lang='lat' dir='ltr'><strong>distinxerimus</strong></span> <span class='ocrx_word' id='word_1_192' title='bbox 793 3067 849 3132; x_wconf 82' lang='lat' dir='ltr'><strong>eut</strong></span> <span class='ocrx_word' id='word_1_193' title='bbox 876 3064 1194 3148; x_wconf 79' lang='lat' dir='ltr'><strong>pronuntiauerimue.</strong></span> 
     </span>
     <span class='ocr_line' id='line_1_25' title="bbox 63 3167 1196 3256; baseline -0.004 -18"><span class='ocrx_word' id='word_1_194' title='bbox 63 3190 138 3238; x_wconf 91' lang='lat' dir='ltr'><strong>cum</strong></span> <span class='ocrx_word' id='word_1_195' title='bbox 160 3190 234 3256; x_wconf 79' lang='lat' dir='ltr'><strong>ergo</strong></span> <span class='ocrx_word' id='word_1_196' title='bbox 254 3173 397 3239; x_wconf 73' lang='lat' dir='ltr'><strong>adhibite</strong></span> <span class='ocrx_word' id='word_1_197' title='bbox 417 3171 553 3239; x_wconf 83' lang='lat' dir='ltr'><strong>intentio</strong></span> <span class='ocrx_word' id='word_1_198' title='bbox 575 3171 730 3238; x_wconf 83' lang='lat' dir='ltr'><strong>incertum</strong></span> <span class='ocrx_word' id='word_1_199' title='bbox 752 3188 819 3236; x_wconf 89' lang='lat' dir='ltr'><strong>esse</strong></span> <span class='ocrx_word' id='word_1_200' title='bbox 839 3168 1021 3253; x_wconf 70' lang='lat' dir='ltr'><strong>peremerit,</strong></span> <span class='ocrx_word' id='word_1_201' title='bbox 1043 3167 1196 3251; x_wconf 86' lang='lat' dir='ltr'><strong>quomodo</strong></span> 
     </span>
    </p>

    <p class='ocr_par' dir='ltr' id='par_1_11' title="bbox 28 3273 1196 3669">
     <span class='ocr_line' id='line_1_26' title="bbox 28 3273 1195 3359; baseline -0.005 -16"><span class='ocrx_word' id='word_1_202' title='bbox 28 3273 324 3359; x_wconf 71' lang='lat' dir='ltr'><strong>stittinguendnm</strong></span> <span class='ocrx_word' id='word_1_203' title='bbox 345 3276 402 3341; x_wconf 86' lang='lat' dir='ltr'><strong>eut</strong></span> <span class='ocrx_word' id='word_1_204' title='bbox 423 3274 575 3359; x_wconf 88' lang='lat' dir='ltr'><strong>quomodo</strong></span> <span class='ocrx_word' id='word_1_205' title='bbox 590 3273 858 3358; x_wconf 74' lang='lat' dir='ltr'><strong>pronuntiandum</strong></span> <span class='ocrx_word' id='word_1_206' title='bbox 873 3273 926 3352; x_wconf 81' lang='lat' dir='ltr'><strong>sit,</strong></span> <span class='ocrx_word' id='word_1_207' title='bbox 948 3273 1087 3338; x_wconf 79' lang='lat' dir='ltr'><strong>consulet</strong></span> <span class='ocrx_word' id='word_1_208' title='bbox 1101 3290 1195 3359; x_wconf 77' lang='lat' dir='ltr'><strong>regu·</strong></span> 
     </span>
     <span class='ocr_line' id='line_1_27' title="bbox 63 3374 1195 3462; baseline -0.004 -17"><span class='ocrx_word' id='word_1_209' title='bbox 63 3378 130 3445; x_wconf 74' lang='lat' dir='ltr'><strong>lem</strong></span> <span class='ocrx_word' id='word_1_210' title='bbox 152 3376 234 3461; x_wconf 84' lang='lat' dir='ltr'><strong>fidei,</strong></span> <span class='ocrx_word' id='word_1_211' title='bbox 257 3396 351 3461; x_wconf 83' lang='lat' dir='ltr'><strong>quem</strong></span> <span class='ocrx_word' id='word_1_212' title='bbox 374 3379 413 3443; x_wconf 90' lang='lat' dir='ltr'><strong>de</strong></span> <span class='ocrx_word' id='word_1_213' title='bbox 436 3378 663 3462; x_wconf 75' lang='lat' dir='ltr'><strong>scripturarum</strong></span> <span class='ocrx_word' id='word_1_214' title='bbox 686 3376 878 3460; x_wconf 77' lang='lat' dir='ltr'><strong>plenioribus</strong></span> <span class='ocrx_word' id='word_1_215' title='bbox 901 3375 979 3443; x_wconf 86' lang='lat' dir='ltr'><strong>locis</strong></span> <span class='ocrx_word' id='word_1_216' title='bbox 1001 3377 1033 3442; x_wconf 86' lang='lat' dir='ltr'><strong>et</strong></span> <span class='ocrx_word' id='word_1_217' title='bbox 1048 3374 1195 3441; x_wconf 78' lang='lat' dir='ltr'><strong>eeclesiae</strong></span> 
     </span>
     <span class='ocr_line' id='line_1_28' title="bbox 64 3478 1196 3566; baseline -0.004 -20"><span class='ocrx_word' id='word_1_218' title='bbox 64 3480 256 3547; x_wconf 74' lang='lat' dir='ltr'><strong>auctoritate</strong></span> <span class='ocrx_word' id='word_1_219' title='bbox 284 3481 433 3566; x_wconf 87' lang='lat' dir='ltr'><strong>percepit,</strong></span> <span class='ocrx_word' id='word_1_220' title='bbox 463 3482 501 3546; x_wconf 85' lang='lat' dir='ltr'><strong>de</strong></span> <span class='ocrx_word' id='word_1_221' title='bbox 529 3480 694 3565; x_wconf 78' lang='lat' dir='ltr'><strong>queuntis</strong></span> <span class='ocrx_word' id='word_1_222' title='bbox 723 3481 854 3565; x_wconf 80' lang='lat' dir='ltr'><strong>egimus,</strong></span> <span class='ocrx_word' id='word_1_223' title='bbox 884 3497 954 3546; x_wconf 90' lang='lat' dir='ltr'><strong>cnm</strong></span> <span class='ocrx_word' id='word_1_224' title='bbox 982 3480 1020 3544; x_wconf 85' lang='lat' dir='ltr'><strong>de</strong></span> <span class='ocrx_word' id='word_1_225' title='bbox 1047 3479 1140 3545; x_wconf 85' lang='lat' dir='ltr'><strong>rebus</strong></span> <span class='ocrx_word' id='word_1_226' title='bbox 1161 3478 1196 3544; x_wconf 91' lang='lat' dir='ltr'><strong>in</strong></span> 
     </span>
     <span class='ocr_line' id='line_1_29' title="bbox 64 3582 1196 3669; baseline -0.002 -21"><span class='ocrx_word' id='word_1_227' title='bbox 64 3583 147 3649; x_wconf 88' lang='lat' dir='ltr'><strong>libro</strong></span> <span class='ocrx_word' id='word_1_228' title='bbox 176 3584 277 3667; x_wconf 79' lang='lat' dir='ltr'><strong>prImc</strong></span> <span class='ocrx_word' id='word_1_229' title='bbox 305 3584 511 3669; x_wconf 87' lang='lat' dir='ltr'><strong>loqueremm.</strong></span> <span class='ocrx_word' id='word_1_230' title='bbox 556 3585 637 3668; x_wconf 89' lang='lat' dir='ltr'><strong>qnod</strong></span> <span class='ocrx_word' id='word_1_231' title='bbox 658 3585 686 3650; x_wconf 90' lang='lat' dir='ltr'><strong>ei</strong></span> <span class='ocrx_word' id='word_1_232' title='bbox 707 3585 817 3650; x_wconf 81' lang='lat' dir='ltr'><strong>ambae</strong></span> <span class='ocrx_word' id='word_1_233' title='bbox 839 3584 890 3649; x_wconf 88' lang='lat' dir='ltr'><strong>uel</strong></span> <span class='ocrx_word' id='word_1_234' title='bbox 912 3583 1008 3649; x_wconf 80' lang='lat' dir='ltr'><strong>etiem</strong></span> <span class='ocrx_word' id='word_1_235' title='bbox 1030 3599 1145 3661; x_wconf 89' lang='lat' dir='ltr'><strong>omnes,</strong></span> <span class='ocrx_word' id='word_1_236' title='bbox 1167 3582 1196 3646; x_wconf 89' lang='lat' dir='ltr'><strong>si</strong></span> 
     </span>
    </p>
   </div>
   <div class='ocr_carea' id='block_1_6' title="bbox 170 3785 1128 3858">
    <p class='ocr_par' dir='ltr' id='par_1_12' title="bbox 170 3785 1128 3858">
     <span class='ocr_line' id='line_1_30' title="bbox 170 3785 1128 3858; baseline -0.001 -17"><span class='ocrx_word' id='word_1_237' title='bbox 170 3786 369 3858; x_wconf 73' lang='lat' dir='ltr'><strong>letmlseg.</strong></span> <span class='ocrx_word' id='word_1_238' title='bbox 383 3789 424 3858; x_wconf 90' lang='lat'><strong>10,</strong></span> <span class='ocrx_word' id='word_1_239' title='bbox 438 3789 538 3844; x_wconf 76' lang='lat'>14-23</span> <span class='ocrx_word' id='word_1_240' title='bbox 634 3789 783 3855; x_wconf 84' lang='lat'><strong>1610.1‚1</strong></span> <span class='ocrx_word' id='word_1_241' title='bbox 879 3787 911 3841; x_wconf 87' lang='lat' dir='ltr'><strong>rr</strong></span> <span class='ocrx_word' id='word_1_242' title='bbox 923 3786 1042 3857; x_wconf 81' lang='lat' dir='ltr'><strong>Philipp.</strong></span> <span class='ocrx_word' id='word_1_243' title='bbox 1057 3785 1128 3853; x_wconf 65' lang='lat' dir='ltr'><strong>ece</strong></span> 
     </span>
    </p>
   </div>
   <div class='ocr_carea' id='block_1_7' title="bbox 60 3975 1196 4305">
    <p class='ocr_par' dir='ltr' id='par_1_13' title="bbox 60 3975 1196 4305">
     <span class='ocr_line' id='line_1_31' title="bbox 119 3975 1128 4048; baseline 0 -17"><span class='ocrx_word' id='word_1_244' title='bbox 119 3975 133 4031; x_wconf 88' lang='lat'>1</span> <span class='ocrx_word' id='word_1_245' title='bbox 160 3976 296 4032; x_wconf 69' lang='lat' dir='ltr'><strong>salemone</strong></span> <span class='ocrx_word' id='word_1_246' title='bbox 324 3977 394 4034; x_wconf 69' lang='lat'><strong>0¹1⁷</strong></span> <span class='ocrx_word' id='word_1_247' title='bbox 502 3992 570 4048; x_wconf 76' lang='lat' dir='ltr'><strong>qnae</strong></span> <span class='ocrx_word' id='word_1_248' title='bbox 595 3975 703 4047; x_wconf 84' lang='lat' dir='ltr'><strong>quidem</strong></span> <span class='ocrx_word' id='word_1_249' title='bbox 731 3979 773 4031; x_wconf 88' lang='lat' dir='ltr'><strong>est</strong></span> <span class='ocrx_word' id='word_1_250' title='bbox 802 3976 840 4031; x_wconf 84' lang='lat' dir='ltr'><strong>V:</strong></span> <span class='ocrx_word' id='word_1_251' title='bbox 874 3975 1002 4047; x_wconf 83' lang='lat' dir='ltr'><strong>quiequid</strong></span> <span class='ocrx_word' id='word_1_252' title='bbox 1028 3991 1085 4030; x_wconf 85' lang='lat' dir='ltr'><strong>esee</strong></span> <span class='ocrx_word' id='word_1_253' title='bbox 1110 3992 1128 4031; x_wconf 84' lang='lat' dir='ltr'><strong>c</strong></span> 
     </span>
     <span class='ocr_line' id='line_1_32' title="bbox 64 4058 1127 4133; baseline 0.002 -18"><span class='ocrx_word' id='word_1_254' title='bbox 64 4060 101 4116; x_wconf 81' lang='lat'><strong>14</strong></span> <span class='ocrx_word' id='word_1_255' title='bbox 127 4076 187 4131; x_wconf 72' lang='lat' dir='ltr'><strong>cup.</strong></span> <span class='ocrx_word' id='word_1_256' title='bbox 207 4060 411 4120; x_wconf 78' lang='lat' dir='ltr'><strong>ccmvlm</strong></span> <span class='ocrx_word' id='word_1_257' title='bbox 435 4063 463 4118; x_wconf 91' lang='lat' dir='ltr'><strong><em>P</em></strong></span> <span class='ocrx_word' id='word_1_258' title='bbox 496 4062 654 4119; x_wconf 77' lang='lat' dir='ltr'><strong>ocnxm</strong></span> <span class='ocrx_word' id='word_1_259' title='bbox 682 4060 725 4118; x_wconf 81' lang='lat' dir='ltr'><strong>Ge</strong></span> <span class='ocrx_word' id='word_1_260' title='bbox 826 4062 859 4116; x_wconf 76' lang='lat'><strong>17</strong></span> <span class='ocrx_word' id='word_1_261' title='bbox 886 4062 962 4133; x_wconf 83' lang='lat' dir='ltr'><strong>quid]</strong></span> <span class='ocrx_word' id='word_1_262' title='bbox 990 4061 1061 4132; x_wconf 84' lang='lat' dir='ltr'><strong>qnod</strong></span> <span class='ocrx_word' id='word_1_263' title='bbox 1089 4058 1127 4117; x_wconf 78' lang='lat'><strong>0¹</strong></span> 
     </span>
     <span class='ocr_line' id='line_1_33' title="bbox 63 4145 1196 4219; baseline -0.001 -17"><span class='ocrx_word' id='word_1_264' title='bbox 63 4148 99 4202; x_wconf 81' lang='grc'>19</span> <span class='ocrx_word' id='word_1_265' title='bbox 116 4162 148 4202; x_wconf 85' lang='lat' dir='ltr'><strong>eu</strong></span> <span class='ocrx_word' id='word_1_266' title='bbox 167 4145 206 4202; x_wconf 79' lang='lat' dir='ltr'><strong>V:</strong></span> <span class='ocrx_word' id='word_1_267' title='bbox 232 4147 262 4203; x_wconf 91' lang='lat' dir='ltr'><strong>in</strong></span> <span class='ocrx_word' id='word_1_268' title='bbox 280 4165 310 4203; x_wconf 89' lang='lat' dir='ltr'><strong>eo</strong></span> <span class='ocrx_word' id='word_1_269' title='bbox 330 4149 373 4205; x_wconf 75' lang='lat' dir='ltr'><strong>Ge</strong></span> <span class='ocrx_word' id='word_1_270' title='bbox 466 4149 502 4205; x_wconf 81' lang='lat'><strong>24</strong></span> <span class='ocrx_word' id='word_1_271' title='bbox 519 4148 666 4219; x_wconf 88' lang='lat' dir='ltr'><strong>peruiderit</strong></span> <span class='ocrx_word' id='word_1_272' title='bbox 680 4149 716 4204; x_wconf 84' lang='lat' dir='ltr'><strong>V:</strong></span> <span class='ocrx_word' id='word_1_273' title='bbox 743 4146 927 4218; x_wconf 81' lang='lat' dir='ltr'><strong>prouideritu</strong></span> <span class='ocrx_word' id='word_1_274' title='bbox 1022 4147 1058 4203; x_wconf 80' lang='lat'><strong>25</strong></span> <span class='ocrx_word' id='word_1_275' title='bbox 1074 4146 1196 4203; x_wconf 75' lang='lat' dir='ltr'><strong>consuls·</strong></span> 
     </span>
     <span class='ocr_line' id='line_1_34' title="bbox 60 4234 536 4305; baseline 0.006 -16"><span class='ocrx_word' id='word_1_276' title='bbox 60 4238 145 4289; x_wconf 81' lang='lat' dir='ltr'><strong>turs</strong></span> <span class='ocrx_word' id='word_1_277' title='bbox 246 4234 385 4305; x_wconf 70' lang='lat' dir='ltr'><strong>septimo</strong></span> <span class='ocrx_word' id='word_1_278' title='bbox 403 4237 474 4292; x_wconf 87' lang='lat' dir='ltr'><strong>libro</strong></span> <span class='ocrx_word' id='word_1_279' title='bbox 493 4236 536 4292; x_wconf 71' lang='lat'><strong>0¹0</strong></span> 
     </span>
    </p>
   </div>
   <div class='ocr_carea' id='block_1_8' title="bbox 0 0 1391 4814">
    <p class='ocr_par' dir='ltr' id='par_1_14' title="bbox 0 0 1391 4814">
     <span class='ocr_line' id='line_1_35' title="bbox 0 0 1391 4814; baseline 0 0"><span class='ocrx_word' id='word_1_280' title='bbox 0 0 1391 4814; x_wconf 95' lang='lat' dir='ltr'><strong> </strong></span> 
     </span>
    </p>
   </div>
  </div>
 </body>
</html>
