2760 4814
180 278 241 345 166
662 277 825 347 tectorii

175 467 275 532 strete
302 469 385 531 sunt.
422 469 575 547 quantum
604 467 687 531 enirn
718 466 849 551 quisque
877 465 1004 532 sciendo
1024 465 1200 551 profecerit,
1223 468 1307 535 inire

176 568 249 636 illus
271 587 304 635 se
329 570 455 635 litteras
487 568 636 645 inueniet,
671 588 748 653 ques
776 574 851 638 deus
878 572 1042 655 tamquam
1072 571 1307 638 firmamentum

178 689 274 754 supro
295 673 399 738 omnis
420 672 557 739 humane
578 675 669 739 corde
691 672 866 740 coustituit.

665 911 816 998 XVHH.

278 1085 325 1135 EX
347 1086 452 1135 ummo
474 1086 521 1135 DE
541 1086 761 1137 nessusmvs
799 1087 846 1135 DE
873 1085 1009 1136 ERRORE
1031 1085 1203 1136 omem.
1331 1089 1345 1130 5

125 1201 169 1270 34
220 1205 309 1272 Alios
345 1211 451 1273 eutem
485 1206 690 1293 Origeuienos
728 1207 875 1274 continuo
912 1207 1065 1274 subiciens
1100 1207 1307 1293 Epiphanius:

180 1306 399 1396 „Origeniuui“
427 1311 532 1394 inquit
555 1311 639 1398 „ulii
671 1310 725 1396 qui
747 1314 845 1378 etism
867 1312 900 1376 ot
923 1311 1093 1378 Ademeuti
1115 1310 1307 1389 tractatoris,

178 1413 288 1495 quiet
314 1417 509 1479 mortuorum
537 1415 793 1480 resurrectionem
822 1413 987 1499 repellunt,
1011 1412 1172 1480 Christum
1202 1414 1310 1479 sutem

178 1521 353 1582 erecturum
370 1518 403 1582 et
417 1517 563 1599 spiritum
579 1520 721 1583 sanctum
737 1517 987 1600 introducentem
1007 1516 1185 1599 paradisum
1200 1519 1309 1582 eutem

178 1621 210 1683 et
232 1618 333 1684 coelos
348 1618 381 1683 et
393 1619 457 1685 eliu
471 1621 575 1685 omnic
590 1619 851 1705 alligorineutes.“
885 1620 961 1685 heec
977 1620 1102 1703 quidem
1119 1620 1156 1684 de
1172 1617 1308 1703 Origene
1319 1640 1345 1682 ιο

178 1718 387 1803 Epiphanins;
417 1722 471 1786 sed
500 1721 553 1803 qni
577 1739 649 1786 eum
678 1722 860 1803 defendunt,
891 1722 984 1787 unius
1008 1723 1207 1804 eiusdemque
1230 1721 1306 1786 snb·

178 1823 313 1890 stentiee
346 1842 413 1890 esse
446 1826 554 1890 dicunt
588 1824 729 1891 docuisse
762 1827 883 1910 petrem
915 1827 949 1891 et
974 1825 1075 1890 filium
1105 1826 1138 1890 ct
1159 1822 1309 1908 spiritum

179 1930 324 1996 sunctum
346 1948 444 2012 ncque
466 1930 726 1995 resurrectionem
743 1929 912 2013 reppulisse
934 1932 1138 2006 mortuorum,
1162 1927 1308 2010 quemuis

179 2051 250 2098 enm
272 2032 305 2098 et
326 2031 359 2097 in
387 2031 455 2097 istis
484 2032 663 2099 conuincere
691 2033 837 2099 studeant
869 2035 922 2116 qui
951 2032 1018 2098 eius
1040 2033 1131 2116 plura
1153 2031 1308 2115 legerunt.

180 2138 234 2202 sed
254 2136 332 2202 sunt
352 2136 445 2201 huius
467 2135 611 2220 origenis
631 2135 696 2203 elic
717 2136 873 2223 dogmate,
904 2153 981 2220 quse
1004 2134 1157 2202 catholica
1179 2133 1346 2200 ecclesisis

180 2239 305 2306 omnino
338 2258 400 2305 nou
432 2240 553 2323 recipit,
571 2240 621 2305 iu
651 2238 765 2323 quibus
795 2258 852 2304 nec
885 2238 991 2322 ipsum
1020 2237 1099 2303 falso
1125 2237 1231 2320 arguit
1253 2256 1311 2302 nec

180 2345 285 2428 potest
311 2342 350 2408 sb
380 2342 445 2408 cius
479 2341 694 2409 defensoribus
723 2342 807 2408 felli:
841 2341 975 2408 maxime
1003 2342 1041 2406 de
1071 2339 1256 2424 purgatione
1279 2343 1311 2405 et

179 2446 363 2513 libentione
392 2463 429 2511 eo
457 2462 565 2510 rursus
598 2445 670 2529 post
702 2445 832 2529 longum
866 2447 992 2527 tempus
1021 2443 1060 2511 ed
1083 2443 1191 2509 eedem
1225 2443 1313 2509 mels

180 2551 374 2616 reuolutione
389 2547 553 2614 rationalis
571 2549 734 2614 uniuersae
750 2554 920 2614 creaturae.
953 2549 1020 2631 quis
1036 2547 1120 2613 cuim
1136 2545 1311 2612 catholicus

181 2652 370 2720 christianus
392 2651 501 2718 doctus
523 2652 574 2717 nel
595 2652 742 2717 indoctus
757 2669 817 2716 non
840 2652 1040 2717 uehementer
1056 2650 1218 2716 exhorrent
1240 2667 1348 2716 eemso

180 2770 274 2846 quum
303 2755 379 2821 dicit
405 2754 622 2840 purgationem
645 2753 808 2832 mulorum,
840 2755 872 2820 id
894 2756 941 2820 est
963 2755 1059 2819 etism
1082 2772 1130 2819 eos
1152 2752 1206 2835 qui
1228 2752 1312 2819 hene

180 2859 281 2925 uitem
302 2858 336 2923 in
357 2857 486 2943 flagitiis
504 2865 541 2926 *et
563 2857 754 2924 iecinoribus
773 2861 804 2923 et
826 2858 998 2944 sacrilegiis
1022 2857 1117 2941 utque
1137 2857 1311 2941 impietati·

180 2962 240 3029 bus
258 2963 435 3046 'quemlibet
462 2961 609 3029 menimis
632 2960 792 3046 finierunt,
820 2963 923 3045 ipsum
946 2963 1043 3027 etiem
1064 2960 1221 3045 postremo
1244 2962 1312 3027 dis-

180 3066 290 3132 bolnm
311 3067 345 3133 ct
365 3066 494 3152 angelos
517 3065 584 3132 eius
606 3065 750 3149 quemuis
773 3067 845 3148 post
867 3065 1050 3149 longissime
1074 3069 1217 3146 tempore
1238 3080 1313 3146 pnr-

181 3172 271 3255 gutos
293 3170 386 3253 etque
408 3168 555 3236 liberatos
576 3186 672 3254 regno
687 3167 738 3234 dei
759 3166 884 3251 locique
907 3167 1040 3247 restitui,
1065 3167 1096 3232 et
1110 3183 1218 3231 rursus
1240 3171 1349 3249 postne

181 3272 364 3359 longissime
396 3270 536 3356 tempore
569 3271 763 3353 omnesqui
788 3271 911 3337 liberati
942 3271 1027 3349 suut,
1051 3268 1090 3335 ed
1120 3268 1195 3335 hoec
1226 3268 1317 3335 melo·

235 3528 447 3598 1proflcorito
548 3529 616 3583 ise
633 3543 682 3583 om.
710 3528 764 3584 TV
861 3528 959 3597 4cop.
977 3526 1115 3583 xxxlm
1133 3528 1188 3582 PT
1210 3528 1314 3586 XXXV

182 3630 199 3671 o
295 3615 369 3684 box]
388 3615 455 3669 item
470 3628 503 3668 er
520 3609 618 3670 epit
719 3614 834 3684 originis
853 3614 891 3668 ΡΙ
993 3604 1201 3670 Gorienillleuos
1219 3615 1249 3670 P

182 3700 321 3756 moisem
344 3699 373 3756 P
473 3700 650 3770 ephiphanire
674 3699 789 3770 HVpr.
820 3701 952 3770 epifanius
973 3702 1017 3757 Po
1119 3694 1314 3773 indumenti]

182 3786 284 3842 amnti
302 3785 332 3841 P
431 3786 557 3840 tracteris
572 3786 665 3842 'DV'
683 3787 814 3841 tracturie
837 3786 875 3840 Pl
914 3804 917 3813 ·
975 3781 1181 3856 {iporedissum
1199 3779 1317 3857 Μὴν.

182 3865 425 3942 mosmos»
502 3868 756 3942 rosnegoeeuse
774 3872 802 3926 P
850 3904 852 3912 ·
890 3872 1041 3943 sepner
1080 3884 1082 3891 ·
1125 3867 1318 3942 ‘respuisse

184 3952 253 4013 Pro
339 3958 371 4013 14
383 3958 488 4028 plurulc
498 3963 608 4028 cgormb
619 3957 656 4014 1³·
682 3958 787 4028 plurale
797 3958 944 4029 gerroric'o¹
994 3966 997 3971 '
1035 3950 1067 4014 ll
1085 3959 1159 4029 sunt]
1179 3948 1276 4014 doe

184 4043 218 4099 10
239 4042 347 4115 recipit]
372 4060 417 4099 oro
440 4040 625 4114 ccpltP¹''‘
674 4033 764 4115 ipsum
785 4043 996 4111 Vnam
1097 4040 1321 4101 summosses

184 4128 223 4186 P·
298 4129 342 4185 uel
353 4122 447 4186 dootm
456 4124 517 4200 (octo.
524 4131 658 4197 indoctus)
672 4130 715 4188 Po
733 4131 827 4188 doctus
836 4124 928 4187 mr
1001 4131 1034 4187 21
1047 4121 1129 4186 etiem
1138 4128 1189 4186 ob.
1202 4131 1247 4188 Po

183 4214 427 4288 fflmrilcgicff
516 4210 764 4273 ’ΒδῆίίὁτὶιήΡΙΙ
829 4208 1064 4286 melpum-²
1112 4208 1246 4287 regilli
1312 4225 1314 4232 '
