2760 4814
314 349 482 419 Excerpts
499 364 535 403 ex
552 364 624 419 opp.
643 349 669 402 S.
687 348 880 419 Augustini
902 347 986 405 CLII.
1150 350 1215 418 533

85 539 239 622 partibus,
262 543 299 604 ut
321 538 462 605 decorem
483 537 670 620 custodiant,
693 536 726 604 id
741 536 953 619 distribuitur,
976 539 1101 623 quodsi
1122 557 1214 606 cnor-

84 643 179 710 miter
200 643 233 709 in
255 660 318 708 nna
340 644 432 720 osset,
455 641 564 725 utiquo
585 658 648 707 non
670 639 799 707 decoret.
832 642 889 708 ant
910 644 937 708 si
959 642 1157 709 contenditur
1179 644 1212 710 in

84 765 120 812 ea
155 764 310 829 quemque
347 745 470 811 statura
509 744 644 827 corporis
682 749 931 811 resurrecturum
967 764 1044 824 esse,
1080 747 1113 812 in
1151 764 1213 830 qua

83 849 250 917 defunctus
272 850 331 926 ost,
361 865 424 912 non
449 849 633 931 pugnaciter
654 848 864 914 resistendum
886 852 950 925 est;
978 850 1105 914 tantum
1127 848 1214 917 absit

60 953 186 1018 romnis
207 950 399 1029 deformitas,
430 950 530 1015 omnis
560 949 737 1029 infirmitas,
768 951 869 1016 omnis
892 951 1027 1018 tarditas
1048 951 1211 1035 omenque

83 1055 252 1139 corruptio,
283 1053 315 1119 st
336 1053 363 1118 si
385 1053 461 1134 qnid
491 1052 577 1118 aliud
606 1053 687 1119 illud
716 1072 777 1118 non
807 1054 895 1119 docet
923 1072 1064 1136 regnum,
1094 1057 1211 1138 inquo

82 1158 318 1224 resurrectionis
341 1161 373 1222 et
394 1157 605 1240 promissionis
635 1156 694 1222 filii
716 1157 861 1239 aequales
891 1159 985 1224 erunt
1006 1158 1126 1243 angelis
1147 1159 1210 1237 dei,

83 1264 193 1328 sinon
217 1280 351 1346 corpore,
375 1263 572 1345 noscente,
596 1260 680 1326 certe
702 1260 865 1326 felicitate.

124 1382 321 1449 Restituetur
359 1401 432 1466 orgo
468 1380 618 1465 quidquid
652 1380 691 1445 de
724 1381 902 1464 corporibus
936 1380 1018 1446 niuis
1051 1382 1103 1447 uel
1139 1383 1210 1466 post

52 1490 215 1555 omortam
248 1488 285 1552 ds
315 1484 517 1552 cadaueribus
547 1483 651 1567 periit,
689 1488 721 1549 et
753 1484 849 1550 simul
880 1503 951 1549 oum
987 1502 1022 1550 eo
1059 1484 1141 1568 quod
1176 1487 1209 1554 in

80 1589 252 1674 sepulchris
280 1589 434 1655 remansit
462 1590 495 1654 in
524 1585 677 1672 spiritalis
707 1588 843 1672 corporis
872 1589 1046 1654 nouitatem
1074 1607 1111 1653 ax
1138 1589 1210 1656 ani·

80 1695 174 1761 malis
197 1693 332 1776 corporis
355 1694 515 1758 uetustate
529 1694 688 1755 mutatum
704 1694 847 1773 resurget
869 1692 1099 1775 incorruptione
1116 1694 1209 1778 atque

79 1797 317 1864 immortalitate
346 1796 507 1861 uestitum.
545 1798 599 1861 sed
629 1795 689 1861 etsi
718 1797 769 1861 uel
800 1813 874 1861 casu
904 1797 1009 1880 aliquo
1039 1800 1128 1882 grani
1154 1799 1208 1865 uel

78 1902 279 1967 inimicorum
299 1899 499 1965 immanitate
521 1898 623 1964 totum
647 1898 772 1983 penitus
790 1899 969 1964 conteratur
990 1901 1024 1965 in
1045 1901 1207 1984 puluerem

45 2009 175 2088 astque
197 2002 230 2068 in
254 2022 345 2069 auras
366 2004 419 2069 uel
440 2003 473 2068 in
497 2021 594 2086 aquas
618 2002 804 2084 dispersum,
828 2006 982 2087 quantum
1002 2002 1071 2068 fieri
1093 2007 1207 2089 potest,

78 2125 234 2191 nusquam
268 2125 336 2172 osso
368 2107 488 2174 sinatur
521 2106 656 2184 omnino,
690 2107 777 2172 nullo
806 2105 897 2172 modo
924 2107 1068 2174 subtrahi
1089 2108 1206 2192 poterit

78 2211 324 2293 omnipotentiae
346 2209 503 2288 creatoris,
527 2208 581 2275 sed
603 2209 735 2292 capillus
757 2210 791 2275 in
807 2228 841 2276 eo
863 2212 974 2293 capitis
997 2229 1058 2277 non
1080 2212 1207 2295 peribit.

77 2316 140 2383 erit
163 2333 237 2401 ergo
259 2313 383 2398 spiritui
405 2313 534 2381 subdita
556 2331 627 2379 caro
651 2313 814 2397 spiritalis,
837 2315 891 2380 sed
913 2317 1119 2394 tamencum,
1144 2333 1207 2382 non

77 2417 227 2504 spiritus;
259 2420 343 2484 siout
363 2420 450 2485 carni
472 2417 618 2484 subditus
645 2416 708 2482 iuit
730 2416 859 2500 spiritus
887 2418 955 2500 ipso
978 2417 1120 2497 annalia
1151 2419 1206 2485 sed

40 2526 186 2594 notamen
215 2521 354 2605 spiritns,
382 2539 446 2587 non
475 2538 557 2588 caro.
595 2520 683 2586 onius
712 2520 761 2585 rei
783 2518 934 2585 babemus
957 2520 1206 2605 experimentum

76 2627 111 2693 in
133 2629 262 2693 nostrae
289 2643 405 2710 poenae
433 2624 641 2690 deformitate.
678 2640 739 2688 non
763 2623 849 2687 euim
877 2624 1050 2690 secundum
1072 2641 1208 2705 carnem,

76 2731 133 2796 ssd
166 2729 276 2812 utique
308 2727 477 2793 secundnm
515 2726 661 2809 spiritum
702 2726 843 2791 carnales
882 2729 973 2791 erant
1014 2727 1128 2809 quibus
1161 2727 1208 2795 sit

74 2832 252 2918 apostolas:
281 2849 354 2897 non
376 2830 489 2915 potui
517 2828 632 2894 uobis
661 2828 771 2911 ioqui
793 2828 907 2912 quasi
930 2828 1208 2912 spiritalibus,

74 2936 142 3003 sed
165 2933 278 3019 quasi
306 2931 553 3010 carnalibus3
588 2934 620 2996 ot
649 2930 740 2996 bomo
762 2930 911 3014 spiritalis
934 2933 979 2997 sic
1001 2932 1033 2998 in
1054 2934 1114 3000 buc
1137 2933 1207 3001 uita

38 3040 203 3116 wdioitnn
233 3037 270 3102 nt
300 3040 407 3102 tamen
429 3053 554 3118 corpore
581 3034 683 3100 adhuc
705 3032 837 3100 carnaiis
859 3033 903 3101 sit
926 3036 957 3099 st
979 3034 1087 3102 uideat
1109 3036 1206 3104 aliam

73 3142 180 3227 legem
210 3141 241 3206 in
270 3138 419 3205 membris
448 3140 513 3206 suis
536 3140 761 3223 repugnantem
794 3136 859 3221 legi
881 3137 997 3204 mentis
1019 3155 1111 3218 suae;
1146 3139 1207 3206 erit

179 3371 400 3437 aulenses
503 3369 778 3436 acroamata

129 3587 142 3640 1
162 3582 287 3654 partibus
304 3583 346 3653 ut]
367 3583 505 3638 noeros.
592 3583 733 3639 inormiter
753 3583 821 3639 Νυ
905 3583 965 3638 tsi
985 3583 1050 3639 Νι
1076 3600 1138 3641 seo

73 3673 92 3728 6
110 3671 204 3740 inquo
222 3667 289 3724 Νι
316 3684 402 3739 queo
488 3668 609 3738 iangeli
626 3668 652 3723 T
736 3670 770 3724 10
783 3668 997 3724 osdaberibusV
1083 3672 1114 3726 ll
1132 3670 1206 3725 noni·

72 3755 337 3826 ocem-corporis]
363 3771 413 3810 ona
431 3754 509 3824 mm
538 3755 661 3824 epatium
687 3771 809 3811 aucam
832 3758 867 3811 19
892 3754 951 3822 scre
977 3755 1030 3810 litt.
1054 3756 1087 3811 tn
1114 3757 1141 3812 V

74 3842 112 3899 12
127 3843 266 3897 uetustate
277 3841 385 3896 utstum
405 3840 431 3895 Τ
514 3840 548 3896 lb
565 3839 746 3910 uelinuqnas
766 3841 831 3897 Νι
857 3841 995 3911 aliquaue
1082 3842 1115 3898 16
1133 3841 1207 3896 sins·

72 3936 123 3984 tur
147 3928 212 3984 TV:
239 3927 286 3982 sed
308 3930 446 3984 natum
550 3927 582 3982 17
606 3930 736 3982 creatores
762 3928 788 3984 T
890 3929 924 3983 19
947 3927 1093 3999 siout-Vo:
1120 3926 1144 3982 si
1161 3928 1206 3984 oui

75 4013 104 4069 Τ
203 4012 239 4069 20
255 4013 432 4068 babuimuso
534 4012 568 4067 21
592 4014 683 4068 nostra
707 4029 724 4068 o
826 4029 926 4084 poenam
946 4011 1013 4070 Νι
1038 4028 1137 4084 pauco

71 4113 181 4154 urnam
200 4097 266 4154 Νι
292 4097 419 4169 spirltum
436 4115 453 4154 o
555 4098 590 4153 w
606 4099 710 4170 utiquo]
728 4113 813 4155 om.o
908 4097 1035 4168 spiritum
1057 4098 1121 4154 TV:
1147 4113 1206 4154 car·

70 4199 168 4240 nemo
269 4183 481 4239 annosorum
500 4182 565 4240 TV:
593 4185 781 4242 seruiebanto
883 4185 918 4240 db
940 4183 1040 4239 dicitur
1061 4183 1098 4240 V:
1125 4180 1204 4239 duos·

71 4274 121 4326 tur
138 4269 179 4326 Tu
282 4272 311 4324 et
330 4268 393 4326 Νι
417 4272 483 4326 uto
