2760 4814
172 361 333 430 Excerpta
350 374 385 413 ex
402 375 471 430 opp.
488 360 515 414 S.
534 360 716 429 Augustini
739 358 868 415 eccvn.
887 359 1029 416 cecum.
1099 363 1162 429 989

87 550 193 615 aerunt
222 549 379 632 exponunt
406 548 475 614 sihi.
506 550 531 614 si
554 568 626 614 uero
649 569 709 615 non
736 550 893 615 ualuerint
915 551 973 614 hoc
1002 567 1162 633 exponere,

87 671 103 716 o
125 652 259 717 audeant
282 651 314 717 id
338 652 419 734 quod
440 651 474 715 in
497 653 658 736 euangelio
680 653 748 717 sine
770 653 937 719 offensione
959 671 1020 718 nou
1039 653 1162 719 intelle-

87 758 131 833 nt,
155 756 186 821 iu
209 755 314 837 aliquo
336 756 415 820 libro
437 773 508 819 cum
532 754 708 821 temeritate
732 756 866 839 culpare.

87 859 178 925 rium
206 857 304 940 igitur
336 858 535 922 temtationes
564 877 619 940 per
647 861 779 923 satanan
813 877 874 923 non
902 864 1057 943 potestate
1085 862 1161 941 eius,

87 960 96 1026 Ι
119 963 271 1045 permissu
293 961 410 1025 domini
433 960 471 1025 ad
494 962 635 1026 homiues
658 964 713 1027 aut
734 980 788 1044 pro
803 963 867 1028 suis
882 964 1016 1045 peccatis
1031 966 1162 1046 punien-

87 1083 94 1128 s
129 1065 185 1129 aut
216 1082 271 1148 pro
305 1064 355 1129 dei
388 1064 602 1130 misericordia
635 1064 808 1147 probandos
842 1067 874 1129 et
902 1070 1093 1133 exercendos.
1131 1072 1162 1134 et

87 1171 173 1232 erest
205 1167 386 1251 plurimum,
419 1168 454 1232 in
480 1168 604 1250 qualem
634 1170 764 1250 quisque
791 1169 1003 1234 temtationem
1034 1169 1161 1237 incidat.

87 1289 102 1335 u
132 1271 216 1335 enim
240 1272 273 1336 iu
296 1271 393 1335 talem
414 1271 527 1336 incidit
549 1272 653 1351 Iudas,
688 1272 740 1355 qui
762 1272 906 1337 uendidit
928 1272 1096 1350 dominum,
1130 1276 1160 1338 iu

87 1373 164 1438 alem
194 1374 305 1439 incidit
332 1375 453 1453 Petrus,
489 1392 560 1439 curu
583 1375 713 1439 territus
735 1376 894 1441 dominum
918 1377 1053 1458 negauit.
1088 1378 1191 1445 suut.

87 1495 136 1543 am
159 1478 315 1543 humanae
337 1477 547 1557 temtationes,
571 1479 669 1557 credo,
694 1498 765 1543 cum
787 1480 866 1545 bono
897 1479 1025 1562 quisque
1048 1481 1161 1555 animo,

87 1580 210 1645 :undum
247 1580 415 1646 humanam
447 1584 551 1646 tamen
585 1581 789 1665 fragilitatem
823 1583 854 1647 iu
898 1584 1001 1666 aliquo
1034 1581 1163 1649 consilio

87 1684 162 1749 citur
184 1688 239 1749 aut
262 1685 402 1749 irritatur
425 1686 457 1748 iu
480 1685 608 1751 fratrem
624 1687 726 1751 studio
742 1686 925 1771 corrigendi,
949 1686 1040 1768 paulo
1057 1689 1162 1750 tamen

87 1787 182 1870 plius,
219 1807 311 1870 quam
345 1788 514 1853 christiana
547 1788 759 1872 tranquillitas
795 1791 943 1873 postulat.
981 1792 1018 1855 de
1050 1789 1161 1872 quibus

87 1891 196 1956 estolae
226 1891 317 1956 dicit:
359 1892 544 1956 temtatio
577 1909 645 1956 uos
677 1911 750 1957 non
785 1890 1053 1976 apprehendat
1086 1894 1161 1956 uisi

92 2014 218 2073 mana,
252 2013 323 2060 cum
345 1995 430 2059 idem
452 1995 553 2061 dicat:
583 1994 723 2060 fidelis
757 1998 867 2079 deus,
901 1996 966 2077 qui
997 2012 1072 2058 nou
1094 2013 1161 2059 uos

87 2101 144 2165 rat
167 2098 330 2163 temtari
353 2117 471 2180 super
495 2117 606 2181 quam
628 2100 933 2182 potestisferre,
958 2097 1161 2162 eadfaciet

87 2220 122 2266 m
143 2202 385 2267 temtatione
401 2203 520 2267 etiam
538 2188 698 2285 exitum,
721 2203 947 2284 utpossitis
974 2200 1160 2267 tolerare.

90 2322 156 2387 qua
177 2305 334 2370 sententia
355 2307 431 2370 satis
453 2305 590 2370 ostendit
612 2325 671 2370 non
695 2305 726 2370 id
749 2304 837 2370 notis
856 2303 1007 2369 orandum
1026 2321 1101 2378 ease,
1124 2306 1159 2367 ut

87 2427 97 2473 r
120 2411 302 2486 temtemur‚
325 2411 377 2473 sed
400 2427 438 2473 ue
460 2408 492 2472 iu
515 2408 731 2474 temtationem
759 2409 950 2475 inducamur.
984 2406 1160 2472 inducimur

87 2530 131 2589 m,
156 2513 183 2576 si
206 2512 286 2578 tales
308 2511 478 2577 acciderint
505 2530 580 2595 quas
609 2512 689 2577 ferre
718 2531 779 2578 non
801 2530 975 2595 possumus.
1011 2510 1066 2575 sed
1088 2529 1159 2575 oum

87 2614 237 2680 rtationes
259 2615 461 2697 periculosae,
492 2615 524 2680 in
548 2634 623 2698 quae
645 2615 755 2679 inferri
777 2617 871 2697 atque
895 2614 1000 2679 induci
1027 2613 1159 2697 pernici·

87 2736 126 2783 m
161 2717 225 2794 cst,
260 2721 314 2781 aut
347 2720 503 2800 prosperis
538 2717 632 2782 rebus
666 2717 889 2800 temporalibus
928 2720 983 2781 aut
1022 2716 1160 2780 aduersis

87 2822 188 2896 antur,
206 2838 295 2884 nemo
310 2820 465 2902 frangitur
481 2821 681 2886 aduersarum
697 2820 850 2897 molestia,
874 2820 928 2903 qui
943 2836 1159 2903 prosperarum

87 2922 245 2988 aetatione
269 2941 330 2988 non
352 2923 484 3005 capitur.

507 3108 686 3193 coovffl.

99 3280 306 3331 ammom
328 3281 462 3331 SPIRITV
485 3283 527 3329 ET
550 3282 680 3331 SEPTEM
701 3279 989 3329 BEATITVDINIBVS
1011 3280 1157 3328 SEPTEM·

273 3367 340 3426 Qvu
363 3368 612 3416 PETITIONIBVS.
650 3369 696 3415 EX
719 3367 822 3415 LIBRO
845 3368 871 3415 S.
895 3366 921 3414 S.

87 3487 209 3554 ridetur
222 3486 318 3553 etiam
329 3487 409 3553 mihi
420 3487 615 3571 septenarius
627 3487 688 3552 iste
700 3485 1157 3569 nnmerusharumpetitionum
1167 3480 1230 3548 333

87 3608 201 3677 gruere
233 3591 283 3657 illi
319 3591 495 3675 septenario
530 3610 666 3671 numero,
701 3610 736 3655 er
762 3608 822 3673 quo
852 3591 937 3655 totus
966 3590 1026 3655 iate
1056 3607 1158 3654 sermo

137 3777 279 3834 14100r.
299 3777 340 3842 10,
361 3778 393 3832 13

87 3952 99 4005 1
127 3965 193 4004 uero
214 3949 250 4003 V:
279 3964 341 4004 uere
364 3950 392 4003 P
491 3949 509 4003 4
535 3950 657 4003 catanam
685 3948 739 4004 GP
838 3948 856 4001 5
881 3948 1012 4016 permissu
1034 3948 1068 4003 V:
1099 3963 1159 4016 pcr-

87 4051 115 4091 ro
142 4034 171 4089 P
271 4036 303 4090 12
331 4035 454 4089 irritatur
483 4033 549 4091 GP:
581 4035 681 4089 irratur
711 4034 738 4088 V
838 4035 870 4088 15
896 4049 950 4089 non
977 4050 1025 4088 uos
1053 4032 1158 4090 G'PV:

95 4136 153 4177 nou
171 4120 210 4177 0¹
302 4123 334 4177 16
351 4138 430 4191 cuper
445 4122 481 4176 V:
508 4139 588 4190 supra
602 4122 656 4177 GP
745 4122 776 4176 17
795 4123 894 4176 exitum
907 4120 974 4175 PV:
1000 4123 1158 4190 prouentum

149 4206 184 4261 2¹5
202 4224 263 4278 cap.
281 4207 515 4277 cccmrrcre)
533 4209 561 4263 P
587 4206 748 4264 CCCXXG
844 4207 879 4262 26
896 4208 1049 4277 raptamque
1065 4205 1102 4263 V:
1131 4208 1159 4260 ct

87 4308 136 4351 eun
155 4291 211 4348 01²
311 4295 343 4349 at
362 4310 384 4349 a.
402 4311 423 4348 a.
446 4296 482 4351 V:
512 4293 544 4349 de
561 4309 681 4350 sermone
697 4292 800 4349 domini
818 4293 847 4347 in
864 4296 955 4348 monte
972 4292 1002 4348 11
1020 4293 1047 4346 P
