2760 4814
127 297 191 362 '150
609 292 776 361 Eugippii

128 485 260 550 iudicem
282 484 428 548 uiuorum
446 487 477 547 et
500 488 702 564 mortuorum,
726 481 834 565 prooul
849 482 942 547 dubio
958 501 1029 545 eum
1052 482 1131 547 mali
1155 483 1259 548 uidere

129 589 357 669 neapoterunt
379 586 439 650 nisi
467 587 636 650 secundum
668 585 812 666 formam,
842 602 903 665 qua
930 583 1015 649 liliua
1036 584 1179 649 hominis
1201 588 1257 657 eat.

128 690 181 755 sed
204 695 311 754 tamen
341 690 374 753 in
397 691 548 765 claritate,
578 690 611 752 in
634 708 695 771 qua
725 687 885 770 iudicabit,
917 705 977 751 non
1007 688 1040 751 in
1063 687 1257 761 humilitate,

127 794 160 857 in
194 812 255 875 qua
288 794 445 857 iudicatus
482 794 538 857 est.
577 797 713 855 ceterum
748 792 837 856 illam
869 792 918 856 dei
953 790 1095 870 formam,
1130 792 1166 857 in
1199 810 1257 875 qua

129 896 267 980 aequalis
289 897 337 960 est
358 897 450 978 patri,
474 896 690 979 proculdubio
714 896 801 977 impii
824 913 884 959 non
901 895 1063 961 uidebant.
1087 914 1152 959 non
1175 896 1286 961 anima

127 1004 202 1065 eunt
230 998 466 1081 mundicordes3
501 999 605 1063 beati
636 1000 719 1063 enim
751 997 1044 1071 mundicordes,
1071 998 1256 1079 quoniam

126 1104 203 1186 ipsi
233 1105 341 1168 doum
372 1102 575 1167 uidebant.
614 1104 735 1184 etipsa
758 1102 835 1166 uiaio
857 1103 905 1164 est
928 1101 1039 1165 faeiem
1062 1102 1104 1165 ad
1131 1100 1255 1179 faciem,

128 1227 206 1290 quae
229 1225 386 1271 summum
408 1206 582 1288 praemium
605 1206 802 1287 promittitur
825 1205 925 1285 iustis,
952 1207 982 1268 et
1005 1205 1074 1287 ipsa
1097 1204 1164 1281 fiet,
1188 1223 1254 1269 oum

126 1312 230 1375 tradet
253 1310 309 1374 deo
331 1329 459 1393 regnum
483 1311 514 1372 et
536 1311 626 1391 patri.
670 1312 701 1373 in
725 1329 785 1391 quo
808 1312 840 1373 et
862 1327 936 1372 suae
959 1308 1078 1372 formae
1102 1306 1255 1371 uisionem

128 1415 198 1479 uult
221 1414 370 1495 intellegi,
401 1414 541 1476 subiecta
563 1412 619 1476 deo
641 1413 788 1476 uniuersa
810 1418 952 1476 ereatura
974 1412 1005 1474 et
1027 1411 1107 1491 ipsa,
1139 1410 1172 1473 in
1196 1427 1286 1492 quaa

127 1518 212 1583 filius
234 1520 282 1581 ‹lei
313 1516 395 1580 lilius
426 1516 560 1580 hominia
590 1516 690 1580 faetus
721 1516 777 1592 eat,
811 1516 885 1597 quia
913 1515 1081 1579 seeundum
1113 1514 1196 1577 hano
1218 1518 1256 1575 et

50 1672 54 1681 .
127 1622 212 1703 ipse
235 1618 345 1683 filius
367 1622 462 1682 tuno
485 1619 687 1683 subiectus
717 1620 784 1684 illi
808 1620 902 1696 erit,
933 1618 998 1701 qui
1021 1618 1055 1681 ei
1079 1616 1255 1680 subiecit

127 1721 270 1795 omnia,
294 1727 334 1785 ut
357 1724 409 1785 sit
432 1722 524 1785 deus
547 1723 674 1785 omnia
696 1723 736 1785 ir1
759 1722 948 1786 omnibus,
974 1720 1156 1801 alioquinai
1173 1719 1254 1783 filius

128 1826 177 1890 dei
208 1826 297 1889 iudea
320 1826 351 1888 in
380 1824 488 1901 forma,
523 1826 555 1889 in
578 1844 639 1907 qua
662 1824 801 1906 aequalis
825 1827 871 1888 eat
894 1824 985 1907 patri,
1021 1824 1118 1887 etiam
1149 1821 1254 1905 impiis

129 1947 201 1993 oum
235 1928 427 1991 iudicaturus
462 1932 509 1991 est
543 1928 713 2009 apparebit,
752 1928 826 2008 quid
860 1932 906 1990 est
939 1930 1019 2007 quod
1052 1944 1109 2008 pro
1141 1942 1253 2009 magno
1262 1952 1283 1993 a

129 2032 272 2096 dilectori
304 2050 360 2097 auo
394 2032 558 2113 pollicetur
591 2032 715 2095 dicens:
750 2036 788 2094 et
819 2048 888 2111 ego
919 2029 1084 2111 diligam
1112 2048 1197 2093 eum
1218 2032 1254 2093 et

128 2134 334 2200 ostendam
357 2154 412 2199 ma
435 2138 561 2215 ipsum
584 2134 675 2198 illi?
702 2140 889 2216 quapropter
911 2136 994 2198 tilius
1015 2133 1150 2197 hominia
1174 2132 1252 2198 iudi·

129 2241 256 2305 cataras
284 2243 341 2315 est,
372 2258 429 2302 neo
452 2242 556 2302 tamen
579 2258 615 2301 er
638 2238 775 2301 humana
803 2240 967 2319 potestate,
999 2237 1053 2301 aad
1075 2254 1112 2299 ex
1135 2254 1172 2299 ea
1194 2254 1252 2317 qua

128 2340 213 2405 filius
236 2343 283 2405 dai
307 2344 370 2417 est;
403 2343 433 2405 et
456 2360 561 2405 rursus
583 2340 665 2405 lilius
690 2341 739 2404 dei
771 2342 960 2405 iudicaturus
983 2340 1040 2416 est,
1070 2358 1126 2404 neo
1148 2342 1250 2404 tamea

128 2446 160 2509 in
184 2464 221 2509 ea
244 2445 343 2509 forma
366 2463 526 2527 apparens,
554 2445 586 2508 in
609 2464 669 2525 qua
692 2445 766 2507 deus
790 2448 838 2507 est
861 2445 999 2525 aequalia
1021 2444 1115 2525 patri,
1147 2444 1201 2506 sod
1222 2442 1279 2507 iao

129 2566 165 2611 ea
188 2565 248 2627 qua
271 2546 354 2610 filius
378 2547 513 2611 hominis
536 2553 592 2611 est.

170 2666 281 2747 ltaque
310 2669 477 2748 utrumque
508 2668 568 2731 diei
597 2668 707 2749 potmt,
737 2674 783 2732 et:
817 2668 900 2733 filius
928 2665 1062 2731 hominia
1089 2666 1251 2739 iudicabit,

128 2770 175 2834 et:
209 2788 270 2833 non
303 2770 386 2833 lilius
420 2770 554 2835 hominia
585 2770 752 2836 iudicabit:
787 2770 836 2855 <et
873 2771 955 2836 filius
996 2770 1135 2835 hominis
1172 2770 1252 2834 iudi·

129 2871 239 2959 tabit),
264 2876 299 2936 ut
321 2891 429 2937 uerum
452 2873 495 2937 ait
518 2875 599 2955 quod
622 2875 683 2939 ait:
707 2892 789 2938 oam
811 2873 972 2937 uenerit
994 2872 1110 2937 liliua
1135 2872 1252 2937 homi·

128 2976 204 3053 nia,
234 2979 328 3040 tuno
358 2978 707 3059 congregabuntur
729 2980 818 3041 ante
840 2996 923 3040 eum
945 2993 1074 3039 omnes
1097 2982 1294 3059 gentem

129 3082 159 3143 et
182 3097 244 3143 non
273 3078 355 3142 lilius
385 3078 520 3143 hominis
549 3078 709 3157 iudicabit,
742 3081 776 3143 ut
799 3098 908 3143 ueram
931 3078 974 3141 sit
996 3081 1076 3160 quod
1099 3076 1165 3142 ait:
1189 3097 1254 3161 ego

129 3201 199 3247 non
234 3181 415 3246 iudicabo
449 3184 498 3245 et:
534 3199 601 3263 ego
630 3200 705 3245 non
738 3199 881 3263 quaero
914 3181 1081 3264 gloriam
1115 3200 1255 3263 meam;

129 3288 188 3349 est
218 3284 283 3366 qui
310 3290 475 3365 quaerat
499 3286 535 3349 et
564 3284 733 3349 iudicet.
772 3304 847 3349 nam
869 3286 1037 3348 seeundum
1061 3284 1095 3348 id
1116 3285 1199 3365 quod
1223 3284 1255 3348 ia

127 3386 241 3450 iudicio
264 3404 325 3449 non
349 3386 449 3450 forma
472 3387 531 3463 dei,
563 3387 615 3451 sed
639 3386 740 3451 torma
762 3386 820 3451 lilii
843 3386 977 3451 hominis
1000 3386 1175 3467 apparebit,
1199 3406 1255 3451 nee

128 3488 194 3569 ipse
216 3490 305 3570 pater
327 3487 489 3553 iudicabit.
512 3486 701 3574 <seeundum
724 3487 781 3553 hoo
803 3492 885 3554 enim
904 3489 1022 3553 dietum
1046 3493 1110 3555 eat:
1143 3495 1297 3572 paterio·

230 3692 247 3743 6
264 3690 362 3743 Mattlr.
381 3694 406 3757 5,
423 3694 440 3745 8
527 3693 542 3745 7
561 3692 622 3745 etl
640 3692 700 3747 Cor.
721 3694 761 3755 13,
781 3692 813 3745 12
904 3694 920 3745 9
938 3694 972 3747 ol.
985 3692 998 3744 1
1011 3692 1070 3747 Cor.
1090 3694 1132 3759 15,
1152 3693 1187 3747 24

128 3776 160 3827 11
185 3775 277 3829 ICor.
303 3778 342 3841 15,
365 3778 399 3829 ‘28
518 3780 550 3831 16
574 3779 612 3831 10.
639 3780 677 3843 14,
702 3778 734 3832 21
854 3780 888 3831 24
911 3778 1011 3831 llatth.
1035 3778 1077 3843 25,
1102 3780 1136 3833 31
1147 3796 1187 3848 sq.

127 3860 161 3913 26
180 3860 219 3915 Io.
238 3862 279 3926 12,
297 3862 331 3913 41
433 3864 467 3915 21
486 3864 524 3918 Io.
542 3865 567 3925 8,
585 3866 621 3917 50
722 3865 756 3919 30
774 3863 813 3919 Io.
831 3866 856 3930 5,
874 3866 908 3917 22

180 4047 307 4102 'll'aoiom
326 4050 360 4103 ed
378 4049 404 4104 V
420 4050 653 4118 (cflp.739,18):
683 4052 750 4107 faeie
768 4052 801 4106 ad
820 4070 838 4105 a
941 4052 975 4105 10
993 4052 1114 4105 subiecta
1131 4070 1164 4105 a:
1194 4055 1259 4107 aab·

127 4136 197 4189 iacta
214 4134 241 4187 V
322 4137 351 4189 ll
372 4138 435 4204 quia
453 4156 483 4189 a:
514 4154 566 4205 qua
582 4139 608 4190 V
689 4140 723 4193 ‘23
741 4144 770 4191 at
789 4140 908 4207 (scripta
935 4139 1000 4205 quia
1017 4142 1046 4195 al
1064 4138 1258 4195 filius-iudi-

127 4220 202 4273 cabit
218 4236 249 4273 a:
280 4222 372 4274 oml'
471 4223 506 4276 30
523 4224 665 4277 seeundum
684 4224 936 4293 hoo-quemquam
954 4241 986 4277 o:
1017 4222 1113 4278 ooaV
