2760 4814
205 283 269 347 (540
685 278 849 346 Eugippii

202 468 346 552 spiritum
377 471 518 532 sanctum
550 467 645 532 misit.
684 466 875 549 praedictum
907 472 953 530 est
984 466 1069 531 euim
1101 485 1162 531 non
1185 467 1331 531 soluma

200 573 357 655 prophetis
387 569 439 636 sed
470 573 562 634 etiarn
590 569 629 634 ab
659 571 726 651 ipso
758 571 883 636 domiuo
913 570 983 634 lesu
1006 569 1139 644 Christo,
1173 570 1255 651 quod
1278 588 1328 634 ec·

201 676 296 741 clesia
325 676 391 739 eius
420 694 474 755 per
505 674 686 738 uniuersum
710 672 817 737 orbem
845 675 998 736 terrarum
1022 678 1103 737 essct
1127 673 1243 747 lutura,
1275 690 1328 754 per

201 780 377 844 sanctorum
409 777 558 859 martyria
587 780 805 859 passionesque
834 777 1044 851 disseminata,
1080 784 1110 839 et
1132 777 1208 839 tunc
1239 794 1326 858 prae-

201 882 329 958 dictum,
362 883 484 963 quaudo
515 879 616 944 adhuc
639 880 841 944 nomenoius
865 883 895 943 ct
925 878 1045 942 latebat
1075 882 1182 960 gentes
1212 881 1245 942 et
1273 878 1355 943 ubis

200 990 310 1049 uotum
343 988 409 1049 erat
440 984 608 1048 ridebatur.
649 988 681 1046 et
709 985 814 1046 tamen
844 982 876 1046 in
906 982 1078 1046 uirtutibus
1102 981 1324 1046 miraculorum

200 1091 281 1162 eius,
319 1089 386 1152 siue
422 1106 475 1169 per
512 1105 544 1149 se
581 1085 647 1166 ipse
685 1086 751 1148 siue
788 1103 865 1166 quae
903 1105 955 1166 per
992 1103 1096 1149 seruos
1133 1104 1204 1150 suos
1243 1085 1324 1165 fecit,

201 1196 274 1257 dum
299 1191 525 1255 annuntiantur
548 1188 624 1252 baec
640 1191 672 1250 et
689 1189 866 1264 creduntur,
890 1188 952 1250 iam
975 1189 1117 1252 uidemus
1133 1192 1212 1270 quod
1238 1207 1325 1270 prae-

200 1296 318 1359 dictum
350 1297 397 1358 est
428 1312 492 1356 esse
517 1293 705 1372 completum
728 1311 876 1375 regesque
907 1293 986 1373 ipsos
1016 1297 1128 1375 terrae,
1159 1295 1211 1374 qui
1235 1294 1327 1358 autea

200 1399 459 1480 persequebantur
492 1395 692 1469 christianos,
731 1395 794 1457 iarn
829 1394 945 1459 Christi
979 1395 1097 1460 nomini
1131 1396 1326 1480 subiugatos.
1337 1422 1359 1462 n

197 1501 389 1583 praedictum
424 1503 471 1564 est
507 1500 612 1579 etiam,
647 1498 726 1579 quod
759 1498 929 1561 schismata
952 1502 984 1561 et
1016 1501 1154 1563 haereses
1189 1518 1225 1563 ex
1260 1501 1327 1565 eius

198 1602 327 1666 ecclesia
350 1605 453 1667 essent
476 1601 613 1664 exiturae
636 1602 668 1664 et
683 1620 718 1665 ex
734 1603 797 1664 eius
814 1602 938 1664 nomine
954 1622 1008 1684 per
1023 1602 1099 1679 loca,
1117 1602 1170 1666 ubi
1186 1608 1326 1683 possent,

197 1722 296 1782 suam,
319 1724 380 1769 non
402 1704 519 1770 Christi
542 1706 675 1785 gloriam
692 1705 902 1788 quaesiturae,
927 1711 956 1769 et
973 1706 1033 1769 ista
1049 1706 1203 1789 completa
1217 1705 1325 1772 sunt.“

242 1824 421 1910 „Numquid
445 1842 516 1908 srgo
533 1825 588 1889 illa
611 1844 689 1906 quaa
711 1832 832 1889 restant
855 1846 916 1891 nou
938 1831 1011 1890 suut
1032 1827 1189 1891 uentura?
1219 1826 1328 1892 mani-

197 1926 312 1993 festum
337 1934 392 2007 est,
418 1929 498 2011 quia,
523 1929 603 1992 sicut
626 1930 686 1992 ista
709 1931 868 2010 praedicta
892 1934 1054 2012 uenerunt,
1078 1934 1123 1995 sio
1146 1931 1244 1994 etiam
1269 1930 1364 1997 illara

197 2035 330 2096 uentura
345 2036 426 2110 sunt,
450 2051 660 2114 quaecumque
677 2035 828 2098 iustorum
845 2035 1060 2098 tribulationes
1077 2032 1176 2099 adhuc
1190 2035 1325 2114 restant,

196 2136 227 2198 et
249 2134 356 2199 iudicii
381 2135 453 2212 dies,
486 2136 539 2216 qui
563 2135 721 2216 separabit
743 2154 850 2199 omnes
875 2138 987 2218 impios
1010 2157 1028 2200 a
1051 2136 1141 2200 iustis
1163 2138 1194 2201 iu
1217 2156 1325 2201 resur-

195 2239 333 2303 rectione
355 2241 558 2317 mortuorum,
583 2244 615 2303 et
631 2257 691 2303 non
706 2240 806 2304 solum
823 2259 872 2304 eos
889 2241 941 2321 qui
958 2241 1030 2303 suut
1046 2245 1132 2304 ertra
1147 2239 1323 2322 ecclesiam,

195 2341 250 2405 sed
284 2342 379 2406 etiam
416 2342 514 2424 ipsius
549 2343 696 2406 ecclesiae
733 2343 847 2425 paleas,
888 2362 963 2424 quas
997 2346 1118 2426 oportet
1152 2362 1248 2424 usque
1283 2344 1325 2407 ad

196 2443 396 2508 nouissimam
432 2445 668 2509 uentilatioucm
702 2447 932 2527 patientissime
966 2448 1104 2527 sufferat,
1142 2447 1180 2509 ad
1213 2445 1363 2530 iguemao

194 2545 337 2612 debitum
367 2549 556 2634 segregabit.
594 2552 647 2631 qui
678 2557 784 2615 autem
814 2550 949 2614 irrident
980 2550 1234 2613 resurrectione-m
1264 2569 1324 2631 pu-

195 2649 308 2727 tantes,
333 2651 414 2731 quod
430 2669 498 2714 caro
515 2654 585 2730 ista,
609 2653 682 2734 quia
698 2655 859 2735 putrescit,
880 2672 1037 2735 resurgere
1062 2672 1122 2716 uon
1144 2653 1258 2734 potest,
1283 2656 1323 2718 ad

193 2771 306 2835 poenas
328 2754 362 2817 iu
385 2772 421 2816 ea
443 2755 647 2819 resurrecturi
676 2757 802 2819 suntet
825 2756 968 2819 ostendet
993 2761 1036 2819 eis
1060 2757 1146 2832 deus,
1170 2754 1244 2837 quia
1268 2756 1323 2837 qui

193 2857 295 2938 potuit
325 2855 399 2920 baec
421 2875 547 2938 corpora
577 2857 686 2933 facere,
717 2862 887 2940 antequam
916 2861 1030 2939 essent,
1062 2861 1167 2941 potest
1193 2876 1229 2922 aa
1253 2877 1322 2924 mo·

192 2964 297 3024 mento
320 2960 493 3039 restituere,
525 2964 607 3026 sicut
637 2966 734 3026 erant.
773 2981 880 3026 omues
907 2972 1011 3027 autem
1034 2961 1139 3026 fideles
1161 2961 1360 3043 regnaturis

193 3082 265 3127 curn
289 3061 412 3128 Christo
436 3064 482 3127 ita
505 3074 667 3147 resurgent
691 3068 723 3128 in
747 3065 854 3129 eodem
871 3083 1006 3147 corpore,
1029 3069 1066 3131 ut
1081 3067 1176 3130 etiam
1200 3065 1318 3129 mutari

193 3174 371 3233 mereantur
405 3169 443 3231 ad
478 3167 739 3250 incorruptionem
774 3169 957 3251 angelicam,
996 3174 1031 3234 ut
1066 3168 1141 3233 fiant
1173 3169 1320 3249 aequales

244 3441 342 3494 lenim
357 3441 392 3495 V:
412 3456 461 3494 om.
475 3441 545 3495 APo
626 3430 742 3494 ''lumA
824 3440 968 3511 hdomiuo]
983 3442 1252 3497 domiuouostron

188 3526 206 3579 4
224 3526 436 3594 pnassionesque
454 3529 493 3592 (er
511 3530 576 3593 ras.)
595 3527 622 3579 A
726 3526 897 3581 dissiminata
921 3530 948 3580 A
1051 3528 1226 3598 praedictum]
1247 3545 1320 3597 prae

189 3611 293 3664 dictum
312 3617 352 3665 est
371 3613 399 3665 P
500 3613 729 3666 dirridebaturv
831 3615 921 3667 lsiue
938 3631 985 3682 per
1001 3613 1038 3665 V:
1066 3614 1123 3668 siue
1141 3631 1208 3683 quae
1225 3631 1274 3682 per
1292 3617 1320 3670 A

189 3696 233 3750 Pu
335 3699 402 3767 ipse]
429 3698 556 3766 ipsumv
659 3699 864 3766 9ournpletum
891 3701 919 3752 A
1022 3699 1109 3768 antea]
1136 3704 1198 3754 ante
1223 3701 1304 3759 P,

189 3782 223 3834 10
241 3782 382 3836 cristianos
400 3784 428 3837 P
529 3785 558 3838 11
579 3785 744 3838 schismatha
762 3788 789 3839 A
816 3786 943 3839 scismata
961 3786 1004 3838 Po
1102 3787 1135 3839 12
1152 3803 1182 3839 ex
1206 3786 1240 3839 V:
1270 3786 1320 3840 sub

188 3869 259 3922 APu
364 3869 395 3922 16
418 3870 601 3923 tribulationis
622 3871 649 3924 A
753 3874 839 3924 restat
856 3871 883 3923 A
988 3871 1019 3924 l'l
1043 3872 1175 3939 separauit
1194 3870 1253 3924 AV

188 3955 287 4021 impius
310 3956 337 4009 A
441 3956 522 4008 iustis
547 3958 630 4012 APv:
661 3958 745 4011 iustos
773 3957 807 4025 V3
828 3956 893 4022 sort.
912 3974 943 4010 ao
961 3955 1066 4010 iustos?
1170 3957 1206 4027 in]
1228 3958 1267 4010 Ρ*
1286 3960 1318 4012 in

187 4056 242 4094 rac.
329 4042 578 4097 resurrectionemv
663 4045 698 4098 20
715 4044 860 4097 nouissima
878 4045 905 4095 A
992 4043 1131 4097 sufferriu
1222 4045 1256 4098 21
1277 4046 1319 4098 iu-

188 4126 255 4179 ridit
277 4127 303 4177 A
407 4126 440 4179 23
464 4126 583 4181 ostendit
606 4129 688 4183 AP¹o
795 4130 829 4182 24
853 4131 996 4199 momento]
1022 4131 1049 4183 in
1075 4133 1208 4182 momento
1230 4146 1248 4183 v

187 4212 221 4266 25
239 4209 326 4264 fidelia
345 4213 371 4265 A
468 4212 502 4265 26
520 4213 589 4281 curu]
610 4231 665 4267 com
684 4216 711 4269 A
812 4217 910 4270 ruutari
937 4217 970 4269 V:
999 4217 1157 4270 commutari
1174 4216 1247 4271 APo
