2760 4814
201 357 370 429 Excerpta
386 373 421 413 en
438 373 507 429 opp.
527 358 554 413 S.
572 358 765 429 Augustini
786 358 903 416 cccxi
920 358 1049 416 cccxn.
1128 362 1193 430 999

56 548 310 631 cognoscetis
337 566 418 633 eos,
447 548 486 614 de
508 547 684 614 manifestis
706 550 827 616 dictum
850 552 908 630 est,
936 566 1015 631 qnae
1036 565 1099 615 non
1120 569 1192 635 pos·

56 654 133 716 sunt
154 650 235 715 bono
256 649 362 717 animo
384 650 463 735 fieri,
487 651 582 718 sicuti
604 654 678 717 sunt
700 656 809 735 stupra
830 653 882 719 uel
903 651 1117 737 blasphemiae
1138 655 1191 719 ual

57 753 148 821 furta
169 756 222 821 uel
244 754 408 821 ebriositas
431 759 464 821 et
486 756 514 820 si
536 775 598 840 qua
618 757 694 822 sunt
714 756 786 839 alia,
809 755 847 820 de
869 756 984 839 quibus
999 757 1089 822 nobis
1110 757 1191 825 iudi-

58 875 132 924 care
147 857 345 941 permittitur
365 858 489 925 dicente
506 859 660 943 apostolo:
684 859 775 941 quid
797 858 897 924 enim
918 860 1018 925 mibi
1040 878 1104 925 ecs
1126 860 1193 943 qni

35 959 165 1026 aforis
192 966 284 1027 sunt
312 961 515 1029 iudicaret
551 981 677 1028 nonne
709 965 754 1030 de
782 965 836 1029 eis
865 962 932 1045 qui
959 965 1069 1029 intus
1099 968 1194 1030 sunt

57 1082 129 1130 nos
163 1064 382 1132 iudicatis?
415 1069 452 1134 da
485 1084 598 1149 genere
631 1068 737 1132 autem
771 1064 922 1147 ciborum,
956 1066 1031 1151 qnia
1062 1069 1194 1150 possunt

60 1167 143 1232 bono
172 1168 278 1234 animo
305 1172 337 1233 et
365 1168 504 1252 simplici
526 1169 617 1235 corde
639 1170 706 1235 sine
727 1168 808 1236 uitio
831 1169 1099 1253 concupiscentiae
1122 1168 1193 1252 qui-

60 1288 195 1354 cumque
224 1270 354 1337 hnmani
384 1272 446 1338 cibi
475 1271 687 1339 indifferenter
715 1272 808 1351 sumi,
840 1273 983 1356 prohibet
1010 1272 1097 1339 idem
1118 1292 1193 1357 apo-

59 1376 162 1440 stolus
192 1374 324 1441 iudicari
352 1394 404 1443 ecs
432 1376 487 1459 qui
517 1377 662 1444 carnibus
685 1378 893 1444 uescebantur
915 1378 949 1444 ct
971 1376 1082 1442 uinum
1102 1375 1192 1456 bibe-

19 1479 141 1544 nebant
161 1478 203 1544 ab
226 1479 271 1544 eis
292 1478 347 1561 qui
368 1498 402 1545 se
423 1481 463 1546 ab
484 1479 578 1545 huius
592 1481 679 1545 modi
694 1481 853 1546 alimentis
869 1479 1103 1563 temperabant:
1127 1481 1193 1564 qui

60 1584 289 1661 manducat,
324 1583 441 1665 inquit,
475 1600 550 1647 uon
579 1583 884 1650 manducantem
914 1600 988 1648 non
1016 1584 1193 1666 spernat,

60 1685 197 1767 etqui
229 1703 304 1750 non
335 1685 559 1765 manducat,
594 1687 889 1752 manducantem
923 1705 996 1751 non
1028 1686 1194 1752 iudicet.

59 1787 223 1854 ibiatiam
237 1787 298 1853 ait:
321 1792 363 1853 tu
385 1787 473 1871 quis
495 1806 550 1866 es,
574 1789 616 1853 ut
638 1790 789 1855 iudices
811 1789 987 1855 alienum
1009 1790 1194 1854 seruum?

58 1910 129 1959 suo
158 1893 315 1958 domino
338 1893 407 1957 aut
428 1892 512 1957 stat
533 1894 602 1958 aut
625 1893 743 1959 cadit.
780 1893 818 1958 de
845 1893 961 1959 talibus
984 1892 1069 1958 enim
1091 1893 1193 1971 rebus,

23 2012 140 2079 nequae
160 1999 292 2077 possunt
313 1998 393 2063 bono
417 1998 450 2061 et
471 1994 608 2079 simplici
630 1999 662 2061 et
684 2014 798 2080 magno
821 1997 926 2062 animo
947 1995 1026 2073 fieri,
1048 1994 1194 2079 quamuis

58 2097 183 2181 possint
198 2099 295 2164 etiam
311 2117 373 2164 non
395 2098 486 2174 bono,
509 2098 660 2164 uolebant
680 2098 741 2178 illi,
764 2118 837 2165 cum
859 2099 1002 2165 homines
1025 2100 1138 2181 essent,
1161 2100 1194 2163 in

58 2200 183 2267 occulto
205 2201 305 2267 cordis
329 2200 408 2267 ferre
431 2202 635 2267 sententiam:
659 2201 833 2284 dequibus
856 2203 934 2268 deus
956 2203 1042 2269 solus
1064 2201 1193 2267 iudicat.

101 2322 154 2388 Ad
182 2322 241 2387 hoo
269 2323 405 2405 partinet
432 2322 529 2388 etiam
560 2321 641 2388 illud
669 2325 750 2404 quod
773 2322 835 2388 alio
857 2323 926 2388 loco
949 2321 1043 2387 dicit:
1067 2320 1194 2386 nolite

59 2426 155 2490 ante
184 2429 336 2511 tempus
366 2426 578 2510 quicquam
605 2425 800 2504 iudicare,
831 2428 955 2508 quoad
985 2443 1106 2507 usque
1134 2442 1194 2489 ue·

24 2527 148 2593 uniat
169 2528 351 2594 dominus
374 2531 413 2595 et
432 2528 653 2594 inluminat
674 2529 918 2595 abscondita
939 2527 1194 2594 tenebrarum

58 2632 98 2697 et
136 2632 375 2697 manifestet
412 2632 690 2717 cogitationes
728 2630 878 2717 cordis;
917 2635 955 2698 et
976 2633 1072 2697 tune
1109 2631 1195 2697 laus

59 2731 142 2800 erit
171 2735 385 2817 unicuique
414 2735 538 2804 adeo.
576 2739 651 2802 sunt
680 2754 753 2818 ergo
783 2735 936 2818 quaedam
967 2736 1051 2803 facta
1080 2736 1194 2809 media,

60 2856 141 2921 quae
170 2837 349 2921 ignoramus
380 2855 440 2921 quo
470 2839 574 2905 animo
604 2839 693 2922 fiant,
717 2838 790 2922 quia
812 2840 846 2904 et
866 2840 946 2905 bono
968 2841 1002 2904 et
1024 2839 1106 2904 malo
1128 2837 1194 2902 fiori

59 2944 207 3025 possunt;
237 2941 275 3007 de
304 2942 417 3024 quibus
440 2943 641 3007 temerarium
665 2945 714 3007 est
736 2942 883 3024 iudicare,
906 2941 1042 3007 maximo
1063 2944 1101 3005 ut
1123 2957 1195 3004 con·

25 3044 255 3111 esdemnemus.
284 3043 397 3109 horum
426 3045 533 3110 autem
564 3044 669 3110 ueniet
697 3048 821 3127 tempus
852 3048 888 3110 ut
909 3044 1097 3121 iudicentur,
1122 3060 1193 3107 cum

57 3150 138 3215 daus
160 3146 361 3214 inluminabit
390 3149 570 3216 abscondita
595 3149 797 3214 tenebrarum
820 3149 851 3214 et
873 3147 1094 3213 manifestabit
1111 3146 1196 3229 cogi-

57 3248 197 3317 tationes
218 3250 329 3316 cordis.
354 3252 429 3316 itam
453 3251 515 3315 alio
537 3249 605 3317 loco
627 3251 709 3316 idem
733 3249 810 3316 dicit
831 3250 1007 3334 apostolus:
1029 3266 1194 3331 quorun·

58 3356 148 3421 (iam
165 3352 364 3420 hominnm
382 3357 543 3437 peccata
561 3354 776 3419 manifesta
793 3357 895 3437 sunt,
913 3352 1195 3437 praecedentia

58 3455 108 3523 ad
153 3456 371 3535 iudicium3
416 3456 614 3539 quaedam
659 3460 794 3521 autem
837 3465 876 3522 et
913 3455 1194 3521 subsecuntur.

165 3668 184 3722 4
206 3668 221 3725 1
240 3668 301 3727 cor.
324 3671 349 3738 c,
369 3671 402 3725 12
505 3671 540 3726 10
562 3670 639 3725 Rom.
664 3671 706 3739 14,
726 3670 792 3741 usq.
897 3670 930 3725 18
952 3668 967 3725 1
985 3667 1044 3725 cor.
1066 3669 1092 3733 4,
1110 3668 1127 3721 c

58 3752 95 3809 aa
114 3752 130 3809 1
148 3752 217 3810 uim.
234 3756 261 3824 c,
278 3755 360 3825 aaa.

114 3951 133 4005 4
149 3966 193 4006 eos
215 3951 310 4007 GPVz
337 3952 370 4007 ‹ie
387 3952 422 4007 iis
439 3970 459 4007 o
551 3954 585 4008 13
603 3954 635 4007 ut
651 3952 686 4008 V:
712 3953 759 4023 qui
774 3954 829 4008 GP
913 3952 1014 4008 indices
1030 3953 1066 4008 V:
1092 3952 1197 4011 iudicas

61 4037 120 4094 GP
206 4038 240 4092 14
252 4038 359 4093 domino
372 4054 420 4093 suo
432 4038 460 4093 P
542 4042 590 4094 ant
603 4042 661 4094 stat
678 4039 713 4093 V:
737 4042 795 4094 stat
807 4040 863 4095 GP
947 4038 1021 4094 cadit
1034 4039 1101 4096 GP:
1119 4038 1196 4095 cadat

64 4125 94 4181 V
180 4124 212 4178 16
223 4124 327 4194 possint
343 4125 379 4180 V:
397 4126 483 4196 possit
495 4126 523 4181 P
608 4127 641 4181 18
653 4125 707 4180 alio
722 4126 759 4180 V:
778 4126 807 4179 in
819 4127 872 4180 alic
883 4126 912 4180 P
994 4125 1197 4181 annuntiasset

64 4210 105 4266 Va
122 4209 309 4265 manifestabit
322 4211 378 4267 GP
453 4211 609 4268 2411ch
631 4214 677 4266 out
688 4214 716 4280 (a
728 4214 795 4277 rus.)
809 4211 836 4268 V
909 4211 943 4265 27
956 4210 1026 4265 idem
1037 4210 1195 4279 dioit1item

58 4296 133 4353 dicit
147 4295 174 4352 V
194 4294 262 4351 dicit
273 4295 344 4351 idem
358 4297 413 4354 GP
509 4297 544 4352 29
556 4297 732 4353 subsecuntur
749 4297 798 4352 1¹¹:
821 4297 1020 4369 subsequuntur
1035 4296 1127 4354 GPV'
