2760 4814
165 368 334 439 Excerpte
350 384 386 423 ex
405 383 476 439 opp.
494 369 522 429 S.
539 367 728 437 Augustini
746 365 1094 425 ffll.ccfflv.
1133 368 1196 436 877

63 559 200 644 ingeniis
230 559 392 626 hominum
420 559 473 624 uel
502 558 656 625 adiutorio
685 557 878 625 tribuuntur.
907 556 1037 640 proinde
1058 557 1141 623 siout
1163 556 1195 622 in

60 661 166 730 uerbis
193 662 339 747 propriis,
370 661 408 727 de
437 661 552 745 quibus
582 663 724 747 euporius
747 660 988 745 disposuimus,
1012 659 1066 727 ubi
1088 678 1138 725 ree
1160 667 1196 725 ut

60 765 210 833 dicuntur
242 764 472 850 intellegendae
504 767 588 846 sunt,
622 765 669 831 sic
697 766 730 832 in
759 764 936 844 translatis,
966 782 1045 850 quse
1075 762 1196 830 faciunt

59 868 197 953 tropicas
227 868 407 947 locutiones,
436 869 490 934 ubi
520 868 607 934 eliud
636 888 673 934 er
703 868 764 934 elio
793 866 1041 951 intellegendum
1072 868 1128 946 est,
1157 869 1196 933 de

38 971 176 1056 equibus
209 972 270 1037 huc
301 990 410 1055 usque,
444 974 596 1054 quantum
631 972 734 1037 uisum
767 975 827 1055 est,
861 971 938 1037 setis
971 969 1103 1055 egimus,
1134 987 1195 1035 non

59 1076 163 1142 solum
186 1074 371 1142 admonendi
392 1077 467 1140 sunt
488 1074 620 1140 studiosi
642 1074 870 1142 uenerabilium
893 1075 1082 1151 litterarum,
1104 1075 1141 1138 ut
1163 1071 1196 1136 in

59 1179 224 1262 scripturis
252 1178 368 1245 sancte
395 1197 509 1263 genere
530 1179 725 1246 locutionum
747 1180 852 1245 soient
874 1179 906 1244 et
928 1178 1081 1261 quomodo
1112 1176 1196 1258 apud

60 1300 115 1348 ees
138 1281 199 1348 dici
221 1280 340 1364 aliquid
362 1283 460 1349 soleet
483 1282 654 1366 uigilanter
676 1283 842 1349 aduertant
862 1280 1103 1362 memoriterque
1117 1278 1195 1345 reti·

59 1387 164 1463 neant,
193 1403 304 1451 uerum
334 1385 442 1465 etism,
473 1385 556 1468 quod
584 1388 634 1452 eet
655 1387 856 1470 praecipuum
880 1387 912 1450 et
933 1385 1065 1450 maxime
1087 1400 1195 1448 neces·

25 1486 188 1569 rosarium,
205 1489 303 1570 orent,
319 1489 356 1554 ut
369 1488 566 1572 intellegent.
589 1490 622 1555 in
638 1490 682 1556 eis
697 1492 811 1574 quippe
825 1488 953 1566 litteris,
975 1504 1109 1570 querum
1126 1488 1194 1552 stu·

58 1591 141 1657 diesi
167 1595 251 1670 eunt,
274 1591 393 1676 legunt,
426 1592 574 1674 quoniam
597 1593 777 1658 dominus
801 1593 869 1659 det
889 1589 1135 1676 sapientiem
1157 1589 1195 1655 et

59 1711 80 1759 e
109 1692 212 1759 facie
241 1695 325 1759 eius
354 1694 496 1778 procedit
526 1695 699 1762 scientie
731 1696 770 1761 et
802 1695 1058 1770 intellectus,
1092 1711 1194 1776 equo

59 1796 164 1878 ipsum
187 1794 219 1859 et
240 1794 391 1875 studium,
414 1794 441 1860 ei
465 1796 583 1877 pietate
604 1797 784 1880 praeditum
806 1799 864 1876 eet
888 1799 1084 1879 occeperunt.

527 2084 728 2171 CCLXXV.

20 2274 106 2327 unm
136 2273 181 2320 mo
210 2273 304 2334 ovon
334 2275 393 2323 err
422 2274 634 2323 mosrotvs:
668 2274 890 2323 reserere
923 2274 996 2324 mer
1018 2272 1127 2323 mors
1149 2274 1193 2321 ιιι

57 2375 310 2425 vrororrsrr.
341 2378 388 2425 mx
404 2356 508 2427 omno
523 2378 769 2439 eversorem
784 2377 981 2428 ooroomrs
996 2375 1191 2437 overrvor.

103 2515 219 2594 Quaeri
240 2515 329 2592 solet,
359 2515 435 2598 quid
457 2517 514 2582 eit:
542 2519 635 2582 tunc
657 2516 732 2581 fiet
752 2516 858 2583 illud
879 2516 977 2600 quod
1000 2512 1268 2602 scriptumtoe

57 2618 137 2684 eet:
160 2619 355 2703 absorpta
372 2622 433 2684 est
451 2636 554 2686 more
575 2621 617 2685 in
633 2619 853 2687 uictoriam.
884 2620 950 2685 ubi
971 2625 1052 2697 est,
1074 2638 1191 2699 mors,

58 2721 269 2787 contentio
291 2726 382 2789 tue?
404 2722 474 2790 ubi
496 2726 572 2806 est,
587 2741 705 2803 mors,
721 2724 884 2789 eculeus
899 2724 1192 2791 tuuesaeuleue

22 2823 194 2890 »eutem
224 2826 368 2891 mortis
398 2826 614 2911 peccatum,
641 2827 773 2893 uirtus
796 2828 927 2893 eutem
947 2828 1100 2913 peccati
1121 2828 1191 2895 lex.

56 2927 195 2993 mortem
216 2928 386 3013 significari
408 2929 543 2995 arbitror
563 2930 622 2996 hoc
650 2930 718 2995 loco
746 2931 900 2997 cermlom
929 2929 1191 3010 consuetudinem,

57 3048 140 3115 queo
170 3032 291 3097 resistit
313 3033 412 3099 boreo
434 3032 592 3099 uoluntati
614 3033 821 3100 delectatione
842 3033 1065 3118 temporalium
1085 3034 1192 3101 fruen-

57 3133 182 3199 dorum.
227 3153 287 3200 nor
317 3136 400 3201 enim
429 3135 603 3202 diceretur:
637 3135 704 3202 ubi
727 3137 790 3203 est
811 3136 1027 3204 contentio
1050 3139 1192 3204 turiei

58 3254 124 3302 non
145 3237 312 3304 restitisset
327 3242 358 3303 et
380 3243 593 3325 repugnasset.
623 3241 722 3324 ipsius
745 3241 904 3308 concutio
926 3240 1024 3308 etiem
1046 3240 1103 3321 illo
1124 3243 1192 3309 loco

24 3338 264 3405 ndescribitur:
288 3358 378 3408 cero
400 3342 654 3425 concupiscit
674 3343 864 3410 aduersus
885 3344 1092 3430 spiritum,
1114 3347 1191 3431 spi·

57 3442 165 3508 ritus
198 3443 393 3510 aduersus
427 3463 599 3526 cernem3
637 3445 736 3512 hsec
768 3446 870 3513 enim
906 3447 1080 3515 inuicem
1111 3446 1191 3515 sibi

161 3654 194 3708 11
214 3653 294 3709 Prom
312 3656 373 3720 2,6
443 3657 845 3730 15(er17)lcor.1s,54rq.
914 3660 949 3716 25
967 3660 1026 3716 Gel.
1044 3661 1070 3727 5,
1090 3661 1120 3715 17

108 3852 127 3907 3
152 3851 293 3907 &emistis
325 3853 364 3908 G:
399 3855 545 3910 trensectis
572 3854 630 3912 PV
729 3858 748 3912 8
772 3856 878 3927 aliquid
907 3856 945 3912 V:
979 3857 1066 3928 ntiqui
1093 3856 1121 3912 P

58 3954 166 4011 rolant
182 3955 210 4011 P
301 3956 335 4012 12
352 3947 444 4013 'fecie
462 3960 490 4026 (e
506 3958 662 4026 actm)
681 3959 709 4014 P
798 3960 970 4030 proceditV:
997 3977 1047 4018 orec
1067 3962 1124 4019 01>

58 4040 199 4111 lespiam
217 4044 245 4098 et
268 4042 303 4098 V:
332 4045 360 4099 et
377 4045 466 4114 ipsum
485 4045 541 4101 01²
643 4046 677 4101 14
693 4060 754 4115 cap.
772 4044 863 4104 OGXC
880 4046 910 4103 P
935 4046 1059 4105 coxon
1078 4048 1122 4106 Ge

58 4126 344 4197 rusticiorem
369 4129 426 4186 GV
525 4131 559 4186 16
582 4132 722 4187 uictoriam
745 4131 814 4188 PV=
849 4133 964 4190 uictoris
987 4136 1015 4192 0
1117 4138 1189 4191 octo-

56 4212 138 4283 grute
154 4215 285 4284 quettoor
303 4215 372 4271 GV:
401 4218 594 4287 octogesimum
613 4217 640 4272 P
731 4219 764 4273 18
781 4218 897 4275 uictoris
916 4220 943 4276 θ
1033 4220 1066 4276 21
1085 4221 1189 4291 signifi·

55 4316 117 4357 cere
133 4301 162 4357 P
262 4302 324 4376 hoc]
341 4303 376 4359 ho
394 4302 424 4359 P
