2760 4814
211 512 273 577 882
692 506 859 576 uugippri

210 704 305 788 gitur.
337 701 481 765 dixerunt
495 698 589 782 enim,
612 698 686 781 quia
701 696 802 763 XLVI
825 697 936 761 annis
959 694 1227 763 aedificatum
1250 700 1338 763 tour·

210 806 322 888 plum.
349 804 382 867 et
400 801 582 884 quadragies
601 801 700 866 sexies
718 799 784 865 seni
801 800 881 864 fiunt
900 799 1090 877 CCLXXVL
1115 800 1169 882 qui
1194 819 1336 868 numerus

211 910 330 973 dierum
353 905 487 988 complet
503 904 599 969 VIIII
615 922 735 968 menses
759 907 790 968 et
810 904 855 968 VI
871 904 947 984 dies,
969 904 1022 985 qui
1045 904 1211 985 tamqnam
1235 904 1334 969 decern

210 1028 332 1075 menses
348 1006 540 1090 parientibus
556 1006 677 1072 feminis
701 1005 902 1088 imputantur,
925 1025 987 1070 non
1001 1007 1073 1087 quia
1088 1024 1200 1071 omnes
1216 1008 1257 1073 ad
1272 1027 1333 1072 sex·

208 1116 277 1177 turn
290 1113 372 1176 diem
384 1113 456 1193 post
467 1128 584 1174 nonum
596 1128 734 1174 mensem
747 1109 941 1192 perueniunt,
956 1109 1010 1172 sed
1023 1112 1095 1191 quia
1107 1111 1178 1194 ipsa
1188 1110 1332 1195 perfectio
1349 1138 1359 1173 r

210 1215 345 1301 corporis
362 1212 479 1279 domini
495 1215 542 1277 tot
557 1211 665 1277 diebus
681 1212 720 1276 ad
734 1214 857 1295 partum
873 1213 1021 1294 perducta
1037 1214 1242 1295 comperitur,
1257 1214 1332 1280 sicut

209 1318 407 1384 amaioribus
420 1317 539 1381 dictum
551 1317 721 1398 suscipiens
735 1317 879 1381 ecclesiae
891 1317 1027 1381 custodit
1047 1318 1234 1384 auctoritas.
1258 1319 1330 1382 VIII

209 1424 291 1488 eninr
313 1421 374 1487 kal.
397 1421 509 1502 apriles
532 1422 696 1501 conceptus
719 1420 866 1497 creditur,
889 1439 949 1502 quo
968 1421 998 1484 et
1012 1439 1135 1503 passus.
1165 1424 1213 1487 Ita
1228 1441 1329 1487 monu-

208 1531 313 1591 mento
328 1543 416 1600 nouo,
431 1541 490 1605 quo
505 1523 643 1605 sepultus
660 1526 718 1605 ost,
733 1523 788 1588 ubi
803 1523 907 1587 nullus
923 1527 989 1588 erat
1004 1524 1127 1605 positus
1143 1529 1328 1591 mortuorum

209 1647 265 1693 neo
278 1630 349 1693 ante
364 1646 419 1692 noo
434 1627 550 1708 postea,
575 1629 716 1709 congruit
729 1628 837 1691 uterus
852 1626 992 1709 uirginis
1016 1644 1076 1709 quo
1092 1633 1263 1710 conceptus
1278 1632 1354 1707 esto

207 1731 262 1797 ubi
278 1730 383 1795 nullus
399 1730 571 1794 seminatus
587 1731 635 1793 est
649 1729 839 1795 mortalium.
865 1730 957 1794 natus
979 1732 1084 1795 autem
1100 1732 1239 1797 traditur
1257 1731 1327 1796 VIII

207 1834 355 1898 kalendas
377 1832 544 1897 ianuarias.
574 1835 612 1898 ab
634 1832 689 1897 illo
712 1851 784 1915 ergo
807 1833 857 1896 die
880 1851 975 1914 nsque
993 1836 1031 1898 ad
1046 1834 1146 1899 istum
1162 1834 1327 1919 computati

208 1934 388 2002 CCLXXVI
411 1937 606 2018 reperiuntur
628 1936 702 2014 dies,
727 1937 779 2018 qui
801 1935 955 2000 senarium
971 1956 1137 2003 numerum
1152 1939 1327 2022 quadragies

208 2041 304 2106 sexies
334 2040 436 2105 habet.
476 2057 534 2122 qno
557 2058 684 2104 numero
707 2059 858 2104 annorum
880 2040 1031 2122 templum
1055 2042 1255 2108 aedificatum
1278 2048 1326 2115 est,

207 2144 281 2226 quia
305 2162 338 2208 eo
362 2163 489 2209 numero
513 2144 704 2208 senariorum
727 2161 834 2226 corpus
856 2144 974 2208 domini
991 2144 1164 2225 perfectum
1181 2150 1239 2226 est,
1255 2144 1356 2230 quodn

207 2250 319 2313 mortis
341 2248 481 2329 passione
503 2249 695 2312 destructum
717 2248 819 2312 triduo
835 2248 1040 2313 resuscitauit.
1070 2248 1233 2314 dicebat
1255 2252 1329 2315 eninr

207 2351 266 2416 hoc
288 2351 332 2415 de
354 2351 501 2432 templo
525 2352 700 2432 corporis
724 2352 798 2429 sui,
822 2351 902 2415 sicut
925 2350 1159 2417 euidentissime
1184 2356 1218 2417 et
1245 2355 1330 2418 robu-

207 2455 341 2520 stissime
364 2454 515 2537 euangelii
537 2452 715 2519 testimonio
739 2454 922 2518 declaratur.

649 2726 883 2810 GOLXXVII.

253 2918 299 2963 DE
324 2918 439 2963 DECEM
462 2918 669 2965 VIRGINIBVS.
705 2919 749 2964 EX
772 2918 890 2965 EODEM
911 2918 1014 2965 LIBRO
1037 2920 1285 2978 QVAESTIONVM
1340 2934 1362 2971 19

685 3023 844 3070 Lxxxlnl.

133 3172 196 3239 302
248 3158 336 3222 Inter
364 3156 525 3237 parabolas
554 3176 572 3220 a
602 3157 727 3222 domino
755 3158 855 3222 dietas
879 3157 958 3223 solet
981 3158 1165 3240 quaerentes
1189 3163 1329 3227 multum

205 3280 344 3326 exercere
363 3259 423 3324 ista
445 3279 523 3342 quae
539 3263 576 3325 de
591 3263 697 3326 decom
711 3260 885 3342 uirginibus
900 3262 1001 3343 posita
1016 3265 1074 3328 est.
1104 3266 1134 3325 et
1151 3264 1249 3329 multi
1265 3267 1332 3348 qui-

203 3366 273 3429 dem
305 3364 377 3428 hino
399 3364 500 3428 multa
529 3365 699 3437 senserunt,
724 3382 801 3445 quae
829 3382 888 3427 non
911 3365 974 3427 sint
996 3367 1119 3447 praeter
1140 3364 1256 3450 fidem;
1279 3372 1330 3434 sed

201 3468 353 3550 quomodo
382 3467 523 3551 partibus
552 3466 619 3532 eius
652 3467 794 3532 omnibus
827 3466 990 3531 conueniat
1013 3467 1171 3550 expositio,
1208 3469 1243 3535 id
1266 3472 1362 3537 ela-ae

200 3572 374 3635 horandum
390 3575 448 3635 est.
471 3572 534 3654 legi
551 3571 647 3635 etiam
662 3572 693 3634 in
710 3570 843 3653 quadem
859 3570 1013 3651 scriptura
1028 3590 1064 3635 ex
1080 3589 1188 3636 earum
1205 3592 1328 3657 genere,

201 3693 278 3756 quae
310 3658 484 3757 apocrypha
505 3675 714 3751 nominantur,
744 3675 824 3756 quod
855 3693 915 3738 non
944 3674 986 3738 sit
1008 3678 1116 3739 contra
1138 3675 1327 3741 catholicam

201 3778 307 3843 fidem.
352 3779 406 3842 sed
429 3778 501 3842 huic
523 3778 591 3841 looo
614 3777 718 3841 minus
742 3796 908 3859 congruere
931 3776 1009 3840 mihi
1031 3778 1099 3840 uisa
1114 3778 1170 3855 est,
1190 3780 1328 3845 conside·

199 3880 282 3943 renti
313 3901 418 3946 omnes
440 3882 531 3946 huius
553 3880 771 3945 similitudinis
794 3884 905 3964 partes.
935 3882 1056 4018 detque
1077 3884 1187 3948 tamen
1211 3886 1331 3969 exposi-

303 4084 316 4136 1
335 4082 374 4135 Io.
392 4084 416 4146 2,
435 4082 470 4135 20
572 4086 588 4138 9
607 4084 639 4137 cf.
659 4085 698 4138 Io.
718 4086 757 4150 19,
775 4084 807 4138 41
819 4101 859 4153 sq.
964 4085 1052 4140 1610.
1072 4084 1096 4150 2,
1114 4086 1146 4141 21

250 4269 380 4324 'ldictnrn
396 4271 435 4326 V:
458 4271 588 4325 traditum
602 4290 619 4325 a
710 4272 743 4325 19
760 4288 820 4341 cap.
832 4272 982 4328 ccxolln
999 4272 1053 4335 Gau
1077 4287 1153 4329 num.
1167 4290 1222 4330 om.
1236 4276 1266 4331 P

197 4356 231 4410 97
258 4357 406 4426 apocrypho
434 4357 468 4410 V:
498 4358 654 4427 apocriphce
680 4359 706 4413 θ
740 4359 855 4427 apocrife
878 4359 906 4413 P
1005 4359 1039 4412 28
1061 4358 1150 4412 minus
1177 4361 1248 4418 GP:
1279 4378 1332 4418 om.

201 4444 228 4499 V
329 4443 396 4497 mihi
414 4444 502 4498 minus
519 4460 663 4513 congruere
682 4444 737 4500 GP
