2760 4814
192 298 255 363 120
663 294 848 371 [lectorii]

190 483 272 551 illud
302 485 384 566 quod
414 484 454 550 sd
484 483 577 549 deum
606 485 751 566 pertinet,
782 483 836 548 sod
866 500 972 547 amare
1003 481 1083 547 illud
1114 483 1195 564 quod
1225 484 1265 549 ad
1290 504 1322 549 se

190 588 335 672 pertinet.
374 590 448 670 quid
478 605 551 670 ergo
579 587 707 665 mirum,
742 585 770 651 si
799 586 839 652 ad
866 603 998 667 regnum
1020 604 1080 651 non
1102 589 1244 668 peruenit
1267 588 1322 671 qui

191 708 251 757 non
274 709 480 774 communem,
511 693 563 756 sed
594 689 752 774 priuatam
775 709 841 754 rem
864 689 993 772 diligit?
1025 689 1122 779 immo
1145 691 1322 773 utrumque,

167 794 235 860 ‘ait
270 794 440 878 quispiam3
479 794 576 860 immo
613 794 692 860 illud
730 812 837 877 unum,
871 792 953 858 dicit
990 795 1074 857 deus.
1123 791 1201 857 dicit
1237 794 1322 859 enim

190 897 353 963 uerissime
383 899 517 963 ueritas:
555 915 661 963 nemo
697 898 832 978 potest
865 896 1013 961 duobus
1044 894 1216 960 dominis
1247 916 1348 960 ser·⁴

189 999 293 1083 uire3
323 1019 413 1065 nemo
442 1001 527 1066 euim
556 1002 658 1083 potest
685 1000 822 1082 perfecte
846 997 976 1081 diligere
999 1018 1059 1082 quo
1082 1017 1238 1074 nocemur,
1264 1001 1325 1064 nisi

191 1105 291 1168 oderit
313 1102 395 1168 unde
417 1121 608 1169 reuocsmur.
640 1120 788 1168 uooamur
804 1106 910 1167 sutem
926 1103 965 1166 ad
988 1102 1159 1184 perfectam
1178 1105 1325 1168 naturam

192 1205 370 1289 humanam,
401 1209 526 1290 qualem
556 1210 629 1272 ente
658 1210 824 1288 peccatum
847 1207 990 1272 nostrum
1013 1205 1088 1271 deus
1112 1204 1203 1287 fecit3
1233 1224 1325 1271 reuo-

191 1327 300 1376 camur
329 1313 434 1376 autem
457 1310 496 1376 ab
528 1312 593 1376 eius
623 1311 801 1386 dilectione,
832 1329 925 1392 quam
956 1312 1109 1392 peccando
1140 1309 1324 1375 meruimus.

192 1430 285 1496 quare
308 1414 464 1479 oderimus
487 1416 618 1495 oportet,
643 1414 724 1478 unde
740 1415 775 1477 nt
793 1412 963 1500 liberemur
979 1415 1134 1495 optamus.
1165 1414 1348 1478 oderimusn

190 1533 264 1599 ergo
286 1517 473 1599 temporales
495 1517 747 1592 necessitudines,
776 1517 802 1581 si
833 1515 1028 1581 aeternitatis
1051 1515 1183 1581 caritate
1206 1516 1324 1600 flagra·

191 1637 270 1683 mus.
301 1617 414 1701 diligat
435 1620 526 1684 homo
550 1619 727 1702 proximum
750 1623 913 1701 tamquam
935 1637 967 1684 se
989 1618 1101 1701 ipsum.
1130 1610 1214 1686 certe
1238 1620 1326 1685 enim

191 1721 254 1791 sibi
282 1722 349 1805 ipse
382 1742 473 1788 nemo
504 1728 552 1788 est
581 1723 671 1806 pater
701 1725 757 1787 eut
785 1722 868 1787 filins
899 1712 955 1787 aut
985 1721 1089 1802 affinis
1120 1725 1175 1788 eut
1204 1724 1325 1806 aliquid

191 1824 284 1891 huius
308 1827 400 1898 modi,
424 1826 478 1890 sed
500 1828 625 1891 tautum
647 1827 749 1892 homo.
781 1830 835 1911 qui
857 1846 929 1910 ergo
953 1827 1056 1909 diligit
1081 1826 1218 1909 aliquem
1241 1830 1325 1892 tam·

191 1948 285 2013 quem
307 1948 341 1994 se
364 1930 476 2012 ipsum,
507 1929 620 1994 hocin
644 1947 679 1995 eo
702 1929 796 1994 debet
825 1929 953 2012 diligere
983 1931 1064 2012 quod
1094 1930 1155 1995 sibi
1177 1930 1243 2013 ipse
1266 1934 1349 2003 este

191 2050 320 2115 corpora
342 2051 415 2097 nero
437 2050 499 2097 non
522 2038 595 2097 sunt
625 2036 705 2115 qnod
728 2051 783 2098 nos
806 2051 931 2108 sumum
962 2053 1024 2099 nou
1047 2053 1120 2116 ergo
1143 2034 1175 2098 iu
1197 2033 1325 2098 homine

190 2154 300 2219 corpus
323 2137 370 2200 est
392 2136 596 2217 expetendum
619 2140 675 2201 aut
698 2135 946 2201 desiderandum.
977 2137 1064 2202 ualet
1083 2138 1123 2202 ad
1145 2137 1204 2201 hoc
1226 2137 1324 2201 etiam

191 2240 272 2323 quod
294 2244 496 2324 praeceptum
518 2243 579 2306 est:
603 2259 649 2306 ne
672 2239 928 2323 concepisses
952 2259 1032 2304 rem
1055 2240 1228 2322 proximi
1252 2239 1324 2304 tui.

191 2346 380 2426 quapropter
410 2343 549 2427 quisqms
580 2345 614 2409 in
643 2343 782 2427 proximo
813 2343 898 2407 eliud
926 2342 1033 2425 diligit
1055 2361 1147 2425 quam
1172 2341 1233 2407 sibi
1257 2343 1325 2424 ipse

190 2448 249 2530 est,
280 2465 341 2511 uon
371 2466 443 2511 eum
474 2444 581 2531 diligit
609 2448 771 2528 tamquam
794 2465 827 2511 se
855 2449 968 2529 ipsum.
1000 2446 1068 2529 ipsu
1090 2447 1186 2528 igitur
1208 2447 1349 2513 naturae

189 2549 327 2613 humana
356 2548 422 2614 sine
452 2549 569 2616 carnali
601 2549 781 2614 condicione
807 2548 967 2632 diligenda
997 2552 1054 2632 est,
1086 2550 1151 2615 siue
1181 2549 1223 2614 sit
1251 2566 1323 2630 per·

190 2652 321 2717 ficienda
344 2652 411 2717 siue
435 2652 581 2735 perlecta.
617 2670 724 2719 omnes
748 2656 805 2718 sub
827 2671 887 2717 uno
910 2652 966 2717 deo
989 2658 1077 2734 patre
1101 2652 1226 2735 cognati
1249 2655 1325 2716 sunt

190 2754 245 2837 qui
275 2775 346 2821 enm
376 2756 512 2839 diligunt
542 2759 574 2820 et
604 2755 724 2820 faciunt
755 2758 953 2821 uoluntatem
984 2756 1092 2839 ipsius,
1129 2762 1161 2820 et
1183 2754 1324 2820 inuicem

191 2858 252 2924 sibi
280 2860 357 2923 sunt
386 2864 418 2924 et
447 2864 563 2944 petrea,
594 2878 663 2924 cnm
694 2859 756 2924 sibi
787 2859 962 2936 consulunt,
996 2861 1029 2923 et
1058 2858 1127 2939 filii,
1159 2877 1229 2924 oum
1260 2858 1323 2923 sibi

189 2960 413 3044 obtemperant,
443 2967 474 3027 et
502 2962 616 3029 fratres
647 2962 789 3040 maxime,
821 2962 896 3045 quie
923 2981 974 3029 eos
1004 2981 1082 3028 unus
1111 2965 1200 3043 pater
1229 2963 1348 3031 testa-r

189 3064 296 3131 mento
319 3082 374 3130 suo
397 3065 435 3130 ad
460 3083 554 3130 unam
578 3064 785 3131 hereditatem
808 3068 909 3130 uocat.

233 3185 428 3268 Quapropter
450 3205 504 3250 cur
526 3187 586 3250 iste
602 3204 662 3249 non
677 3186 720 3250 sit
735 3188 869 3252 inuictus
886 3187 1041 3251 hominem
1059 3186 1225 3269 diligendo,
1251 3203 1323 3250 cum

188 3290 222 3352 in
245 3306 279 3354 eo
302 3288 382 3354 nihil
404 3291 526 3371 praeter
549 3290 709 3355 hominem
732 3292 851 3375 diligat,
875 3293 907 3357 id
939 3295 985 3354 est
1012 3293 1186 3356 creaturam
1209 3290 1259 3355 dei
1284 3295 1324 3356 ad

189 3391 254 3457 eius
277 3391 449 3475 imaginem
476 3393 601 3471 factam,
633 3413 688 3459 uec
719 3395 747 3458 ei
777 3393 875 3477 possit
904 3392 1008 3457 deesse
1032 3393 1171 3475 perfecta
1199 3395 1322 3473 nature,

291 3564 309 3617 ὁ
327 3563 427 3618 Macen
445 3564 470 3630 6,
488 3564 523 3618 24
629 3565 662 3619 18
679 3565 726 3619 Ex.
743 3565 786 3632 20,
805 3564 838 3619 17

239 3718 397 3787 3prinatim
409 3719 478 3775 116ι
559 3721 637 3792 luit]
650 3725 697 3776 cut
711 3721 765 3778 G¹o
847 3722 1000 3775 luccamur
1013 3723 1074 3788 (om.
1087 3725 1125 3784 re)
1138 3720 1196 3775 Da
1277 3737 1325 3773 un·

188 3805 325 3861 tursmad
338 3805 402 3874 perf.
417 3807 493 3862 (ἕῑΡι
521 3807 623 3862 adnct.
637 3809 701 3877 peri.
714 3808 801 3865 DG‘o
886 3809 1041 3861 8nostram
1056 3806 1111 3862 G¹o
1198 3806 1232 3859 10
1243 3822 1325 3874 quam

188 3906 279 3945 remo
374 3892 512 3947 oderemus
532 3893 569 3948 P¹
664 3893 725 3948 inde
744 3898 775 3948 ut
794 3894 832 3950 θ’
858 3896 890 3947 ut
907 3893 1003 3948 indeo
1096 3894 1255 3961 optemuso

188 3975 325 4031 meremus
347 3978 378 4033 D
484 3982 514 4036 11
540 3996 604 4051 ergo
625 3997 675 4036 om.
695 3979 731 4034 P¹
836 3980 993 4048 temporalis
1015 3979 1045 4033 D
1147 3981 1327 4033 aeternitates

188 4061 295 4119 ΜΨ
395 4066 428 4122 13
454 4067 507 4136 ipsi
536 4067 590 4122 G'o
687 4066 790 4120 adfines
816 4066 853 4120 Ρι
953 4065 986 4120 14
1012 4065 1199 4119 tantummodo
1226 4064 1257 4118 D

189 4149 222 4202 19
249 4149 306 4218 ipse
330 4151 363 4207 ier
387 4167 442 4207 ras.
470 4170 488 4208 a
514 4169 547 4208 or.
573 4155 591 4206 2
618 4152 645 4208 G
755 4152 790 4206 22
816 4152 919 4220 cogniti
945 4150 981 4206 Ρι
1095 4151 1129 4206 24
1155 4149 1197 4204 fili
1226 4151 1256 4206 D

188 4234 222 4288 29
240 4238 390 4305 pactamT
490 4254 582 4308 poscor
609 4254 661 4293 ea
677 4255 712 4293 m.
729 4242 748 4292 2
765 4239 797 4292 in
813 4253 867 4292 ras.
888 4239 916 4292 P
