2760 4814
452 467 694 538 Eroerptorum
715 469 876 539 capitula.
1191 475 1232 543 27

80 660 281 730 oenvlm.
311 661 387 728 284.
424 661 473 728 De
506 660 606 745 signis
641 661 878 742 superstitiosis
916 664 1029 745 quibus
1063 664 1232 747 perniciose

190 766 383 831 daemonum
406 764 541 831 sooietas
563 764 773 847 eomparatur.

81 868 205 937 GOLX.
229 869 306 936 285.
336 869 383 935 De
413 868 548 934 seientia
576 868 816 945 sententiarum,
850 869 1063 951 oonexionum‚
1094 870 1230 938 defiuiti-

193 991 303 1051 onum,
326 971 517 1038 diuisionum
540 975 572 1037 et
595 970 812 1053 partitionum.

64 1074 221 1143 eccum.
245 1073 322 1141 286.
352 1075 397 1141 Vt
425 1076 544 1142 neoda
568 1074 745 1158 eloquentia
773 1093 806 1141 se
828 1076 985 1158 quispiam
1013 1077 1122 1158 iaotet,
1151 1095 1231 1160 quae

194 1196 259 1244 non
286 1182 324 1244 ut
352 1179 586 1263 intellegamus,
618 1177 674 1245 sed
702 1181 739 1244 ut
768 1177 929 1247 intellecta
956 1179 1150 1263 proferamus
1174 1184 1229 1247 ud·

86 1383 243 1452 ccuxn.
267 1386 341 1452 287.
371 1384 461 1466 Quod
488 1387 612 1451 numeri
641 1384 811 1468 disoiplina
838 1403 901 1450 non
923 1387 966 1451 sit
988 1387 1027 1452 ab
1049 1386 1228 1452 hominibus

194 1490 354 1567 instituta,
377 1491 432 1554 sed
455 1487 558 1571 potius
582 1487 731 1572 indagata
747 1491 780 1553 et
802 1487 944 1565 inuenta3
969 1490 1001 1553 et
1023 1488 1063 1552 ad
1086 1488 1136 1555 dei
1159 1489 1227 1555 lau·

58 1616 81 1655 ιι
194 1593 280 1668 dem,
302 1612 322 1658 a
344 1609 405 1675 quo
427 1610 503 1657 uera
523 1591 767 1679 estpreierenda
790 1595 847 1658 est.

87 1695 260 1765 ceuxnu
284 1697 358 1764 288.
392 1694 480 1777 Quod
509 1696 605 1762 utiles
636 1695 819 1780 disciplinas
848 1695 1105 1779 philosophorum
1134 1695 1227 1761 huius

193 1800 312 1866 saeculi
339 1801 502 1883 tamquam
529 1800 656 1868 diuitias
685 1800 723 1865 de
745 1801 891 1885 Aegypto
913 1801 1017 1866 exiens
1039 1799 1229 1865 christianus

190 1903 313 1968 anferre
335 1903 455 1968 debeat.

89 2005 277 2074 CCLXIIII.
300 2005 374 2073 289.
397 2007 445 2073 De
466 2007 565 2090 signis
587 2005 745 2091 ambiguis
768 2009 800 2073 et
815 2005 1074 2075 distinctionibus
1092 2005 1229 2088 exempli

61 2136 83 2177 ιι
192 2112 299 2194 gratia
320 2110 417 2193 ponit,
440 2110 577 2193 qualiter
599 2111 828 2196 distinguntur:
852 2112 892 2178 in
914 2112 1115 2194 prineipio
1138 2112 1228 2176 erat

193 2215 358 2280 uerbum
380 2217 432 2280 et:
455 2213 548 2298 quid
570 2214 720 2298 eligam
742 2217 893 2298 ignoro.

89 2316 237 2384 oeuxv.
265 2319 339 2385 290.
374 2318 421 2384 De
449 2318 604 2404 ambiguis
633 2319 944 2404 pronuntiationibus
974 2319 1062 2402 pouit
1092 2316 1227 2401 exempli

194 2439 305 2487 eausa:
329 2421 417 2504 quis
439 2422 653 2489 aeousabit
676 2423 828 2490 eleetos
850 2423 941 2489 dei?

91 2523 256 2591 CCLXVL
290 2525 363 2592 291.
400 2524 448 2591 Ι)ι
484 2524 744 2611 ambiguitatibus
782 2526 950 2592 uerborum
989 2525 1224 2603 translatorum,

61 2655 84 2695 ιι
192 2628 229 2693 in
262 2629 374 2712 quibus
407 2629 579 2695 cauendum
609 2631 792 2711 praemonet
813 2648 853 2696 ne
882 2629 1016 2714 figurata
1044 2628 1162 2696 loeutio
1185 2626 1225 2694 ad

10 2724 12 2743 '
193 2731 337 2798 litteram
358 2731 537 2818 aooipiatur.

91 2850 274 2919 CCLXVH.
298 2852 370 2918 292.
399 2852 493 2918 Hune
515 2854 642 2920 modum
662 2852 806 2939 praefigit
828 2852 1037 2921 inueniendae
1060 2854 1225 2922 locutionis

192 2957 359 3040 propriane
386 2975 426 3023 an
454 2955 588 3040 figurata
615 2956 673 3036 sit,
704 2959 740 3022 ut
769 2957 922 3043 quidquid
945 2956 979 3022 in
1002 2956 1165 3041 seripturis
1188 2978 1224 3024 ex

193 3077 324 3143 persona
351 3058 400 3124 dei
431 3061 483 3126 uel
511 3060 693 3125 sanatorum
720 3077 850 3125 saeuum
872 3061 927 3125 aut
949 3058 1140 3144 flagitiosum
1165 3060 1224 3126 im·

62 3186 84 3226 ιι
193 3163 306 3246 peritia
328 3161 464 3243 uidetur,
489 3161 656 3229 salubriter
678 3162 850 3246 figuratum
873 3162 1070 3246 intellegant.

92 3281 288 3350 ocnxvm.
311 3282 384 3348 293.
414 3279 461 3346 De
483 3281 640 3348 sententia
660 3282 816 3366 generalis
839 3282 996 3348 iustitiae:
1026 3283 1126 3367 quod
1148 3282 1224 3348 tibi

195 3384 294 3450 tieri
315 3402 389 3451 non
410 3383 470 3450 uis
492 3384 566 3451 alii
588 3402 631 3450 ne
653 3384 807 3451 feceris.

94 3505 309 3572 CCLXVIIII.
331 3505 406 3572 294.
429 3506 513 3572 Item
535 3509 573 3573 de
595 3505 740 3589 figuratis
754 3507 965 3574 loouuonious
978 3525 1039 3573 non
1055 3507 1226 3573 intellectis

194 3609 318 3676 ιιιιιᾰίιι
339 3611 511 3690 pensandis,
535 3608 684 3693 quamdiu
702 3609 742 3675 ad
756 3628 888 3694 regnum
904 3609 953 3678 dei
968 3609 1110 3677 caritatis
1127 3611 1226 3676 inter·

64 3729 89 3771 ιι
196 3714 330 3796 pretatio
350 3713 548 3798 perducatur.

97 3830 242 3900 CCLXX,
264 3833 336 3901 aab.
367 3833 456 3916 Quod
482 3834 562 3902 seire
583 3832 736 3901 debemus
756 3833 790 3900 iu
813 3833 1082 3902 obseruationibus
1103 3831 1225 3900 intelle·

198 4036 231 4089 15
249 4035 363 4102 10.1‚1
452 4036 484 4091 16
501 4035 621 4107 Philipp.
640 4039 711 4109 1,23
799 4037 832 4092 18
849 4036 927 4092 Rom.
944 4038 969 4104 8,
987 4036 1022 4092 88
1107 4037 1144 4091 26
1161 4035 1226 4095 Τοι.

100 4120 172 4183 ιιι
207 4121 348 4190 launi,
368 4121 401 4178 12

147 4310 164 4363 l
190 4313 217 4362 ιι
240 4310 415 4378 partitionum
440 4309 480 4364 G:
507 4313 687 4389 “portionum
713 4329 780 4391 (om.
806 4315 844 4380 et)
873 4313 899 4369 V
1001 4313 1034 4367 10
1060 4310 1226 4366 referendum

107 4390 129 4445 ι’
224 4393 361 4451 autnon
387 4391 483 4448 ιιιν
578 4399 860 4486 &plumeum
