2760 4814
149 326 233 397 1073
632 319 797 391 Eungpii

147 515 357 581 exteretur
379 510 508 578 unimu
529 510 624 577 illu:
653 511 735 595 quod
756 510 804 577 itu
824 511 927 596 ueeipi
947 513 1065 596 petest,
1089 513 1183 595 quusi
1206 514 1284 578 omri

148 617 241 684 mede
263 614 391 681 terendo
413 614 614 699 extinguetur
629 632 666 679 ec
681 632 745 680 non
760 613 814 680 eit.
849 613 905 680 sed
919 615 1005 697 priue
1020 618 1143 680 nutura
1157 614 1284 681 immor-

148 720 224 787 telie
246 719 370 785 enimue
391 717 477 783 hune
497 716 693 783 intellectum
716 716 856 795 reeueut3
879 716 990 784 deinde
1011 717 1039 783 ei
1062 716 1151 801 qued
1174 718 1283 784 exteri·

144 822 199 889 tur
222 821 307 888 omni
328 820 421 887 mede
448 819 633 905 efficeretur,
649 822 687 885 ut
702 837 764 886 nen
779 821 832 898 eit,
848 838 911 887 nen
925 819 1043 887 diceret
1058 820 1098 886 de
1112 821 1281 906 sapientie:

148 929 187 993 et
209 925 355 1010 gredue
378 923 572 990 ostiorum
594 925 679 990 eius
701 925 862 990 exteret
882 943 948 1006 peu
965 925 1068 990 tuus.
1097 943 1214 991 uerum
1229 924 1309 990 illue

149 1028 295 1095 diseretio
317 1027 419 1112 megie
442 1028 603 1111 magisque
625 1026 848 1093 consideranda
869 1028 928 1107 eet,
944 1029 1053 1093 utrum
1069 1045 1166 1094 neme
1180 1030 1283 1111 peeeet

148 1132 209 1198 nisi
238 1133 293 1198 eut
322 1131 451 1213 Ignarus
480 1135 534 1195 aut
557 1131 662 1195 uietus
684 1134 739 1196 eut
761 1131 977 1196 contemnerer
1003 1129 1088 1196 unde
1109 1150 1198 1198 nune
1218 1131 1282 1197 lur-

148 1254 225 1320 gum
248 1235 297 1299 eet
318 1235 486 1318 disputare.

633 1470 790 1557 cccxi.

144 1661 192 1708 DII
222 1660 267 1708 EO
295 1659 390 1720 QVOD
420 1660 589 1708 SCRIPTVM
617 1660 694 1709 EST:
725 1660 807 1709 NON
836 1661 1094 1710 MORIEII'I'VB
1124 1662 1308 1713 ΡΔἸῚΞΕΒιο

143 1764 224 1813 PRO
258 1764 410 1824 FILIIS,
439 1764 483 1811 ET
510 1765 557 1812 DE
587 1765 633 1813 ΕΟ
663 1765 758 1824 QVOD
786 1765 861 1812 Aru:
884 1765 1060 1813 REDDAII
1091 1767 1279 1816 Pacem

143 1868 315 1917 PATRVM
336 1869 381 1916 IN
403 1867 554 1917 FILIOS·
588 1869 635 1915 EX
657 1868 762 1916 LIBRO
784 1868 1028 1929 QVAESTIONVM
1052 1870 1278 1920 nssvunrtorto·

597 1973 660 2030 IIII,
684 1973 716 2020 Τ.
739 1972 823 2020 xm.

70 2110 136 2178 376
187 2108 270 2174 Non
312 2111 533 2176 morientur
579 2114 714 2192 putres
750 2128 818 2193 pro
853 2109 974 2193 filiis,
1010 2112 1050 2177 et
1086 2113 1176 2178 filii
1209 2131 1276 2179 neu

144 2215 364 2279 morientur
393 2232 461 2298 pro
491 2213 693 2297 putribue;
732 2215 1003 2300 unusquisque
1031 2218 1073 2281 in
1103 2235 1176 2283 sue
1198 2230 1304 2301 peu-¹⁵

143 2320 231 2381 ueto
264 2316 468 2381 morietur.
506 2334 574 2381 ecee
606 2336 667 2382 non
702 2318 805 2382 solum
841 2318 1009 2401 prophetae
1042 2318 1106 2385 hoe
1135 2321 1276 2386 dixerunt

143 2436 255 2484 uerum
292 2421 388 2485 etium
422 2419 471 2485 lex
508 2420 586 2486 dicit
618 2438 676 2485 sue
703 2421 796 2504 eulpa
829 2439 984 2505 quemque
1019 2420 1274 2505 interimendum,

144 2538 207 2586 nen
239 2523 295 2587 eut
327 2521 426 2606 patrie
460 2523 510 2588 eui
536 2524 593 2588 uut
619 2522 677 2588 filii
706 2525 765 2590 eui.
804 2524 879 2608 quid
907 2528 956 2590 est
978 2544 1064 2609 erge,
1089 2527 1176 2611 qued
1204 2526 1275 2593 alibi

144 2623 262 2690 dieitur
294 2625 371 2691 deus
398 2626 565 2693 reddens
607 2629 773 2711 peeeutu
806 2630 843 2695 iu
879 2629 995 2695 filies
1029 2629 1071 2694 in
1105 2632 1274 2697 tertium

142 2730 182 2793 et
214 2731 394 2813 quartum
427 2730 677 2815 progeniem?
704 2750 744 2798 un
767 2732 805 2798 de
828 2732 902 2799 filiis
924 2734 1062 2799 nendum
1087 2735 1177 2801 netis
1198 2734 1302 2802 illude

143 2833 341 2914 intellegitur
363 2838 489 2917 propter
510 2834 660 2918 originale
683 2841 858 2918 peceatum,
887 2837 971 2921 qued
992 2838 1090 2903 etium
1112 2857 1151 2903 ex
1175 2838 1273 2904 Arium

145 2936 243 3001 trerit
274 2955 373 3020 genus
406 2936 602 3003 humanum?
635 2938 687 3005 hie
719 2939 783 3005 ium
813 2941 852 3006 de
883 2940 958 3007 tiliis
991 2941 1076 3007 nuu'e
1110 2946 1161 3007 eet
1195 2940 1273 3007 iectu

143 3039 315 3116 distinctio,
337 3040 375 3105 ut
395 3040 606 3124 unusquisque
629 3040 662 3106 iu
685 3060 739 3108 suo
762 3048 892 3126 peceato
906 3044 1069 3110 morietur.
1108 3062 1172 3111 nen
1194 3046 1271 3110 enirn

143 3142 242 3208 trehit
263 3142 382 3226 aliquid
404 3163 440 3209 ex
461 3150 549 3226 petre
571 3145 626 3228 qui
648 3146 713 3211 iem
735 3147 926 3227 retinuerat,
950 3148 1076 3232 quande
1103 3148 1196 3232 puter
1210 3148 1272 3214 eius

144 3245 295 3329 peeeeuit.
333 3249 386 3312 sed
420 3266 491 3312 eum
525 3249 557 3312 et
590 3247 634 3314 ibi
668 3248 767 3314 dicit:
801 3249 863 3317 hie
897 3252 962 3334 qui
996 3251 1168 3317 ederunt
1204 3264 1299 3329 mest

144 3351 348 3418 menifestum
371 3351 420 3416 eet
442 3352 541 3417 etium
563 3351 653 3418 illem
676 3352 889 3420 condicionem
912 3371 1001 3436 poree
1025 3355 1155 3440 mutari,
1176 3353 1273 3420 eifilii

143 3455 308 3538 parentum
335 3472 461 3520 suerum
484 3453 567 3521 fectu
588 3472 650 3520 non
673 3454 793 3521 fuerint
815 3456 946 3523 imitati.
983 3475 1058 3522 num
1081 3462 1115 3523 et
1136 3457 1220 3525 illud
1240 3476 1272 3523 er

143 3556 245 3624 Adam
277 3558 493 3641 temporaliter
521 3557 673 3637 redditur,
702 3560 775 3644 quie
806 3578 913 3626 omues
943 3568 1071 3646 propter
1100 3561 1162 3627 hee
1182 3563 1272 3627 mori·

243 3743 436 3812 sueretu
525 3743 558 3798 10
570 3747 607 3812 (e
620 3744 665 3813 14)
677 3744 756 3800 utut.
768 3745 811 3811 24,
824 3747 857 3801 re
938 3745 1241 3817 11(19.25)1i1.uo‚5

192 3912 209 3966 5
233 3929 325 3968 uerum
347 3915 383 3969 V:
415 3930 506 3969 uerum
529 3916 566 3972 Μ
668 3917 685 3970 9
707 3932 767 3986 cup.
785 3916 899 3974 cccxi
917 3918 993 3986 um
1019 3918 1135 3974 initium
1152 3919 1274 3976 decutiet

145 3997 181 4068 93
208 4003 295 4053 totum
306 4000 339 4054 tn
355 4001 408 4056 GP
493 4003 526 4057 12
537 4002 753 4058 deutheronomii
769 4003 795 4058 V
879 4004 914 4059 22
932 4004 967 4060 ut
983 4007 1027 4059 eet
1043 4005 1118 4061 seete
1134 4005 1274 4062 dtetinetie

138 4084 238 4153 incipit
258 4084 282 4155 Q
300 4086 358 4151 (sot.
377 4088 441 4140 219¹
458 4087 516 4143 eod.
535 4088 572 4154 P)
659 4090 694 4144 23
711 4090 842 4145 morietur
861 4090 885 4161 Q
973 4090 1210 4149 turribium
1238 4095 1274 4150 ibi

143 4170 167 4241 Q
252 4170 287 4225 26
304 4173 386 4226 etiem
404 4174 481 4229 MV:
512 4191 572 4230 euru
594 4175 617 4246 Q
704 4176 932 4248 eendIeieuqu
1017 4176 1113 4232 situi
1130 4184 1274 4250 pareutum

139 4255 215 4312 MV:
244 4255 316 4313 sieut
332 4257 363 4312 in
381 4261 522 4327 pareutum
544 4260 568 4330 Q
670 4262 704 4316 27
722 4263 854 4318 immiteti
872 4263 909 4318 Μ
934 4264 1074 4319 immutati
1096 4264 1121 4335 Q
