2760 4814
329 515 495 586 Excerpta
512 532 548 571 ex
564 533 635 587 opp.
654 518 681 572 S.
699 520 887 589 Augustini
909 522 932 576 Ι.
1157 525 1197 589 41

54 707 229 790 aliquando
254 724 352 769 unum
375 705 459 771 cedit
482 709 519 770 ut
540 706 630 786 plura
652 709 836 784 succedant;
872 710 959 774 uolut
981 711 1036 792 qui
1058 711 1198 777 ebriosus

55 812 123 893 tuit,
164 810 194 874 si
229 807 389 873 modicum
422 805 531 872 bibere
565 809 734 872 tenacitate
770 813 803 874 et
836 810 1007 876 ambitione
1041 813 1196 879 didicerit.

53 919 187 995 possunt
223 912 323 976 stiam
356 910 438 974 uitia
469 909 578 975 cedere
613 911 710 976 etiam
744 912 831 977 uitiis
860 916 1103 995 succedentibus,
1136 937 1197 982 uon

54 1016 246 1094 uirtutibus,
278 1019 311 1079 et
333 1014 403 1078 ideo
431 1014 522 1096 plura
548 1018 633 1080 sunt.
671 1016 774 1078 uirtus
797 1034 869 1080 uero
890 1037 950 1100 quo
973 1037 1035 1084 una
1058 1023 1197 1104 ingressa

36 1120 159 1195 afuerit,
184 1118 336 1200 quoniam
358 1135 466 1181 secum
481 1121 600 1182 ceteras
622 1117 719 1194 ducit,
743 1119 882 1201 profecto
905 1121 987 1185 uitia
1002 1125 1113 1187 cedent
1130 1142 1198 1186 om·

55 1224 107 1287 nia
139 1239 360 1305 quaecumque
388 1220 525 1297 inerant;
563 1239 624 1284 non
654 1224 738 1285 euim
772 1223 876 1287 omnia
901 1225 1036 1307 inerant,
1060 1227 1115 1290 sed
1138 1226 1198 1290 ali·

55 1329 178 1408 quando
214 1325 364 1400 totidem,
401 1324 570 1405 aliquando
603 1325 694 1404 plura
730 1325 926 1408 paucioribus
964 1326 1014 1390 uel
1051 1331 1197 1410 pauciora

56 1429 202 1511 pluribus
229 1425 451 1492 succedebant.

95 1549 186 1612 Haec
218 1558 327 1611 utrum
356 1544 404 1611 ita
433 1564 466 1610 se
496 1547 630 1612 habeant
660 1546 845 1630 diligentius
879 1548 1101 1629 inquirendum
1136 1552 1193 1614 est.

29 1670 115 1717 enon
138 1651 229 1716 euim
252 1655 285 1714 et
308 1651 369 1715 iste
390 1650 497 1715 diuina
519 1649 673 1714 sententia
696 1654 752 1727 est,
777 1669 838 1733 qua
862 1651 992 1716 dicitur:
1022 1653 1075 1734 qui
1098 1671 1194 1716 unam

56 1757 210 1820 uirtutem
245 1753 390 1817 habuerit
423 1771 528 1817 cinnes
562 1752 672 1834 hebet,
713 1754 802 1836 eique
845 1754 932 1818 nulla
970 1758 1017 1818 est
1052 1757 1101 1820 cui
1133 1772 1196 1818 une

58 1859 206 1934 defuerit,
246 1861 299 1922 sed
334 1856 512 1922 hominibus
546 1855 604 1920 boc
632 1856 736 1921 uisum
766 1860 813 1922 est
837 1858 972 1923 multum
996 1859 1122 1940 quidem
1145 1859 1193 1921 in·

59 1962 204 2043 genimis,
240 1959 400 2034 studiosis,
429 1959 545 2033 otiosis,
582 1963 634 2024 sed
668 1963 775 2023 tamen
807 1960 996 2026 homiuibus.
1033 1980 1089 2043 ego
1120 1981 1194 2026 uero

60 2067 160 2131 nescio
198 2062 461 2147 quemadmodum
496 2063 608 2136 dicam,
643 2081 705 2127 non
727 2064 797 2127 dico
827 2066 940 2147 uirum,
975 2081 1076 2146 aquo
1099 2065 1193 2129 deno·

32 2169 177 2233 amicata
200 2168 319 2232 dieitur
341 2167 452 2241 uirtus,
476 2169 528 2230 sed
552 2168 649 2229 etiam
670 2166 845 2244 mulierem,
870 2186 948 2250 quae
964 2167 1030 2232 uiro
1047 2187 1103 2232 suo
1127 2187 1193 2232 scr·

61 2275 110 2334 nat
131 2270 194 2336 tori
218 2269 324 2353 fidem,
348 2269 376 2332 si
398 2268 456 2333 hoc
479 2268 575 2332 faciat
597 2271 722 2350 propter
739 2273 938 2352 praeceptum
957 2275 989 2334 et
1005 2273 1191 2351 promissum

60 2377 101 2438 dei
125 2378 217 2457 eique
240 2374 390 2455 primitus
412 2372 454 2436 sit
477 2372 587 2456 tidelia,
611 2390 673 2436 non
696 2374 812 2439 habere
835 2375 1020 2456 pudicitiam
1043 2379 1099 2440 aut
1122 2393 1192 2438 eam

60 2478 176 2542 nullam
207 2478 259 2541 uel
289 2495 420 2560 paruam
449 2495 515 2541 esse
544 2479 709 2559 uirtutem3
744 2479 788 2541 sio
812 2485 844 2542 et
871 2479 1031 2553 maritum,
1061 2477 1114 2560 qui
1138 2477 1195 2540 hoc

61 2583 181 2662 quidem
213 2587 321 2645 seruat
351 2581 454 2656 urcri3
489 2583 521 2644 et
548 2587 656 2646 tamen
687 2587 759 2646 sunt
790 2582 919 2662 plurimi
953 2584 1032 2647 tales
1058 2600 1191 2665 quorum

34 2686 122 2749 »sine
157 2686 265 2768 aliquo
301 2690 428 2767 peccato
461 2702 528 2749 esse
562 2685 718 2750 neminem
752 2685 893 2763 dixerim,
928 2686 961 2750 ot
983 2687 1090 2768 utique
1114 2683 1193 2750 iliud

60 2789 284 2870 qualecumque
316 2792 478 2871 pacsanum
505 2807 540 2852 er
571 2788 675 2872 aliquo
705 2789 785 2854 uitio
811 2789 907 2853 uenit.
939 2793 1018 2853 unde
1042 2788 1193 2870 pudicitia

61 2893 232 2975 coniugalis
265 2893 300 2956 in
329 2892 407 2956 uiris
441 2893 625 2976 seminisque
660 2894 815 2974 religiosis
850 2910 922 2958 cum
956 2892 1063 2973 procul
1098 2892 1192 2956 dubio

61 2999 158 3060 uirtus
181 2999 224 3061 sit
240 3033 282 3042 —
298 3012 358 3060 non
380 2997 464 3060 enim
489 2999 545 3060 aut
570 2996 649 3061 nihil
672 3001 727 3061 aut
743 2997 858 3060 uitium
874 2997 922 3060 est
936 3030 979 3041 —
1001 3013 1063 3060 uon
1085 3000 1193 3060 tamen

62 3117 162 3163 mum
185 3098 284 3164 habet
306 3117 414 3164 omnes
437 3099 588 3174 uirtutes;
622 3118 695 3164 nam
710 3099 736 3164 si
753 3118 858 3165 omnes
873 3100 919 3165 ibi
933 3103 1045 3181 essent,
1070 3099 1193 3163 nullum

37 3210 138 3266 sesses
173 3203 305 3280 nitium;
341 3203 367 3266 si
397 3203 521 3267 nullum
554 3203 679 3281 uitium,
713 3202 835 3267 nullum
867 3204 992 3267 omnino
1023 3206 1194 3284 peecatum.

64 3307 128 3386 quis
160 3312 268 3369 autem
298 3305 365 3370 sine
391 3305 495 3387 eliqno
517 3309 666 3388 peccato?
703 3307 772 3387 quis
796 3323 868 3388 ergo
891 3307 957 3370 sine
979 3306 1082 3386 aliquo
1106 3304 1194 3376 uitio,

65 3409 92 3471 id
117 3420 167 3472 est
196 3409 306 3473 fomite
337 3410 473 3490 quodam
504 3411 555 3474 uel
585 3408 675 3492 quasi
706 3409 808 3473 radice
831 3410 959 3490 peceati,
984 3428 1056 3474 cum
1079 3409 1195 3472 clamet

65 3513 115 3592 qui
137 3531 232 3594 super
253 3515 363 3594 pectus
384 3513 504 3577 domiui
530 3512 761 3578 discumbebat:
792 3513 827 3577 si
857 3513 1072 3576 dixerimus
1103 3510 1196 3591 quia

65 3624 260 3694 peccatum
298 3635 369 3681 nou
406 3616 613 3697 habemus,
652 3635 719 3681 nos
757 3619 864 3698 ipsos
904 3614 1125 3698 decipimus
1158 3614 1195 3676 et

40 3719 213 3783 seueritas
244 3720 282 3783 in
313 3717 428 3784 nobis
457 3737 530 3784 uon
557 3721 639 3784 est?
677 3737 774 3803 neque
797 3719 856 3786 hoc
880 3719 963 3801 apud
985 3722 1017 3783 to
1040 3714 1195 3801 agendum

164 3921 373 3985 aelicta

115 4109 241 4164 thebata
258 4109 345 4164 ΜΨ
381 4089 479 4166 bibere¹
497 4112 537 4166 P²
631 4112 766 4170 dedicerit
784 4110 842 4165 ΒΡ
940 4110 1088 4178 3poesnnt
1105 4109 1198 4175 itaque

73 4212 125 4248 ’σι
142 4196 380 4262 :curvom
482 4198 855 4264 bnon-inerantom.M¹
959 4197 1072 4249 15uero
1095 4193 1146 4274 1¹¹·
1179 4265 1192 4273 -

73 4281 101 4332 lo*
124 4282 194 4336 thuri
226 4282 337 4338 omre
441 4283 473 4336 17
498 4288 543 4338 ant
563 4301 634 4374 camp
663 4289 778 4352 audiam
807 4283 860 4337 G¹o
888 4286 937 4339 aut
954 4282 1009 4336 iem
1035 4280 1074 4336 θ’
1102 4288 1150 4334 aut
1168 4294 1200 4332 ea

74 4364 104 4417 Ρ·
183 4370 216 4424 19
232 4369 341 4438 quidem
354 4368 427 4423 MV:
454 4366 661 4457 idamDQPJr„
753 4368 900 4428 abdixerit
913 4367 968 4424 G¹c
1054 4365 1089 4420 23
1107 4369 1200 4419 tanam

75 4451 106 4503 G·
199 4455 236 4510 28
253 4469 333 4522 ⁸111>ss
351 4453 377 4506 T
473 4450 504 4503 29
515 4457 680 4576 step-pimus]
701 4456 865 4527 ”ducimm
882 4457 912 4513 D
