2760 4814
328 528 494 598 Excerpta
512 545 546 583 er
563 546 632 600 opp
652 531 678 585 S.
696 532 884 600 Augustini
908 534 947 587 10.
1163 537 1205 603 93

58 725 237 796 creatores,
271 720 300 784 si
332 739 389 804 pro
422 720 605 786 subtilitate
638 719 687 786 sui
720 740 830 787 seusus
861 724 893 788 et
915 724 1049 805 corporis
1083 725 1204 789 semina

58 843 172 889 rerum
201 821 336 888 istarum
366 822 457 888 uobis
485 823 653 889 occultiora
683 829 836 891 nonerunt
858 828 890 891 et
913 845 949 892 ea
970 846 1025 909 per
1048 839 1203 912 congruas

61 927 312 1009 temperationes
330 926 557 992 elementomm
580 927 715 993 latenter
739 934 891 1013 spargunt
912 933 1006 1012 atque
1029 931 1075 994 ita
1102 933 1132 995 et
1155 934 1203 1013 gi·

61 1031 262 1114 gnendarum
284 1046 388 1094 rernm
412 1032 445 1094 et
475 1031 746 1096 accelerandorum
769 1033 1029 1099 incrementorum
1051 1036 1203 1116 praebent

42 1133 257 1198 secessiones.
296 1133 349 1198 sod
380 1152 437 1198 uec
465 1132 537 1198 boni
569 1134 645 1199 baec
666 1135 725 1198 nisi
750 1137 901 1217 quantum
925 1136 999 1200 deus
1022 1137 1120 1215 iubet,
1144 1154 1202 1202 uec

63 1236 140 1301 mali
171 1236 250 1300 baec
276 1234 397 1302 iniuste
424 1236 544 1302 faciunt
573 1237 634 1300 nisi
663 1243 818 1320 quantum
839 1238 921 1302 iuste
944 1241 1010 1322 ipse
1032 1239 1199 1323 permittit.

61 1357 137 1403 uam
167 1339 270 1421 iniqui
300 1339 422 1405 malitis
444 1339 645 1405 uoluntatem
672 1358 762 1405 susm
787 1340 906 1405 habeut
927 1342 1089 1418 iniustam,
1106 1346 1201 1424 pote·

62 1445 182 1508 statem
211 1445 319 1506 autem
347 1459 407 1507 uon
436 1441 497 1506 uisi
519 1443 600 1507 iusto
623 1441 781 1524 accipiunt
804 1443 870 1508 siue
894 1445 932 1508 ad
956 1461 1044 1508 suam
1068 1461 1201 1527 poenam

62 1548 131 1611 sine
162 1549 201 1611 ad
233 1547 367 1610 aliorum
394 1547 446 1611 nel
474 1564 604 1628 poenam
635 1548 791 1612 melorum
813 1547 866 1612 uel
887 1547 1013 1613 laudem
1036 1547 1199 1612 bonorum.

32 1648 171 1732 sitaque
207 1649 375 1732 apostolus.
405 1648 583 1715 discernens
616 1641 750 1716 interius
784 1651 878 1716 deum
912 1655 1071 1717 creantem
1105 1652 1199 1733 etque

61 1753 254 1817 formantem
270 1753 310 1816 ab
325 1753 470 1834 operibus
485 1755 656 1833 creaturae,
675 1770 754 1836 (prae
770 1755 978 1819 admouentur
995 1754 1198 1830 extrinsecus,

62 1863 93 1919 et
108 1856 150 1920 de
165 1855 361 1938 agricultura
375 1856 616 1921 similitudinem
634 1861 801 1923 adsumens
818 1859 878 1923 ait:
903 1877 973 1941 ego
995 1858 1199 1941 plantadi,

62 1958 206 2041 Apollo
228 1960 403 2044 rigauit3
433 1961 497 2026 sed
520 1961 612 2026 deus
635 1963 925 2028 incrementum
957 1962 1077 2025 dedit.
1116 1959 1199 2025 sicut

61 2078 135 2145 ergo
167 2063 201 2127 iu
237 2061 305 2143 ipsa
339 2064 407 2128 uita
439 2066 545 2129 nostra
576 2068 714 2130 mentem
748 2064 944 2130 iustificaudo
978 2064 1113 2129 formare
1135 2082 1196 2127 uon

30 2167 166 2248 apotest
187 2167 250 2230 nisi
274 2165 357 2244 dens,
385 2167 563 2249 praedicare
591 2169 697 2234 autem
728 2169 917 2233 extrinsecus
941 2168 1139 2250 euangelium
1164 2167 1197 2231 et

60 2267 206 2332 bomines
239 2271 371 2352 possum
400 2286 461 2335 non
489 2272 591 2335 solum
622 2273 692 2337 boui
723 2290 779 2354 per
812 2272 981 2336 ueritatem
1015 2271 1069 2335 sed
1100 2269 1196 2334 etiam

60 2372 139 2436 mali
168 2390 228 2454 per
257 2374 463 2438 occasionem:
494 2373 540 2438 ita
569 2375 760 2439 creationem
791 2393 895 2439 rerum
919 2373 1093 2439 uiaibilium
1117 2374 1195 2436 deus

59 2474 194 2539 inten'ue
223 2479 381 2557 operatur,
411 2477 578 2541 exteriores
609 2478 714 2542 autem
738 2480 931 2559 operationes
953 2477 1020 2540 siue
1044 2477 1194 2541 bonorum

58 2578 126 2642 siue
146 2577 306 2643 malorum
327 2579 380 2644 uel
404 2582 584 2662 augelorum
607 2580 660 2645 uel
674 2580 836 2645 hominum
853 2581 920 2645 siue
933 2581 1029 2645 etiam
1045 2595 1192 2660 quorum·

29 2699 194 2765 »cumque
218 2683 401 2748 animalium
429 2683 598 2748 secuudum
620 2684 785 2767 imperium
809 2702 900 2748 sunm
924 2688 956 2748 et
979 2701 998 2747 a
1020 2701 1053 2747 se
1075 2682 1194 2764 imper·

57 2784 136 2850 titas
159 2785 399 2851 distributiones
426 2790 619 2869 potestatum
643 2790 676 2852 et
698 2787 905 2871 appetitiones
933 2784 1194 2851 commoditatum

58 2888 103 2952 ita
136 2906 245 2952 rerum
279 2891 408 2956 naturae
440 2891 579 2968 adhibet,
612 2889 644 2956 iu
678 2909 740 2973 qua
775 2894 860 2956 creat
893 2889 1006 2971 omnia,
1043 2887 1194 2970 quemad·

58 2990 188 3056 modum
212 2996 314 3056 terrae
334 2993 569 3077 agriculturam.
601 2994 786 3078 quapropter
808 2993 855 3058 ita
870 3010 932 3059 nou
947 3011 1072 3076 possum
1090 2992 1193 3057 dicere

57 3095 189 3176 angelos
205 3094 305 3159 malos
319 3095 451 3178 magicis
467 3097 589 3162 artibus
604 3101 747 3161 euocatos
764 3099 918 3160 creatorae
934 3095 1029 3160 luisse
1045 3110 1193 3159 ranarum

28 3200 155 3280 samue
190 3200 394 3281 serpentium,
429 3200 512 3264 sicut
543 3217 604 3264 nou
635 3217 760 3281 possum
791 3199 893 3264 dicere
922 3198 1065 3263 homiues
1094 3195 1193 3261 malos

58 3301 175 3382 segetis
199 3317 265 3365 esse
286 3305 448 3378 creatores,
471 3319 565 3386 quam
583 3320 638 3385 per
653 3320 759 3367 eorum
776 3321 900 3386 operam
917 3303 1026 3366 uidero
1043 3303 1192 3365 exortam.

58 3404 140 3467 mcut
174 3421 235 3468 nec
257 3403 348 3469 Iacob
380 3408 500 3470 creator
532 3406 669 3469 colomm
699 3406 731 3470 iu
752 3408 915 3487 pecoribus
944 3404 1016 3478 luit,
1051 3401 1124 3484 quia
1146 3402 1194 3465 bi·

60 3506 208 3571 uatibus
231 3506 266 3571 iu
288 3512 438 3592 conceptu
457 3508 612 3574 matribus
627 3509 763 3574 uarietas
779 3513 886 3593 uirgas
902 3523 979 3590 quas
994 3505 1194 3572 intuerentur

163 3689 198 3743 la
215 3689 301 3745 ICor.
318 3691 373 3758 3,6
462 3693 494 3746 16
512 3692 544 3746 cl.
556 3691 675 3761 Philipp.
695 3693 766 3758 1,18
851 3692 885 3746 at
906 3691 939 3745 cl.
952 3689 1017 3746 Gen.
1035 3691 1077 3757 30,
1090 3690 1122 3744 41

107 3861 125 3915 2
152 3859 210 3930 per]
237 3875 258 3928 p
283 3860 322 3915 Ρ·
425 3861 443 3914 3
469 3861 853 3916 latenter-incrementorum
880 3879 929 3918 om.
962 3864 987 3918 Τ
1087 3865 1114 3916 et
1141 3878 1192 3917 om.

60 3947 101 4002 Gn
208 3946 225 4000 4
247 3945 478 4001 adeelerandornm
502 3948 602 4004 DG¹P
705 3949 913 4004 boccansiones
936 3950 1021 4005 9¹0¹
1126 3949 1194 4002 bona

60 4034 97 4088 G·
192 4031 299 4104 libate]
316 4048 365 4088 nec
385 4032 429 4088 Gc
519 4035 686 4091 'lmalitiam
705 4035 736 4091 D
822 4035 948 4091 habetet
966 4036 1065 4105 accipit
1081 4035 1123 4088 D²

58 4119 75 4172 8
98 4120 190 4173 iustae
218 4117 245 4173 Τ
342 4119 360 4173 9
387 4118 497 4174 illorum
523 4120 611 4177 DGP
719 4126 750 4178 ll
778 4124 965 4177 ammonentur
993 4121 1018 4175 Τ
1050 4122 1194 4174 mouentur

61 4205 103 4259 Gr
206 4205 240 4259 la
264 4220 403 4260 muman·
432 4205 487 4260 G¹c
597 4208 629 4265 16
655 4209 775 4270 ueritate
800 4207 843 4262 D'
957 4207 989 4261 11
1011 4207 1194 4261 occansionem

62 4292 136 4347 6¹1⁶
220 4290 252 4347 al
270 4291 492 4346 distribuitionen
506 4292 543 4347 θ’
626 4294 838 4377 p0toetatsmY
922 4294 956 4349 24
974 4292 1087 4361 angelus
1105 4293 1193 4347 malus

61 4376 98 4430 D'
199 4377 235 4432 td
249 4378 350 4450 cogitis
370 4376 411 4432 θ’
513 4392 632 4451 operio
740 4381 776 4441 27
795 4381 902 4436 creatur
920 4380 959 4439 D¹
1061 4379 1193 4434 caelorum

64 4462 87 4516 T
168 4462 213 4534 qui
230 4464 269 4520 P·
358 4461 394 4517 28
411 4465 592 4532 ccuwoptuo
615 4481 777 4562 wnoeptum
797 4466 868 4524 D'P
957 4466 1046 4524 naman
1066 4466 1121 4522 G²v
