2760 4814
127 500 192 568 920
607 496 771 567 Eueioeii

129 688 248 771 aliquid
281 688 326 752 fit
368 705 441 753 nam
474 690 542 753 eine
572 687 731 752 alimentis
765 705 826 752 non
860 705 1023 768 possumus
1052 689 1170 771 ninere,
1200 709 1249 755 neo

127 796 245 870 temen,
279 809 349 855 oum
381 790 530 856 affuerint
564 791 727 866 alimenta,
762 791 807 854 eis
841 790 886 865 fit,
920 791 956 854 ut
987 791 1080 858 uiuat
1102 797 1156 876 qui
1178 792 1249 858 mori

128 895 271 960 noluerit.
316 912 388 976 ergo
418 894 606 959 adiutorium
627 893 848 958 alimentorum
870 894 927 970 est,
950 893 1103 976 sineque
1126 914 1188 961 non
1209 896 1249 972 fir,

130 1016 193 1063 non
222 1015 281 1079 quo
304 997 351 1075 fit,
374 1001 410 1062 ut
433 997 585 1062 uiuamus
618 1002 652 1061 at
674 1016 746 1063 nero
768 997 939 1076 beatitudo,
963 1016 1056 1081 qnam
1079 1018 1142 1065 non
1165 1000 1250 1065 habet

131 1101 232 1178 homo,
264 1120 334 1165 errm
365 1100 440 1165 data
469 1100 572 1178 fuerit,
605 1101 749 1165 continuo
771 1101 809 1165 fit
832 1100 950 1166 boatus.
995 1102 1187 1167 adiutorium
1209 1106 1274 1165 ests

132 1204 215 1268 enim
237 1222 297 1268 uon
320 1205 431 1279 solum,
454 1206 521 1267 sine
537 1221 596 1287 quo
619 1222 679 1268 non
703 1202 749 1280 fit,
765 1223 875 1268 uerum
891 1205 987 1269 etiam
1003 1223 1064 1287 quo
1079 1205 1118 1269 fit
1132 1210 1250 1288 propter

131 1308 214 1389 qnod
236 1311 338 1373 detur.
384 1309 570 1389 quapropter
592 1308 649 1372 hon
671 1307 861 1373 adiutorium
884 1312 915 1372 et
937 1325 996 1390 quo
1020 1308 1056 1372 fit
1079 1311 1128 1373 est
1146 1312 1178 1373 et
1191 1308 1250 1372 sine

132 1430 191 1493 qno
214 1430 276 1475 non
298 1411 344 1488 tit,
367 1410 440 1492 quia
462 1415 492 1474 et
515 1411 543 1474 si
566 1412 638 1475 data
661 1410 755 1475 fuerit
776 1409 895 1475 homini
919 1410 1095 1488 beatitudo,
1112 1411 1248 1477 continuo

132 1516 169 1579 fit
197 1516 315 1591 beatur,
346 1518 377 1578 et
406 1513 432 1577 si
462 1513 536 1578 deta
566 1532 734 1596 numquam
758 1513 864 1592 fuerit,
887 1532 1059 1595 numquam
1083 1514 1154 1579 erit.
1198 1512 1249 1578 ali-

131 1619 240 1682 menta
257 1636 331 1681 uero
346 1635 407 1680 non
423 1622 644 1700 consequenter
660 1617 792 1698 faciunt,
808 1620 845 1682 ut
859 1617 950 1683 homo
965 1617 1065 1698 uiuat,
1082 1618 1137 1682 sed
1152 1622 1248 1682 tamen
1256 1636 1274 1677 ιι

134 1723 200 1786 sine
230 1720 295 1784 illis
326 1736 388 1783 non
410 1723 512 1801 potest
534 1720 649 1785 uiuere.
687 1721 785 1802 primo
810 1720 916 1802 itaque
939 1720 1069 1797 homini,
1093 1720 1147 1802 qni
1169 1720 1202 1784 in
1221 1738 1250 1782 eo

132 1823 222 1901 bono,
256 1839 315 1903 quo
339 1821 440 1886 faetus
485 1826 554 1887 erat
583 1826 695 1898 rectus,
726 1827 885 1904 acceperat
914 1840 1003 1905 posse
1033 1842 1095 1888 non
1125 1839 1249 1905 peccare,

132 1945 222 2010 posse
244 1944 306 1990 non
328 1925 418 2006 mori,
442 1944 531 2007 posse
554 1926 658 2007 ipsum
680 1926 797 1991 bonum
821 1945 881 1991 non
903 1926 1054 2004 deserere,
1080 1929 1188 1991 datum
1209 1926 1251 1987 est

134 2030 323 2095 adiutorium
345 2031 599 2111 perseuerantiae,
623 2049 683 2103 non
700 2048 758 2112 quo
778 2030 879 2105 fieret,
903 2034 937 2094 ut
960 2031 1182 2113 perseueraret,
1202 2028 1249 2092 sed

135 2135 200 2199 sine
223 2151 281 2217 quo
304 2151 358 2216 per
380 2132 512 2197 liberum
534 2133 700 2199 arbitrium
722 2151 919 2216 perseuerare
941 2150 1002 2197 non
1024 2134 1140 2215 posset.
1177 2147 1276 2196 nnnoo

134 2257 207 2303 uero
240 2237 357 2302 sanetis
391 2237 423 2300 in
455 2256 587 2320 regnum
620 2238 669 2302 dei
701 2257 755 2319 per
786 2238 923 2317 gratiam
949 2236 1000 2301 dei
1022 2232 1249 2318 praedestinatis

136 2360 198 2406 non
212 2341 275 2406 tale
291 2340 480 2405 adiutorium
502 2342 746 2422 perseuerantiae
766 2341 867 2418 datur,
892 2340 946 2405 sed
969 2342 1043 2420 tale,
1066 2342 1103 2405 ut
1125 2340 1168 2404 eie
1190 2356 1249 2420 per-

137 2445 313 2510 seuerantia
334 2444 402 2526 ipse
417 2446 558 2518 donetur,
583 2463 642 2509 non
661 2444 764 2508 solnm
785 2446 822 2508 nt
845 2444 912 2508 sine
934 2445 995 2509 isto
1018 2445 1099 2509 dono
1116 2460 1249 2526 perseue-

137 2552 241 2613 rantes
271 2565 417 2612 essenon
440 2548 571 2630 possint,
595 2566 704 2611 uerum
727 2549 823 2611 etiam
845 2548 882 2611 ut
904 2566 959 2630 per
981 2546 1039 2612 hoo
1063 2549 1178 2614 donum
1198 2562 1249 2611 non

137 2651 197 2715 nisi
230 2654 465 2733 perseuerantes
498 2650 570 2715 sint.
615 2668 675 2714 non
711 2650 813 2715 solum
849 2649 933 2715 enim
967 2650 1062 2715 dixit:
1096 2651 1183 2715 sine
1203 2665 1277 2713 meu

138 2753 239 2817 nihil
268 2755 437 2834 potestis
466 2754 613 2831 facere,
651 2772 760 2817 uerum
783 2755 880 2819 etiam
904 2755 998 2820 dixit:
1022 2774 1096 2819 non
1120 2771 1184 2820 uos
1205 2767 1251 2815 me

138 2857 338 2940 elegistis,
369 2857 437 2922 sed
468 2876 535 2939 ego
566 2858 671 2940 elegi
700 2876 770 2922 uos
793 2861 830 2921 et
852 2857 967 2941 posui
991 2858 1141 2933 uos,·ut
1161 2852 1249 2921 eatis

140 2963 176 3024 et
197 2959 368 3024 fructum
392 2959 583 3025 afferetis
606 2963 645 3024 et
668 2959 827 3026 fruetus
850 2961 1166 3025 uestermaneat.
1193 2954 1250 3038 qni·

140 3066 198 3128 bus
223 3063 327 3127 uerbis
350 3063 393 3127 eis
416 3080 477 3128 non
499 3065 601 3129 solnm
624 3063 779 3128 iustitiam
809 3082 917 3128 nerum
941 3062 1035 3127 etiam
1057 3062 1090 3126 in
1114 3061 1172 3127 illa
1190 3074 1248 3142 per·

141 3167 347 3232 sonorantium
383 3186 415 3232 se
450 3167 572 3232 dedisse
609 3168 807 3232 monstrauit.
852 3165 974 3231 Christo
1011 3165 1095 3230 enim
1133 3164 1177 3229 sio
1207 3172 1270 3225 eost

141 3272 285 3353 ponente,
308 3273 344 3334 ut
366 3271 440 3333 eant
462 3272 494 3333 et
515 3270 654 3334 fructum
678 3268 811 3333 afferant
826 3274 857 3333 et
873 3268 991 3334 fruetus
1007 3285 1117 3333 eorum
1131 3268 1245 3333 menet,

142 3375 210 3455 quis
222 3374 333 3437 audeat
345 3373 460 3437 dicere:
479 3391 558 3457 „non
576 3373 757 3437 manebit“?
772 3372 842 3454 quis
857 3373 968 3436 audeat
983 3371 1099 3436 dicere:
1118 3366 1244 3451 „forsitan

143 3493 203 3541 non
226 3475 411 3540 manebit“i
446 3476 529 3540 sine
562 3476 808 3558 paenitentia
840 3476 933 3540 aunt
966 3474 1074 3539 enim
1106 3475 1195 3538 dona
1220 3463 1242 3526 rt

142 3578 299 3643 noeatio
329 3578 407 3659 dei,
439 3579 491 3643 sed
522 3579 645 3643 uooatio
675 3598 781 3643 eorum
805 3577 858 3660 qui
881 3577 1051 3643 secundnm
1074 3573 1241 3660 propositum

143 3683 244 3747 uocati
277 3683 361 3746 sunt.
398 3700 453 3763 pro
478 3682 525 3745 his
556 3681 656 3763 igitur
677 3680 898 3763 interpellante
921 3678 1055 3758 Christo,
1080 3699 1119 3745 ne
1140 3664 1264 3743 defitieto

145 3784 220 3848 fides
250 3803 366 3869 eornm,
397 3784 462 3849 sine
492 3784 586 3849 dubio
616 3802 677 3848 non
700 3783 823 3848 deiioiet
852 3801 946 3866 nsque
967 3782 1001 3846 in
1023 3783 1128 3860 finem,
1155 3796 1186 3843 ao
1202 3784 1241 3855 pes

246 3987 334 4041 2010.
355 3988 431 4051 15,5
528 3988 618 4042 2110.
638 3988 678 4055 15,
697 3988 730 4042 16
827 3988 862 4041 28
880 3988 953 4042 Rom.
973 3987 1013 4053 11,
1031 3987 1067 4041 29

197 4173 359 4230 deffuerint
374 4176 411 4230 V:
437 4177 574 4232 affluerint
592 4178 620 4232 P
714 4177 730 4231 6
749 4176 845 4244 solum]
863 4175 921 4230 lex
933 4174 988 4243 off)
1007 4191 1079 4230 corr.
1096 4178 1157 4230 rel
1176 4168 1198 4227 V

147 4260 326 4329 tuumquam
344 4262 397 4315 erit
417 4262 483 4319 GP:
511 4279 562 4321 om·
585 4262 612 4317 V
710 4262 743 4316 12
760 4277 813 4331 quo
833 4260 900 4316 GP:
930 4275 983 4329 qua
1004 4260 1031 4315 V
1132 4244 1246 4326 1511052‘

147 4346 225 4401 P’Vr
260 4347 348 4415 poerit
376 4349 402 4404 G
436 4364 513 4416 posse
539 4349 578 4404 Ρι
686 4348 721 4403 24
747 4348 796 4401 iila
825 4347 890 4403 GP:
912 4347 1002 4401 ¹illem
1032 4345 1059 4400 V
1155 4344 1187 4398 2¹1
1206 4342 1247 4391 1¹⁰n

146 4430 397 4488 manebit-dicere
415 4434 482 4490 PV:
514 4451 566 4490 om.
586 4435 613 4490 G
