2760 4814
198 265 263 333 568
682 263 847 334 ungrppn

201 456 318 522 uersari
342 457 408 522 eius
431 456 578 521 narratio.
615 455 697 521 nihil
725 456 831 538 itaque
853 454 940 521 alind
970 455 1219 540 intellegendum
1244 457 1334 526 arbi-

200 563 266 625 tror
294 561 355 625 nisi
382 577 443 625 non
472 559 597 643 quidem
623 560 717 625 aliam
747 559 843 624 fnisse
866 558 1038 638 mulierem,
1070 577 1148 641 quae
1171 562 1335 643 peccatrix

200 666 276 728 tunc
303 664 433 728 accessit
463 665 502 728 ad
531 665 623 745 pedes
645 662 718 728 Iesu
740 665 772 727 et
794 662 932 727 osculata
955 666 1004 727 est
1025 663 1057 728 et
1086 662 1165 728 lauit
1186 664 1332 732 lacrimis

200 765 233 830 et
253 766 345 831 tersit
366 765 489 848 capillis
512 767 544 832 et
565 765 654 831 unxit
683 767 819 849 ungento
841 802 884 814 -
906 766 995 830 onius
1016 765 1162 832 dominns
1184 766 1333 835 adhibita

199 868 406 935 similitudine
436 869 474 935 de
506 869 625 935 duobus
655 867 848 934 debitoribus
877 868 923 933 ait
953 868 1123 935 dimissa
1148 889 1218 936 essa
1242 891 1367 956 pec-r

200 973 287 1038 cata
307 973 447 1050 multa,
480 972 662 1055 quoniam
685 970 834 1036 dilexit
862 972 1026 1038 multum
1048 1009 1088 1022 -
1112 972 1167 1038 aad
1195 977 1332 1042 eandem

200 1075 335 1141 Mariam
364 1075 412 1141 bie
441 1077 499 1142 hoc
522 1076 644 1154 fecisse,
674 1075 771 1140 semel
792 1074 922 1156 scilicet,
953 1075 1034 1158 quod
1056 1075 1153 1142 Lucas
1175 1079 1330 1156 narrauit,

199 1197 271 1244 cum
299 1179 402 1261 primo
431 1179 579 1245 accedens
602 1197 673 1243 cum
702 1177 758 1243 illa
786 1177 968 1243 humilitate
991 1181 1022 1245 et
1050 1178 1188 1246 lacrimis
1210 1184 1331 1247 meruit

198 1287 396 1366 peccatorum
418 1282 640 1348 remissionem.
676 1299 751 1346 nam
773 1279 832 1346 hoc
854 1285 886 1346 et
908 1280 1069 1362 Iohannes,
1096 1283 1243 1365 quamuis
1265 1303 1330 1351 nou

198 1384 282 1451 sicut
309 1385 408 1451 Lucas
437 1386 698 1468 quemadmodum
730 1383 848 1450 factum
882 1388 966 1450 esset
999 1385 1181 1464 censuerit,
1219 1387 1367 1454 tamenn

198 1487 301 1569 ipsam
315 1488 449 1552 Mariam
464 1487 685 1554 commendans
701 1488 966 1565 commemorauit,
989 1506 1060 1553 cum
1075 1487 1139 1553 iam
1154 1488 1193 1553 de
1207 1488 1328 1556 Lazaro

199 1590 410 1656 resuscitando
433 1592 585 1673 coepisset
607 1590 704 1675 loqui,
728 1592 896 1674 antequam
921 1591 1042 1656 ueniret
1070 1591 1104 1656 in
1126 1591 1329 1660 Bethaniam.

199 1694 282 1776 qnod
313 1695 359 1759 ita
392 1693 435 1759 ibi
468 1697 591 1759 narrat:
626 1696 711 1759 erat
733 1695 865 1760 autom
886 1694 1063 1777 quidam,
1096 1694 1208 1777 inquit,
1243 1697 1330 1763 lan·

200 1814 321 1881 guone
354 1797 525 1862 Lazarus
555 1795 796 1863 aBethania
829 1798 872 1862 de
907 1797 1074 1863 castello
1103 1797 1255 1864 Mariae
1288 1802 1329 1866 et

197 1897 394 1978 Marthae,
430 1899 582 1966 sororis
615 1902 718 1983 eius,
755 1900 884 1966 Maria
916 1901 1046 1966 autem
1084 1908 1188 1982 erat,
1226 1921 1366 1986 quaen

199 2003 314 2068 unxit
343 2004 540 2069 dominum
570 2008 745 2088 ungento
768 2010 806 2068 et
828 2004 996 2068 extersit
1017 2006 1136 2087 pedes
1158 2004 1244 2072 eiua
1267 2024 1328 2072 ca·

199 2106 315 2189 pillis
337 2106 435 2191 suis,
463 2105 570 2172 cuius
593 2106 720 2172 frater
741 2106 912 2171 Lazarus
934 2105 1232 2173 infirmabatur.
1267 2108 1329 2175 hoc

199 2209 303 2275 dicens
325 2208 480 2275 lohannes
503 2211 670 2275 attestatur
692 2210 802 2289 Lucae,
834 2210 887 2291 qui
909 2208 967 2274 hoo
995 2209 1027 2274 in
1052 2209 1142 2275 domo
1164 2210 1329 2277 Pharisaei

200 2312 362 2378 cuiusdam
377 2312 511 2378 Simonis
534 2313 652 2378 factum
674 2330 740 2377 esee
763 2311 916 2377 narrauit.
948 2312 1011 2377 iam
1027 2313 1134 2395 itaque
1149 2313 1206 2379 hoc
1221 2313 1329 2381 Maria

198 2417 326 2482 iecerat.
359 2416 440 2498 qnod
462 2420 569 2482 autem
590 2418 624 2482 in
637 2415 792 2483 Bethania
814 2434 921 2481 nuans
950 2414 1027 2480 iecit
1049 2416 1136 2483 aliud
1161 2421 1219 2500 est,
1242 2419 1367 2502 quodao

198 2521 237 2584 ad
259 2519 359 2584 Lucae
389 2521 600 2586 narrationem
629 2539 691 2585 non
720 2521 869 2603 pertinet,
900 2523 954 2587 sad
984 2520 1100 2603 pariter
1129 2523 1279 2587 narratur
1308 2543 1329 2589 a

199 2621 311 2698 tribus,
335 2622 472 2689 Iohanne
495 2623 625 2703 scilicet,
649 2624 811 2690 Matthaeo
834 2625 867 2689 et
888 2625 1006 2690 Marco.
1088 2611 1091 2616 ⁵

241 2723 330 2790 Inter
357 2726 432 2791 istos
461 2725 560 2810 igitur
583 2728 656 2805 tres,
678 2725 885 2807 Matthaeum,
916 2726 1058 2793 Marcum
1080 2730 1112 2792 et
1141 2725 1328 2807 Iohannem,

199 2829 457 2911 quemadmodum
498 2829 557 2896 hoc
586 2830 753 2896 conueniat
781 2831 999 2916 attendamus,
1042 2831 1080 2896 de
1115 2829 1228 2913 quibus
1264 2852 1329 2899 non

299 3015 475 3082 5an.l,4l
547 3017 759 3087 1310.11,1rq.
827 3017 862 3073 22
874 3017 958 3074 chlo.
972 3019 1014 3082 12,
1025 3019 1093 3074 1-8
1112 3015 1247 3081 hiereli,
1258 3018 1329 3073 3-9

251 3186 582 3258 2quidem1quidamo
683 3187 737 3242 alia
758 3187 785 3242 V
884 3187 996 3243 muliere
1019 3189 1047 3242 A
1149 3189 1225 3259 quae]
1244 3204 1328 3260 quam

198 3306 237 3361 1³¹
340 3306 484 3378 peccatriax
512 3307 539 3362 V
646 3280 779 3363 hemaii
796 3310 862 3376 (coes
879 3309 944 3365 aad.
961 3325 996 3364 aa
1013 3311 1041 3374 2)
1060 3308 1088 3362 A
1189 3309 1328 3365 osculatur

199 3427 265 3483 aar
363 3401 522 3499 saihsto
545 3432 573 3497 <v
594 3429 760 3494 cauea)
782 3432 809 3487 v
909 3431 1032 3486 merore
1054 3431 1096 3500 (a
1118 3429 1183 3486 aar.
1205 3434 1330 3487 aare

199 3517 265 3584 rue.)
283 3514 312 3570 P
332 3514 495 3572 adhibenso
584 3516 603 3572 6
619 3516 827 3572 similitudinem
844 3533 861 3572 c
945 3517 1059 3572 demissa
1076 3517 1105 3572 P
1193 3519 1211 3572 6
1228 3518 1328 3588 multa]

199 3616 251 3658 orn·
274 3600 312 3657 P¹
413 3604 431 3659 8
447 3602 507 3675 illa]
526 3603 576 3658 illa
592 3603 704 3659 muliere
720 3605 759 3658 A¹
863 3603 896 3659 10
917 3603 994 3674 essct]
1013 3618 1069 3658 eaeo
1087 3603 1130 3658 Po
1232 3618 1328 3659 nam·

200 3718 299 3775 aar
402 3723 580 3780 renuam
601 3725 628 3779 V
722 3724 754 3779 13
771 3724 984 3794 necepses
1078 3693 1241 3794 andorn
1269 3725 1329 3781 un·

199 3819 267 3875 gaes
292 3807 321 3862 P
431 3810 464 3866 15
489 3817 592 3866 martae
621 3812 648 3867 V
751 3826 851 3865 sorores
878 3812 906 3865 A
1018 3810 1104 3865 maria
1128 3812 1202 3865 uum
1232 3809 1261 3865 V

200 3908 234 3964 16
252 3907 399 3981 dominum]
417 3911 530 3982 pedeao
632 3887 751 3985 uniente
769 3916 798 3984 (u
814 3912 879 3972 odd.
897 3930 931 3972 aa
949 3915 979 3984 2)
1001 3914 1025 3970 V
1053 3915 1201 3984 ungentem
1218 3915 1257 3970 A¹

201 4030 235 4085 18
250 4032 388 4087 utentur
404 4034 444 4089 Ρ1
459 4035 493 4090 in
509 4051 563 4091 rue.
669 4037 702 4093 19
719 4035 837 4107 aymoine
854 4053 872 4093 o
969 4035 1004 4090 20
1022 4007 1092 4091 ierat
1109 4038 1148 4102 (ce
1165 4034 1231 4093 adri.
1247 4053 1285 4092 ar.
1296 4041 1328 4107 2)

200 4116 230 4172 P
328 4117 363 4173 22
379 4120 530 4177 mattheum
548 4122 576 4178 A
674 4138 793 4178 marcum
810 4123 840 4177 A
941 4122 976 4176 22
993 4121 1065 4177 inter
1080 4121 1328 4197 inor-lineam]

199 4221 252 4270 One.
272 4210 328 4268 A'c
