2760 4814
194 297 266 364 :190
480 340 486 351 .
686 293 850 364 llnglppii

202 485 231 552 si
253 486 328 551 dare
356 483 551 568 principium,
581 483 662 567 quod
683 483 726 549 sit
748 486 855 551 contre
882 483 985 550 deum.
1029 499 1093 549 non
1118 482 1202 548 enim
1224 483 1335 549 edent

202 587 387 670 intellegere
409 605 502 656 omne
525 588 607 671 qnod
630 590 688 667 est,
717 586 751 653 in
774 588 926 671 qnantum
946 584 1053 673 eliqua
1072 585 1253 653 substantia
1273 588 1333 669 est,

201 693 236 759 et
262 690 379 757 bonum
408 709 476 757 esse
503 695 535 757 et
563 691 624 757 nisi
648 690 692 757 ab
715 688 769 756 illo
792 707 874 767 nero,
898 708 918 757 n
939 707 1000 772 qno
1022 707 1114 755 omne
1136 690 1252 755 bonnm
1275 692 1333 772 ost,

203 811 356 860 essenon
385 811 488 878 posse;
522 793 637 860 malem
671 811 743 859 uero
777 791 974 858 uoluntatem
1002 791 1180 858 inordinate
1212 792 1334 859 moneri

196 895 283 980 bona
316 897 463 984 inferiora
496 896 707 981 superioribus
740 897 971 981 praeponend03
1005 896 1099 980 alque
1132 895 1179 960 its
1212 894 1372 961 factumn

202 1017 267 1066 csse
288 1000 326 1069 ut
346 1001 508 1067 rationalis
537 1004 697 1087 creatores
718 999 856 1084 ,spiritus
878 1017 936 1065 sna
957 1000 1113 1084 potestate
1134 1002 1261 1083 propter
1283 1016 1334 1064 ex-

196 1093 383 1189 cellentiam
412 1104 584 1170 delectatus
613 1105 799 1171 tumesceret
826 1101 983 1188 superbia,
1012 1121 1068 1186 per
1090 1122 1184 1186 quam
1207 1103 1334 1169 coderet

201 1206 444 1273 abeatitudine
477 1206 627 1291 spiritalis
659 1205 797 1290 paradisi
826 1207 858 1271 st
884 1205 1060 1273 insidentia
1092 1206 1335 1272 contabesceret.

202 1308 316 1392 inquo
346 1311 455 1377 tamen
483 1310 600 1392 bonum
629 1311 677 1376 est
699 1308 757 1375 hoc
787 1310 901 1392 ipsum,
931 1310 1013 1394 qnod
1035 1309 1117 1375 uiuit
1139 1312 1172 1375 et
1191 1308 1336 1375 uinificet

202 1430 313 1497 corpus
341 1415 408 1481 sine
437 1416 565 1495 aerium,
593 1413 676 1481 sicut
697 1413 797 1498 ipsius
819 1413 936 1480 diaboli
959 1414 1010 1481 uel
1032 1411 1218 1479 daemonnm
1240 1411 1373 1495 spiri-n

203 1518 264 1597 tus,
287 1517 353 1581 siue
369 1521 538 1602 terrenum,
557 1517 641 1585 sicut
655 1517 791 1589 hominis
806 1517 912 1585 anima
925 1517 1073 1598 cuiusuis,
1089 1518 1187 1582 etiam
1200 1514 1335 1599 maligni

203 1620 299 1700 etque
331 1622 477 1702 peruersi.
526 1621 571 1688 ite
603 1624 677 1687 dnm
709 1622 821 1687 nolunt
848 1620 979 1702 aliquid,
1000 1621 1082 1703 quod
1114 1622 1189 1686 deus
1224 1617 1335 1684 fecerit

202 1721 328 1805 proprie
350 1723 514 1789 uoluntate
536 1741 673 1807 peccare,
695 1723 793 1807 ipsius
808 1725 857 1790 dei
872 1722 1085 1789 substantiam
1100 1722 1208 1789 dicunt
1230 1722 1333 1804 primo

201 1825 387 1893 necessitate
413 1829 447 1892 et
474 1828 548 1910 post
575 1825 809 1910 inexpiabiliter
838 1825 1000 1909 uoluntate
1031 1829 1208 1908 corruptam
1238 1830 1333 1909 atque

202 1943 391 2008 perpernam.
431 1928 485 1995 sed
514 1931 553 1996 ‹ls
584 1930 717 1999 istorum
750 1930 986 1996 dementissimo
1020 1947 1123 1997 errore
1156 1928 1234 1995 alias
1267 1928 1371 1997 iamre

197 2029 304 2101 ,multa
325 2030 470 2099 diximus.
527 2092 531 2104 ,
562 2100 565 2104 Α

245 2167 282 2232 In
316 2169 373 2235 hoc
405 2174 511 2236 autem
544 2187 634 2253 opere
662 2169 874 2253 quaerendum
908 2172 956 2234 est
989 2172 1157 2235 secundnm
1191 2173 1335 2234 sanctam

196 2271 392 2354 :scripturam
419 2272 496 2355 qnid
518 2275 556 2338 de
578 2272 702 2339 diabolo
731 2271 897 2338 dicendum
918 2276 970 2338 sit.
1003 2275 1140 2354 primum
1162 2275 1269 2337 utrum
1293 2271 1334 2337 nb

201 2372 295 2440 initio
315 2372 416 2458 ipsius
439 2375 548 2440 mundi
570 2393 627 2441 sna
648 2377 804 2458 potestate
829 2376 1004 2442 delectatas
1034 2375 1192 2443 abstiterit
1212 2373 1252 2439 ab
1277 2373 1335 2440 illa

201 2475 350 2543 societate
374 2481 406 2542 et
429 2480 569 2556 caritate,
592 2496 654 2560 qna
675 2479 761 2544 boeti
783 2481 859 2545 sunt
879 2480 994 2563 angeli,
1018 2480 1071 2562 qni
1094 2478 1242 2543 fruemur
1264 2480 1372 2558 deon

195 2595 242 2644 an
275 2579 378 2662 aliquo
409 2584 554 2662 tempore·
577 2581 610 2646 in
641 2585 748 2647 sancto
778 2586 868 2649 coetu
898 2583 995 2650 fuerit
1024 2582 1204 2666 angelornm
1234 2580 1334 2647 etiam

200 2681 268 2763 ipss
302 2683 421 2763 pariter
454 2684 557 2748 iustus
579 2687 611 2748 et
637 2686 754 2767 pariter
784 2686 902 2751 boetus.
940 2685 1080 2751 nonnulli
1097 2686 1192 2750 ¹onim
1224 2683 1334 2748 dicunt

202 2785 305 2867 ipsum
340 2787 367 2850 ei
401 2785 497 2851 luisse
532 2804 640 2855 cesum
668 2806 688 2853 n
717 2789 860 2872 supernis
893 2789 1030 2868 sedibus,
1068 2787 1150 2870 qnod
1182 2785 1334 2851 insiderit

196 2887 322 2957 ¹homini
343 2888 427 2954 lacto
450 2893 490 2956 ad
512 2891 683 2975 imaginem
706 2892 766 2957 dei.
804 2910 894 2974 porro
920 2897 1025 2959 antem
1048 2890 1169 2957 inuidia
1189 2890 1335 2972 seqnitur

200 2991 389 3074 snperbinm,
414 3011 475 3061 non
497 2995 670 3078 praecedit3
693 3013 755 3060 non
779 2995 863 3062 enim
879 3013 972 3062 causa
992 2993 1190 3078 superbiendi
1212 2996 1261 3059 est
1282 2991 1372 3065 in-rs

202 3094 298 3176 nidis,
327 3097 382 3161 sed
410 3112 510 3162 causa
531 3097 693 3163 incidendi
714 3099 871 3180 superbia.
906 3116 978 3164 oum
1001 3100 1098 3182 igitur
1120 3095 1268 3180 snperbia
1290 3096 1334 3164 sit

201 3215 288 3263 amor
318 3198 521 3264 excellentiae
550 3200 700 3283 propriso,
731 3199 852 3267 inuidia
880 3220 954 3268 uero
977 3203 1019 3267 sit
1041 3200 1146 3267 odium
1169 3197 1333 3264 felicitatis

202 3300 331 3385 alienae,
365 3301 440 3383 quid
471 3301 552 3367 ande
575 3297 730 3368 ·nescntur
759 3304 836 3368 satis
866 3303 899 3368 in
936 3304 1061 3386 promtu
1095 3303 1161 3387 sst3
1200 3301 1333 3367 ornando

202 3404 287 3469 enim
310 3405 438 3488 quisque
461 3405 673 3474 excellentiam
704 3424 794 3472 snam
815 3407 868 3472 uel
889 3406 1017 3491 paribus
1039 3405 1169 3487 inuidet,
1198 3403 1282 3490 quod
1303 3405 1333 3469 ei

196 3756 199 3764 .
250 3708 355 3781 tuero]
368 3711 491 3767 nerodeo
503 3712 573 3771 Pl'o
656 3714 751 3784 tesso]
764 3715 833 3771 esto
914 3717 1087 3769 meatnreo·
1151 3712 1334 3783 louperbiam

193 3797 274 3859 ,Pe
325 3797 519 3868 Speredysic
606 3799 638 3855 10
655 3800 808 3856 aerenmP
832 3800 954 3859 aerim
1040 3800 1071 3855 11
1091 3799 1209 3868 maligne
1226 3798 1265 3852 Ρι

202 3882 383 3958 nesciente
449 3885 520 3940 *it
540 3885 710 3955 amabiliter
728 3897 766 3945 o„
798 3931 807 3948 .
853 3886 887 3943 18
908 3887 995 3956 primo
1013 3885 1093 3942 PT'o
1117 3899 1210 3954 promo
1230 3884 1265 3943 T!

192 3967 235 4022 .1s
261 3967 411 4028 dilectatue
431 3969 459 4027 P
492 4014 495 4021 .
528 4019 530 4023 ,
560 3971 594 4026 93
611 3972 637 4028 ei
655 3986 739 4028 mato
842 3971 1009 4028 innidereto
1045 4018 1048 4025 .
1112 3969 1147 4027 24
1168 3973 1261 4027 antem
1284 3986 1336 4027 one.

201 4054 229 4108 P
262 4066 289 4107 ¹.
331 4054 463 4114 inuicem
487 4057 576 4127 me
597 4073 668 4116 corr.
685 4062 749 4117 sal
853 4057 975 4128 seqnitur
992 4072 1079 4114 oneo
1110 4102 1114 4112 .
1179 4055 1336 4126 repressi·

191 4139 245 4204 odit
270 4139 308 4217 Ρ
411 4143 713 4213 licit-snperbia]
813 4143 847 4200 27
871 4159 959 4199 amors
976 4143 1010 4205 ‚2⁴
1109 4140 1215 4211 incidie
1238 4141 1268 4197 Ρ

201 4226 236 4282 28
254 4226 322 4282 nnde
340 4228 378 4283 Ρ1
395 4229 428 4284 ia
445 4244 548 4292 rasura
651 4232 779 4304 promptu
799 4231 839 4287 To
891 4285 894 4289 ,
940 4229 975 4285 29
993 4229 1095 4290 inuidit
1113 4228 1149 4285 1³¹
