2760 4814
203 252 267 317 770
683 248 849 319 Eueioeii

139 455 142 465 ’
202 441 300 523 igitur
336 440 431 505 otiam
468 440 597 521 spiritus
631 440 758 504 sanetus
795 441 837 516 ot,
876 438 904 502 si
938 438 1087 521 aequalis,
1121 437 1156 503 in
1189 440 1331 505 omnibus

203 542 341 627 aequalis
354 545 480 624 propter
494 558 651 606 summam
665 542 911 624 simplieitatem,
936 561 1013 625 quae
1031 541 1065 605 in
1080 541 1138 606 illa
1154 543 1332 608 substantie

202 650 259 713 ost.
309 647 341 710 ot
371 645 441 711 ideo
473 664 533 712 non
566 646 699 729 emplius
734 664 827 728 quem
861 645 924 710 trie
957 647 1045 711 eunt:
1080 663 1164 709 unus
1197 645 1331 729 diligens

202 768 273 815 eum
295 750 347 831 qui
371 750 408 813 de
431 748 486 813 illo
510 752 567 828 est,
589 753 622 813 ot
645 767 724 814 unus
746 747 880 830 diligens
902 766 974 813 oum
996 748 1033 812 de
1056 764 1117 828 quo
1135 748 1195 828 est,
1217 748 1331 832 etipse

201 851 334 918 dilectio.
364 869 441 933 quae
463 849 491 914 si
513 849 592 915 nihil
615 851 672 929 est,
696 850 847 931 quomodo
872 852 964 915 dous
986 848 1161 915 dileetio
1187 854 1274 917 oet?
1306 851 1357 915 sio

201 972 262 1020 non
284 955 539 1032 ostorbertum,
563 953 714 1037 quomodo
740 954 813 1018 deus
838 952 1016 1019 substantie
1038 952 1109 1018 est?

634 1239 893 1325 ooxxllvssl.

202 1434 248 1482 DE
277 1429 364 1480 sono
392 1430 463 1477 1)Εο
490 1430 582 1478 VERO
611 1431 724 1478 PATRn
752 1431 796 1478 ΕΤ
825 1431 919 1478 FILIO
949 1432 993 1479 ΕΤ
1021 1430 1157 1480 SPIRITV
1188 1431 1326 1483 senem.

281 1574 284 1581 .
353 1533 399 1581 EX
422 1533 541 1581 EODEM
563 1534 667 1582 LIBBO
688 1534 735 1581 DE
757 1534 941 1582 TRINI'I'ATE
964 1535 1011 1595 VI,
1035 1535 1065 1583 Τ.
1088 1535 1177 1583 vnn.

131 1677 196 1745 260
247 1672 288 1737 lit
316 1672 463 1754 quoniam
485 1672 686 1750 ostendimus,
720 1673 872 1755 quomodo
899 1673 998 1755 possit
1026 1672 1088 1738 ‹lioi
1117 1672 1204 1738 solus
1232 1673 1357 1755 putenm

204 1775 277 1858 quin
304 1792 364 1840 uon
393 1776 453 1840 nisi
480 1775 548 1857 ipso
577 1775 740 1858 impetor,
767 1775 989 1841 considerando
1011 1779 1057 1840 ost
1078 1773 1138 1840 illo
1159 1774 1325 1855 sententie,

203 1896 264 1961 que
292 1878 406 1942 dicitur
434 1897 544 1943 uorum
568 1879 660 1944 oleum
683 1896 743 1944 non
765 1898 829 1945 osso
850 1882 972 1963 patrem
994 1879 1107 1962 solum,
1130 1878 1186 1943 eod
1209 1882 1326 1962 petrem

204 1980 357 2047 etlilium
380 1981 412 2046 et
433 1981 580 2064 spiritum
602 1986 755 2048 sanetum.
790 1984 816 2047 ei
839 1983 909 2065 quio
932 1984 1015 2048 enim
1036 1983 1220 2064 interroget,
1243 1982 1328 2065 petor

203 2084 288 2149 eolus
315 2086 423 2150 utrum
451 2084 494 2149 sit
520 2085 605 2161 deus,
636 2086 787 2168 quomodo
819 2086 1056 2169 respondebitur
1083 2102 1144 2148 non
1169 2103 1246 2164 esso,
1270 2084 1328 2149 nisi

204 2187 283 2252 forto
312 2188 358 2253 ite
387 2188 539 2263 dieamus,
570 2207 633 2252 esse
662 2187 790 2271 quidem
819 2190 941 2270 petrem
965 2191 1065 2267 doum,
1096 2185 1151 2251 sod
1173 2206 1236 2253 nou
1258 2207 1357 2252 eumue

203 2308 270 2355 esso
298 2290 401 2355 solum
429 2291 531 2374 oleum,
566 2309 633 2355 esse
656 2294 762 2355 eutem
785 2291 886 2355 solum
909 2289 1000 2356 eoum
1030 2292 1151 2371 patrem
1174 2289 1329 2356 etlilium

204 2397 236 2457 et
268 2393 415 2476 spiritum
444 2394 611 2458 sanetum?
645 2395 697 2457 sod
731 2393 806 2475 quid
841 2393 961 2476 agimus
995 2393 1033 2457 ‹le
1066 2391 1121 2455 illo
1150 2393 1329 2459 testimonio

204 2495 344 2561 domiui?
371 2496 453 2579 petri
476 2496 560 2560 enim
582 2494 706 2560 dioebet
728 2496 760 2560 ot
782 2501 902 2576 petrem
925 2494 1150 2574 nomineuemt,
1174 2495 1215 2559 ed
1239 2514 1330 2579 quem

204 2597 399 2679 loquebatur,
428 2618 500 2664 oum
528 2599 591 2664 eit:
620 2600 714 2664 hoeo
741 2601 801 2663 eet
823 2602 955 2663 autem
977 2600 1064 2663 uite
1085 2598 1267 2681 aeterne,
1291 2602 1331 2662 ut

204 2703 442 2784 cognoscant
464 2705 500 2767 to
522 2721 638 2767 unum
660 2720 796 2767 uerum
820 2702 940 2767 deum.
987 2700 1067 2785 quod
1090 2701 1218 2785 quidem
1241 2702 1363 2767 Arri-oo

204 2803 257 2868 ani
279 2805 324 2869 oio
344 2804 447 2869 oolont
469 2807 617 2889 recipere,
641 2808 728 2888 quasi
751 2824 811 2871 non
834 2808 876 2870 sit
898 2804 982 2870 filius
1001 2806 1050 2870 dei
1073 2823 1177 2869 uerus.
1217 2805 1331 2888 quibus

204 2906 336 2973 exclusis
365 2908 534 2973 uidendum
562 2910 619 2984 ost,
649 2928 689 2973 nn
719 2908 899 2990 intellegere
929 2926 1085 2992 cogemur,
1116 2926 1188 2973 oum
1212 2907 1331 2974 dictum

204 3012 254 3077 est
280 3012 380 3094 petri:
402 3015 446 3075 ut
468 3017 711 3095 eognoscent
733 3013 771 3076 to
794 3030 908 3076 unum
932 3012 1218 3090 eorumdem,
1249 3016 1332 3077 tem·

204 3132 299 3197 quem
321 3115 378 3181 hoo
399 3115 556 3180 insinuare
579 3116 722 3192 uoluerit,
746 3117 820 3198 quie
843 3120 874 3180 et
897 3115 982 3180 solus
1004 3120 1093 3198 peter
1117 3115 1194 3180 deuo
1211 3120 1269 3195 est,
1292 3134 1332 3179 ne

204 3237 264 3283 nou
297 3217 548 3301 intellegeremus
584 3219 676 3283 doum
711 3219 771 3284 nisi
805 3218 875 3301 ipse
907 3219 968 3283 trie
1001 3218 1106 3301 simul,
1141 3223 1268 3301 petrem
1300 3222 1365 3286 otoo

204 3322 305 3387 filium
334 3323 366 3387 et
393 3322 538 3406 spiritum
564 3325 721 3387 nanctum.
759 3342 835 3387 num
857 3341 929 3407 ergo
951 3341 987 3386 ex
1010 3322 1128 3387 domini
1152 3322 1333 3388 testimonio

206 3428 237 3489 et
260 3429 381 3508 petrem
405 3445 503 3492 unum
524 3444 636 3492 uerum
658 3425 750 3491 doum
773 3425 907 3492 dicimus
931 3424 1084 3491 etlilium
1106 3444 1206 3490 unum
1221 3445 1334 3492 uerum

205 3527 297 3593 deum
328 3530 361 3594 et
389 3529 536 3611 spiritum
565 3533 710 3596 sanctum
737 3548 834 3595 unum
864 3548 973 3594 uorum
1002 3528 1094 3594 doum
1124 3529 1272 3608 dicimo,
1301 3528 1334 3595 et

305 3733 489 3801 mnne
593 3736 898 3804 mmmmme

256 3918 349 3988 loap.
368 3919 449 3976 conl
468 3921 496 3975 P
523 3921 634 3976 CCLIII
654 3922 696 3978 Go
781 3923 937 3976 8doonoro
950 3921 1025 3976 MV:
1054 3920 1178 3975 uorodeo
1192 3921 1265 3977 GPo

202 4004 328 4059 lleodom
347 4005 420 4059 MV:
438 4020 488 4059 om.
508 4004 579 4061 GPo
664 4011 684 4060 t.
698 4007 783 4063 VIIII
799 4008 874 4062 MV:
901 4006 1101 4075 capituloVIII
1115 4006 1158 4061 Gn
1242 4006 1279 4061 10
1297 4008 1333 4063 llt

203 4090 407 4159 quoniam-26
424 4106 489 4145 num
506 4106 569 4160 ergo
590 4092 665 4148 MV:
695 4109 746 4148 om.
765 4093 835 4150 01²0
937 4093 972 4147 25
994 4091 1212 4160 intellegeremus
1228 4109 1261 4147 a:
1293 4095 1334 4149 iu·

202 4177 386 4246 tollogerimne
408 4176 435 4232 V
531 4178 614 4253 Mox
636 4179 719 4236 oPo:
748 4185 775 4235 ot
792 4179 858 4236 MV
957 4179 989 4234 27
1008 4179 1097 4249 deum]
1116 4177 1254 4235 dominio
