2760 4814
310 519 477 590 Excerpta
493 534 528 574 ex
546 536 616 591 opp.
634 519 662 577 S.
681 520 870 591 Augustini
890 519 955 577 m.
1137 523 1199 591 143

101 714 156 780 An
187 730 261 777 cum
291 711 429 794 primum
458 709 554 778 fiebat
584 710 763 777 informitas
786 710 937 776 materiae
958 710 1026 777 siue
1048 711 1199 798 spiritalis

58 818 126 886 eine
149 815 333 900 corporalis,
356 834 420 881 non
442 815 511 882 eret
533 812 718 880 dicendum:
741 813 846 880 dixit
867 814 976 880 deus:
1011 814 1102 896 fiat,
1127 816 1201 901 quia

59 921 197 987 formam
230 919 318 987 uerbi
348 937 469 1004 semper
491 916 575 1003 patri
598 919 797 996 cohaerentis,
829 936 890 1003 quo
912 920 1101 1004 sempiterne
1122 921 1200 987 dicit

59 1027 134 1090 dene
171 1022 288 1104 omnia,
326 1041 427 1106 neque
461 1041 537 1088 sono
569 1023 656 1087 uocis
693 1041 793 1106 neque
831 1022 1020 1105 cogitatione
1057 1026 1198 1108 tempora

40 1144 207 1193 ssonornm
238 1125 395 1204 uoluente,
426 1127 480 1192 sed
504 1128 668 1193 coaeterna
690 1123 753 1190 sibi
776 1126 845 1190 luce
867 1144 886 1191 a
908 1143 941 1190 se
962 1127 1089 1212 genitae
1112 1126 1197 1210 sapi·

58 1231 163 1296 entiae
193 1247 254 1294 non
287 1228 433 1296 imitatur
464 1227 670 1313 imperfectio,
705 1246 777 1293 eum
807 1228 969 1294 dissimilis
993 1229 1032 1294 ab
1054 1247 1090 1294 eo
1113 1230 1197 1312 quod

59 1350 180 1399 summe
205 1349 243 1398 ac
265 1332 414 1416 primitus
438 1336 486 1399 est
509 1331 702 1398 informitate
717 1331 851 1416 quadam
874 1333 976 1398 tendit
990 1331 1031 1397 ad
1044 1333 1196 1418 nihilum;

58 1438 108 1503 sed
131 1437 212 1501 tunc
233 1434 381 1502 imitatur
402 1433 489 1501 uerbi
521 1434 656 1500 formam
684 1453 805 1519 semper
830 1436 925 1519 atque
953 1434 1196 1502 incommutabi-

59 1538 130 1605 liter
160 1538 247 1624 patri
279 1538 507 1616 cohaerentem,
538 1555 610 1603 eum
632 1538 664 1602 et
685 1536 753 1620 ipsa
774 1556 831 1621 pro
852 1537 901 1603 sui
925 1538 1045 1622 generis
1068 1557 1196 1605 conner-

31 1643 144 1709 osione
175 1640 218 1708 ad
247 1642 281 1707 id
311 1641 392 1727 quod
422 1658 494 1706 uere
515 1659 552 1706 ac
581 1642 705 1725 semper
734 1644 791 1723 est,
825 1641 858 1707 id
886 1645 933 1706 est
962 1641 1002 1707 ad
1025 1646 1196 1708 creatorem

58 1764 133 1812 suae
157 1745 368 1821 substantiae,
391 1743 525 1810 formam
541 1745 627 1829 capit
643 1744 674 1810 et
696 1744 730 1809 fit
754 1744 896 1828 perfecta
918 1748 1084 1812 ereatura?
1106 1749 1141 1812 ut
1164 1749 1195 1813 in

59 1867 92 1914 eo
115 1849 200 1932 quod
224 1847 384 1932 scriptura
413 1848 537 1915 narrat:
568 1848 672 1914 dixit
703 1847 814 1913 deus:
846 1847 944 1927 fiat,
975 1849 1195 1934 intellegamus

58 1952 106 2016 dei
136 1952 262 2017 dictum
285 1953 499 2034 incorporeum
524 1951 570 2035 [in
593 1953 708 2017 natura
731 1952 817 2017 uerbi
841 1951 907 2017 eius
929 1952 1082 2018 coaeterni
1106 1972 1196 2019 reuo-

56 2053 160 2121 cantis
190 2054 287 2120 adse
316 2053 587 2137 imperfectionem
617 2057 785 2135 creaturae,
818 2058 854 2120 ut
885 2074 946 2120 non
977 2056 1021 2121 sit
1043 2055 1194 2137 informis,

28 2156 112 2222 used
135 2156 292 2223 formetur
314 2158 486 2223 secundum
509 2156 645 2242 singula,
669 2178 747 2242 quae
766 2177 822 2242 per
844 2157 986 2224 ordinem
1010 2159 1196 2242 exequitur?

54 2261 88 2326 in
111 2279 177 2344 qua
201 2262 401 2326 conuersione
425 2261 458 2326 et
479 2260 674 2340 formatione,
698 2280 759 2346 qua
780 2280 836 2344 pro
859 2280 915 2328 suo
937 2262 1028 2329 modo
1051 2264 1196 2331 imitatur

54 2365 150 2430 deum
182 2366 324 2443 uerbum,
355 2363 414 2429 hoc
438 2367 484 2429 est
506 2364 557 2429 dei
586 2363 687 2430 filium
710 2382 834 2447 semper
864 2365 946 2449 patri
977 2365 1195 2433 cohaerentem

54 2468 150 2550 plena
179 2466 391 2532 similitudine
414 2468 447 2531 et
476 2469 609 2532 essentia
638 2468 715 2549 pari,
747 2487 808 2550 qua
837 2469 902 2550 ipse
924 2471 956 2532 et
978 2471 1069 2552 pater
1097 2488 1195 2535 unum

55 2575 148 2648 sunt,
182 2588 247 2635 non
277 2572 382 2635 autem
412 2569 557 2635 imitatur
585 2570 666 2636 hanc
695 2569 784 2637 uerbi
815 2570 959 2656 formam,
990 2575 1017 2638 si
1047 2591 1195 2640 auersae

22 2677 197 2741 »meatore
220 2673 363 2739 informis
385 2677 418 2738 et
438 2674 622 2756 imperfecta
643 2677 813 2754 remaneat,
842 2677 1005 2758 propterea
1027 2674 1086 2741 filii
1109 2694 1194 2742 com·

54 2776 244 2843 memoratio
275 2795 336 2842 non
358 2776 404 2841 ita
426 2776 472 2857 tit,
504 2777 577 2860 quia
607 2777 749 2857 uerbum,
780 2778 835 2843 sed
861 2781 987 2844 tantum
1011 2780 1085 2864 quia
1106 2780 1194 2864 prin·

55 2882 178 2964 cipium
194 2880 254 2965 est,
270 2898 340 2946 cum
357 2879 489 2945 dicitur:
512 2882 551 2944 in
575 2881 779 2964 principio
802 2880 903 2948 fecit
923 2883 1018 2949 deus
1041 2885 1194 2950 caelum

55 2986 94 3050 et
126 2982 290 3068 terram3
320 2983 478 3049 exordium
509 2986 623 3068 quippe
653 2986 813 3051 creaturae
834 2984 1014 3051 insinuatur
1036 2986 1139 3055 adhuc
1160 2987 1194 3053 in

55 3086 257 3153 informitate
279 3085 533 3172 imperfectionis.
564 3087 602 3152 fit
624 3090 731 3155 autem
748 3089 807 3155 filii
823 3090 1088 3170 commemoratio,
1112 3090 1194 3173 quod

22 3191 156 3257 setiam
190 3187 323 3256 uerbum
353 3191 409 3272 est,
443 3190 477 3256 in
499 3208 534 3258 eo
565 3191 646 3275 quod
676 3193 828 3277 scriptum
852 3194 914 3259 est:
951 3192 1054 3259 dixit
1086 3195 1193 3260 dens:

58 3292 150 3366 fiat,
182 3295 220 3357 ut
240 3312 295 3376 per
317 3294 349 3360 id
370 3297 451 3378 quod
480 3295 668 3379 principium
692 3298 738 3360 est
760 3296 896 3362 insinuet
926 3296 1085 3362 exordium
1108 3315 1194 3363 crea-

58 3402 149 3462 turae
171 3395 333 3462 exietentis
356 3397 395 3462 ab
417 3396 473 3463 illo
495 3398 597 3463 adhuc
618 3399 827 3487 imperfectae,
851 3400 957 3483 perid
981 3401 1087 3465 autem
1112 3400 1194 3482 quod

165 3598 425 3667 mmmmm

109 3767 240 3821 3forma
267 3767 303 3823 θ’
407 3770 522 3825 formam
545 3770 621 3826 uerbi
644 3774 681 3839 (m
699 3790 717 3828 n
736 3779 762 3828 et
780 3774 809 3828 bi
825 3791 844 3828 a
860 3791 895 3830 m.
915 3776 935 3829 2
957 3775 988 3829 ic
1005 3777 1069 3844 raa.)
1096 3775 1126 3829 D

57 3852 253 3910 incidentem
269 3853 396 3912 D¹G¹To
421 3857 563 3914 uoluentes
581 3858 609 3912 P
613 3874 658 3928 pr.
756 3864 895 3918 mactetui
912 3861 940 3916 P
1036 3864 1195 3918 dimitatur

58 3940 120 4009 (ini
137 3956 157 3994 c
174 3943 242 3995 22
258 3941 370 4012 inrue.)
388 3943 419 3998 D
505 3945 649 4015 inperfeoio
666 3946 694 4000 P
786 3947 940 4004 'lsummae
960 3947 1014 4004 TV
1099 3947 1196 4003 eimi-

59 4029 135 4081 htcr
157 4024 197 4080 θ’
275 4026 309 4081 10
325 4026 354 4081 id
371 4032 432 4095 (cra
445 4032 498 4100 eet)
516 4032 557 4087 D¹
637 4033 668 4088 11
688 4033 726 4087 sit
745 4033 783 4090 θ’
862 4036 1122 4103 ldiunatura-p.
1135 4035 1194 4102 145,

59 4111 94 4167 Β
111 4111 250 4166 trinitctis
266 4115 436 4182 agnoscimus
453 4116 550 4179 &mat
566 4123 600 4181 in
617 4120 655 4176 Μ
659 4119 685 4176 V
786 4121 938 4177 renodantis
959 4125 998 4186 (re
1014 4138 1033 4175 a
1050 4137 1084 4175 m.
1103 4123 1134 4189 2)
1152 4119 1195 4174 D:

60 4199 231 4268 mamutio
250 4198 321 4255 clu
403 4204 434 4257 15
453 4218 593 4273 metuntur
611 4210 642 4268 P
729 4208 762 4262 18
780 4207 986 4264 similitudinem
1006 4209 1044 4265 θ’
1125 4208 1195 4278 pari]

61 4283 177 4355 affl
258 4284 398 4352 eciem>
476 4294 799 4370 remansuros
884 4294 1034 4351 nocuum
1115 4293 1196 4350 sein

60 4387 110 4424 οι
126 4369 181 4425 θΡ
270 4369 462 4429 temonem
537 4380 828 4469 oummflfflfflfiitff
919 4378 1031 4452 aequit
1042 4379 1084 4434 1)ι
1170 4381 1198 4433 et

60 4459 128 4514 dixit
138 4454 243 4516 DGPe
326 4459 515 4550 &metum
607 4481 648 4548 27
662 4467 870 4538 existenstr.
960 4466 1040 4543 quod]
1058 4465 1129 4537 ἦθ’
