2760 4814
152 267 220 334 590
639 261 802 332 nugippm

151 453 367 520 celebrabunt.
406 452 487 534 qnod
520 455 685 534 antequam
719 451 888 534 accipiant,
925 450 1002 518 dicit
1034 468 1085 517 eos
1118 450 1275 535 tamqnam

155 559 262 622 uetma
277 555 474 633 uestimenta,
492 553 605 637 quibus
621 555 875 622 inconuenienter
890 572 990 621 nouus
1001 573 1121 637 pannus
1132 556 1275 632 assuitur,

153 659 186 724 id
210 662 257 724 est
279 659 382 740 abque
403 658 557 741 particula
580 658 748 738 doctrinae,
771 677 850 744 quae
866 658 905 725 ad
928 676 1027 723 nonae
1049 656 1136 723 uitae
1158 662 1277 741 tempe·

152 762 291 827 rentiam
321 761 472 846 pertinet3
507 763 589 845 quia,
613 761 640 827 si
664 762 721 828 boc
745 761 808 844 fiat,
837 766 869 828 et
891 762 961 845 ipsa
982 762 1124 827 doctrina
1145 761 1278 844 quodam

155 865 245 932 modo
274 865 437 949 scinditur,
468 866 556 931 cuins
586 865 748 948 particula,
780 883 857 948 quas
887 865 927 930 ad
956 863 1107 929 ieiunium
1138 863 1316 930 cibornmae

154 969 251 1050 ualet,
274 970 480 1052 inopportune
495 969 639 1048 traditur,
663 988 733 1034 cum
756 968 813 1033 illa
829 966 938 1033 doceat
950 968 1094 1051 generale
1116 965 1276 1047 ieiunium,

153 1091 215 1138 non
238 1090 257 1139 s
278 1073 526 1156 concupiscentia
555 1073 695 1139 ciborum
722 1075 856 1150 tantum,
890 1071 944 1136 sed
975 1069 1014 1135 ab
1046 1072 1131 1136 omni
1157 1070 1278 1137 laetitia

153 1176 373 1258 temporalium
399 1175 651 1241 delectationum.
689 1175 775 1240 cuius
799 1173 887 1257 quasi
909 1192 1058 1256 pannum,
1081 1174 1114 1239 id
1137 1175 1187 1239 est
1208 1194 1276 1258 par·

151 1282 219 1343 tem
234 1279 380 1361 aliquam,
402 1297 481 1362 quae
497 1279 535 1343 ad
552 1279 635 1344 cibos
651 1277 796 1362 pertinet,
817 1276 894 1343 dicit
909 1296 971 1342 non
986 1279 1127 1360 oportere
1141 1276 1275 1344 homini·

151 1379 210 1446 bus
233 1380 336 1446 adbuc
359 1382 457 1446 ueteri
480 1380 696 1447 consuetudini
720 1381 832 1446 deditis
854 1381 1019 1464 impertiri,
1042 1381 1116 1463 quia
1131 1382 1163 1446 et
1184 1381 1316 1446 illinon·

150 1484 240 1565 quasi
270 1483 435 1550 conscissio
464 1483 589 1550 uidetur
618 1484 685 1549 fieri
708 1486 740 1550 et
769 1485 829 1567 ipsi
850 1485 1002 1550 uetustati
1032 1502 1094 1549 non
1117 1485 1272 1551 conuenit.

150 1585 228 1651 dicit
251 1587 346 1651 etiam
368 1585 486 1650 similes
501 1605 551 1652 eos
566 1605 632 1651 esse
655 1587 814 1652 ueteribus
837 1586 970 1665 utribus,
996 1604 1072 1669 quos
1087 1587 1162 1653 uino
1185 1605 1272 1665 nouo,

149 1688 181 1753 id
205 1692 253 1753 est
275 1687 471 1772 spiritalibus
494 1691 676 1773 praeceptis,
700 1690 822 1756 facilius
845 1690 996 1773 dirrumpi
1016 1708 1108 1773 qnam
1131 1690 1165 1756 id
1186 1709 1273 1775 posse

146 1792 306 1856 continere
321 1790 407 1857 dicit.
431 1797 522 1858 erunt
537 1796 643 1858 antem
659 1794 722 1859 iam
738 1796 823 1860 utres
839 1795 920 1873 noni,
941 1799 1095 1877 cumpost
1111 1812 1273 1860 ascensum

147 1893 267 1960 domini
297 1895 449 1961 desiderio
472 1897 691 1963 consolationis
721 1898 788 1963 eins
811 1898 925 1964 orando
948 1902 980 1962 et
1002 1899 1155 1982 sperando
1186 1900 1304 1964 inno-a

92 2076 94 2083 Ι
148 1998 273 2064 uantur.
307 2000 383 2064 tunc
405 2001 487 2065 enim
510 2003 694 2085 acceperunt
715 2001 860 2085 spiritum
879 2000 1032 2082 sanctum,
1055 2018 1116 2082 quo
1139 2000 1271 2084 impleti,

145 2120 218 2169 cunr
241 2103 381 2167 omnium
404 2104 458 2185 qui
481 2104 518 2168 de
540 2105 671 2169 diuersis
694 2103 842 2189 gentibus
866 2103 996 2168 aderant
1025 2102 1143 2186 linguis
1165 2103 1271 2188 loque·

146 2207 264 2284 rentur,
292 2205 369 2270 dicti
392 2212 465 2272 sunt
487 2209 590 2273 musto
612 2207 706 2290 pleni.
738 2226 853 2273 nouum
870 2206 951 2272 enim
976 2206 1082 2272 uinum
1105 2207 1170 2272 iam
1185 2208 1271 2274 nouis

145 2309 270 2377 utribus
294 2312 432 2376 uenerat.

639 2479 778 2564 chx.
1279 2525 1303 2565 e

143 2653 190 2701 EX
219 2652 322 2701 LIBBO
345 2655 588 2714 QVAESTIONVM
608 2655 799 2703 nvnuunnn
820 2655 857 2702 11.
895 2655 941 2701 DI}
963 2652 1098 2701 nonnula
1120 2651 1268 2702 basonu-

254 2740 369 2787 DENTE
392 2741 436 2788 AB
459 2740 679 2788 Hmlcvsannrs
701 2742 738 2787 III
760 2739 928 2788 HIERIOIIO
949 2740 993 2788 ET
1016 2739 1160 2787 CETERA.

71 2872 132 2939 187
186 2857 307 2924 Homo
351 2858 509 2941 quidam
554 2858 818 2925 descendebat
855 2858 899 2924 ab
937 2858 1192 2924 Hierusalem
1229 2859 1270 2923 in

142 2962 345 3029 Hiericho.
383 2963 450 3047 ipse
473 2965 574 3029 Adam
596 2962 792 3042 intellegitur
813 2963 848 3027 in
869 2981 982 3047 genere
1004 2962 1151 3027 humano.
1192 2962 1269 3029 Hie·

245 3151 405 3207 lactuca
424 3151 448 3216 2,
470 3151 554 3205 1-13
656 3151 689 3205 23
707 3150 769 3206 Luc
789 3149 830 3216 10,
847 3150 950 3205 30-37

192 3323 289 3392 dqnia
306 3323 340 3392 si]
359 3339 412 3392 qna
430 3323 452 3374 si
471 3322 526 3376 AP
628 3320 793 3391 quia—fiat]
817 3321 926 3388 scripsit
954 3321 987 3374 V¹
1010 3322 1040 3375 ior
1062 3324 1154 3391 spotia
1176 3338 1267 3378 cnosso

140 3408 235 3464 relicto
321 3410 337 3463 5
355 3410 491 3463 solndetur
509 3409 537 3463 P
561 3407 696 3461 scanditur
713 3408 740 3461 A
832 3407 849 3460 6
866 3407 1023 3473 inoportuna
1040 3407 1094 3461 A¹o
1120 3408 1267 3478 inportune

140 3494 168 3548 P
269 3495 509 3549 8dilectationnm
529 3493 556 3548 P
660 3492 692 3546 10
715 3492 808 3561 ueteri]
827 3493 884 3547 neri
901 3493 928 3546 A
959 3492 1070 3546 rudibus
1089 3496 1116 3546 et
1134 3493 1267 3549 desiderio

139 3596 155 3633 c
259 3581 447 3633 consuetudine
465 3581 504 3633 Αι
532 3577 765 3633 conanetndiniso
867 3577 952 3647 illinc]
974 3576 1050 3632 illinc
1067 3594 1138 3632 nnnc
1157 3580 1194 3634 P²
1224 3581 1266 3635 illi

138 3663 257 3717 nuncP¹
276 3663 419 3719 ibitunec
506 3667 537 3718 11
552 3664 693 3719 concisius
781 3664 812 3719 12
825 3664 922 3719 similis
935 3665 1000 3719 AP¹
1088 3665 1121 3718 13
1133 3664 1266 3736 disrumpi

138 3751 210 3805 APo
296 3751 329 3804 14
345 3751 523 3806 contenereA
546 3750 676 3806 contineri
689 3752 727 3806 P¹
812 3751 888 3821 dicit]
902 3766 952 3805 om.
965 3750 992 3803 A
1078 3751 1168 3821 erunt]
1187 3757 1265 3808 orant

138 3838 166 3891 P
270 3837 302 3890 16
323 3837 477 3906 acciperunt
501 3836 528 3890 V
624 3837 687 3908 qno]
712 3839 740 3890 et
763 3853 832 3891 eoc
936 3836 968 3889 l'i
991 3836 1060 3906 cnm]
1085 3851 1144 3890 com
1168 3838 1197 3891 A

137 3924 172 3977 20
194 3938 255 3993 cap.
274 3922 383 3978 CLXXI
401 3927 428 3978 A
457 3923 631 3980 CLXXXVII
649 3928 741 3992 (erac.)
761 3923 787 3977 P
816 3921 1006 3976 CLXXXVIII
1025 3923 1068 3978 Go
1167 3924 1199 3978 21
1219 3924 1264 3979 ho·

136 4009 219 4063 minis
243 4009 307 4064 MV
407 4010 580 4065 descendente
596 4011 706 4078 scropss':
734 4008 917 4063 descendentis
935 4007 1004 4061 MV
1024 4011 1070 4077 qui
1088 4007 1264 4065 descendebat

136 4097 193 4151 AP
216 4097 263 4167 qni
275 4096 477 4152 descenderetis
563 4098 597 4152 22
615 4101 641 4151 et
653 4097 747 4164 cetera]
766 4111 817 4150 cm.
835 4096 906 4149 APo
990 4095 1025 4149 23
1042 4094 1147 4164 quidem
1168 4096 1197 4150 P

132 4199 341 4255 descenderato
442 4201 477 4254 24
495 4201 584 4269 generi
603 4201 631 4255 P
733 4172 879 4253 hirnealun
898 4204 922 4266 (e
940 4196 1005 4255 cdd.
1023 4213 1057 4250 m.
1076 4198 1107 4265 2)
1130 4197 1156 4250 V
