2760 4814
204 514 271 582 820
689 514 856 583 Euaiuoii

205 704 347 783 structio,
371 705 408 770 ut
429 704 601 787 perfectum
622 704 743 788 aliquid
765 708 910 773 tououloo
933 725 969 772 aa
990 724 1070 789 quae
1091 710 1168 772 suut
1191 726 1230 773 ox
1252 710 1337 791 parto

204 826 265 874 uou
289 810 457 890 quaeruut:
485 808 658 892 perfectum
686 827 778 886 aauo,
813 810 966 893 quantum
989 810 1024 875 iu
1044 808 1105 875 hoo
1126 810 1198 879 uita
1219 814 1336 897 potast3

205 930 277 977 uam
300 910 334 977 iu
357 911 588 995 comparatione
610 912 736 979 futurae
759 912 843 978 uitae
869 912 987 978 nullius
1009 913 1086 978 iuali
1109 918 1158 981 out
1179 917 1214 982 ot
1236 918 1334 983 aauoti

204 1020 271 1085 uita
292 1017 356 1082 iata
377 1015 524 1099 perfecta.
562 1016 648 1082 ideo:
678 1016 851 1094 mouent,
875 1015 988 1098 iuquit,
1010 1016 1126 1102 rides,
1148 1036 1259 1100 spuo,
1281 1037 1333 1083 oa·

203 1125 319 1206 ritas,
342 1120 423 1186 tria
445 1119 558 1185 haoo:
592 1118 717 1184 maior
750 1124 883 1185 autom
916 1119 1052 1185 horum
1080 1125 1140 1186 ost
1169 1121 1359 1203 oaritas‚a

202 1224 276 1309 quia
298 1229 329 1290 ot
352 1242 424 1289 oum
440 1223 570 1306 quisquo
594 1222 633 1287 ad
656 1228 782 1288 aeterua
803 1224 989 1307 poruouarit,
1013 1224 1133 1289 duobus
1154 1223 1230 1291 istis
1247 1227 1332 1292 dooo·

203 1328 350 1396 dentibus
373 1328 488 1393 caritas
512 1328 632 1393 auotior
654 1329 686 1393 ol
707 1328 818 1393 oortior
840 1327 1046 1411 permanebit.

245 1448 438 1532 Quapropter
472 1467 544 1514 cum
577 1448 708 1531 quidque
742 1448 921 1533 cognouerit
948 1450 1043 1515 fiuom
1073 1450 1237 1533 praecepti
1271 1468 1331 1515 osso

203 1554 370 1620 caritatem
392 1555 437 1618 do
466 1555 578 1619 cordo
607 1571 702 1635 puro
732 1553 770 1617 ot
793 1552 1043 1619 oousoieutia
1065 1552 1164 1620 boua
1191 1555 1230 1619 ot
1259 1553 1331 1619 fido

201 1676 273 1724 uou
296 1657 413 1734 fiola,
444 1675 569 1722 omnam
600 1656 797 1722 iutellootum
832 1657 1008 1722 diuinarum
1036 1657 1265 1740 scripturarum
1296 1654 1357 1721 adu

201 1762 263 1827 iata
284 1762 347 1826 tria
375 1760 531 1826 relaturus
561 1762 600 1826 ad
628 1760 847 1826 tractationem
881 1761 1008 1826 illorum
1037 1760 1189 1826 librorum
1213 1778 1329 1826 soourus

200 1864 336 1930 uooodat.
378 1883 450 1930 oum
484 1865 569 1928 ouim
603 1862 731 1951 dioorat:
766 1864 935 1943 caritas,
970 1862 1106 1930 addidit:
1142 1864 1187 1931 do
1224 1868 1329 1931 oordo

200 1986 308 2051 puro,
338 1970 374 2033 ut
396 1966 475 2033 nihil
497 1967 584 2032 aliud
607 1985 701 2048 quam
725 1967 757 2033 id
780 1968 863 2049 quod
884 1967 1076 2050 diligendum
1099 1971 1148 2034 aot
1171 1969 1327 2053 diligatur.

200 2071 421 2138 oousoioutiam
453 2089 527 2135 uero
561 2069 674 2135 bonam
696 2071 855 2137 subiunxit
878 2073 1004 2153 proptor
1025 2090 1131 2153 spom;
1166 2070 1225 2138 illo
1252 2074 1327 2137 euim

199 2193 231 2240 oo
253 2178 293 2242 ad
314 2174 348 2239 id
370 2175 452 2257 quod
475 2174 575 2240 orodit
596 2177 629 2239 ot
651 2174 759 2259 diligit
783 2176 1005 2257 peruenturum
1028 2193 1094 2241 aoso
1117 2178 1264 2259 desporat
1284 2176 1325 2241 oui
1334 2202 1352 2240 a

198 2279 303 2346 maluo
327 2280 534 2346 consolantiae
557 2279 721 2363 scrupulus
744 2279 838 2345 iuuat.
869 2278 983 2344 tortio:
1018 2280 1056 2343 ot
1085 2278 1190 2359 fido,
1220 2278 1324 2361 iuquit,

200 2401 275 2449 uou
297 2383 409 2449 iiota.
446 2384 472 2447 si
501 2382 585 2447 euim
614 2381 689 2446 fidos
714 2384 821 2446 nostra
841 2382 1003 2448 moudaoio
1026 2382 1171 2461 oaruorit,
1202 2386 1279 2448 tuno
1298 2384 1324 2445 ot

201 2503 262 2552 uou
286 2487 447 2570 diligimus
477 2485 559 2567 quod
588 2502 649 2549 uon
678 2485 726 2549 est
748 2485 944 2566 diligoudum
972 2488 1003 2549 ot
1032 2488 1115 2550 rooto
1144 2486 1279 2552 uiuoudo
1298 2484 1323 2547 id

201 2607 371 2672 operamus,
395 2591 431 2654 ιιι
452 2588 539 2654 uullo
562 2590 653 2653 modo
676 2606 746 2670 spos
770 2588 877 2653 nostra
899 2588 1036 2654 fallatur.

696 2877 826 2962 oculi.
1328 2924 1348 2965 o

196 3070 243 3119 DE
272 3068 383 3119 smms
410 3068 649 3117 NATVRALIBVS
677 3070 721 3116 ΕΤ
743 3071 790 3116 ΒΕ
819 3070 929 3119 roms.
967 3071 1014 3117 Ex
1043 3070 1149 3119 LIBRO
1173 3067 1322 3121 SECVNDO

519 3170 565 3220 DE
588 3173 763 3221 Docrmraa
786 3172 1002 3222 cumomni.

122 3306 189 3371 276
240 3310 393 3392 Quoniam
416 3310 455 3375 do
477 3312 567 3376 rebus
590 3329 664 3376 oum
686 3311 862 3391 scribarum,
885 3310 1033 3395 praemisi
1056 3328 1268 3390 oommououo‚
1290 3328 1323 3376 ua

197 3413 268 3498 quis
291 3413 324 3478 iu
344 3413 388 3479 oio
411 3415 587 3479 attonderet
609 3414 670 3479 uisi
693 3416 775 3498 quod
798 3418 881 3490 suut,
898 3434 960 3480 uou
982 3415 1077 3480 otiam
1098 3414 1219 3498 siquid
1243 3415 1324 3483 aliud

198 3519 324 3598 praetor
353 3536 385 3581 so
415 3517 609 3600 significant,
641 3518 779 3583 uicissim
808 3518 845 3583 do
872 3520 968 3603 siguis
991 3518 1144 3584 disserens
1168 3518 1229 3584 hoo
1250 3519 1355 3592 dicou

195 3638 233 3684 uo
256 3622 325 3701 quis
347 3620 380 3685 iu
403 3620 448 3686 oio
471 3621 617 3687 attondat
632 3624 712 3703 quod
735 3624 820 3702 suut,
843 3623 897 3686 aod
910 3620 1015 3702 potius
1031 3621 1112 3704 quod
1135 3624 1230 3705 sigua
1244 3623 1326 3697 suut,

195 3721 228 3787 id
253 3727 301 3788 ost
324 3723 406 3806 quod
428 3722 615 3807 significant.
639 3724 765 3808 oignum
789 3725 836 3790 est
858 3727 941 3790 ouim
964 3744 1013 3790 ros
1036 3725 1160 3806 praotor
1182 3726 1326 3808 specium,

295 3929 314 3983 4
331 3927 346 3983 Ι
364 3927 423 3984 Cor.
442 3929 484 3993 13,
503 3930 535 3983 13
639 3928 656 3981 9
675 3931 713 3996 (οι
731 3929 774 3994 12)
793 3928 808 3983 Ι
826 3928 894 3985 Τιιιι.
915 3929 938 3995 1,
956 3930 973 3983 5

243 4114 325 4168 daut
347 4117 376 4168 ot
398 4116 484 4170 aauoti
506 4114 542 4169 Vr
571 4118 601 4171 ot
622 4116 710 4171 aauoti
728 4119 770 4172 out
789 4118 832 4173 (ιι
934 4118 1017 4171 beat
1039 4118 1137 4171 oarimo
1160 4116 1197 4170 V:
1226 4120 1328 4173 caridus

194 4199 235 4254 Go
337 4199 401 4255 dot
418 4217 478 4255 oum
498 4201 593 4257 0¹Vv=
623 4219 682 4258 oum
700 4205 729 4257 ot
749 4204 787 4261 θ’
802 4220 879 4273 uuor.
892 4218 963 4259 aero.
1061 4206 1198 4259 aotamam
1217 4205 1257 4271 (m
1275 4204 1327 4259 del.

190 4288 265 4355 ool)
282 4287 309 4342 V
375 4288 407 4341 11
420 4287 453 4341 ad
466 4288 654 4343 tractationem
670 4289 751 4344 GPor
778 4288 1042 4345 attractatiouomV
1115 4288 1148 4344 14
1160 4290 1328 4345 oouooioutia

190 4389 207 4430 o
310 4370 413 4428 bouao
516 4373 551 4427 20
568 4390 627 4444 cop.
645 4374 743 4431 CCIII
760 4392 794 4431 ex
810 4376 973 4432 CCXLVIII
990 4391 1060 4431 oorr.
1082 4375 1119 4429 V:
1148 4374 1283 4432 CCLXVI
1302 4378 1330 4432 P

190 4457 353 4517 comm
374 4459 418 4516 Go
520 4460 554 4515 22
575 4461 607 4516 do
625 4462 748 4518 doctriua
765 4462 913 4519 christiana
930 4463 1045 4519 aoouudo
1067 4463 1110 4519 Ga
