2760 4814
689 548 856 618 Eugippii

647 792 693 840 DE
716 792 805 841 LOCO
829 792 897 839 DEI.

128 911 195 978 354
248 912 331 978 Deus
361 929 423 976 non
458 910 576 977 alieubi
610 914 667 977 est.
698 911 780 992 quod
810 909 927 976 alieubi
961 909 1044 975 enim
1073 910 1132 989 est,
1164 911 1341 977 continetur

202 1019 288 1101 looo;
318 1016 401 1099 quod
430 1016 607 1081 continetur
635 1014 713 1091 loeo,
746 1032 857 1096 eorpus
882 1016 940 1079 est.
978 1013 1052 1078 deus
1076 1016 1189 1078 antem
1212 1017 1339 1079 nonest

197 1134 324 1203 eorpus.
356 1137 417 1184 non
440 1119 539 1201 igitur
561 1117 678 1184 alieubi
701 1120 759 1183 est.
798 1120 969 1201 ettamen,
993 1117 1066 1199 quie
1090 1118 1138 1181 est
1163 1118 1198 1182 et
1220 1118 1254 1183 in
1275 1118 1338 1184 loeo

203 1241 264 1288 non
297 1227 354 1298 est,
385 1222 418 1287 in
448 1221 504 1287 illo
534 1223 608 1286 sunt
640 1223 744 1304 potius
774 1220 878 1284 omniu
904 1238 998 1303 quem
1025 1221 1092 1303 ipse
1114 1220 1248 1286 alicubi.
1285 1238 1365 1286 neor

203 1331 310 1393 temen
333 1328 379 1392 ite
402 1326 435 1391 in
458 1326 524 1403 illo,
549 1322 596 1412 [ut
622 1323 688 1408 ipse
712 1323 839 1402 alicubi,
869 1342 926 1389 neo
947 1325 1055 1389 tumen
1082 1325 1128 1389 ita
1157 1324 1193 1388 in
1217 1324 1281 1409 iilo]
1305 1327 1338 1388 nt

201 1430 268 1512 ipse
297 1431 339 1494 sit
367 1429 464 1495 loous.
508 1430 595 1495 loeus
624 1429 707 1494 enim
735 1430 770 1493 in
798 1428 901 1513 spatio
930 1432 986 1505 est,
1014 1428 1098 1510 quod
1129 1427 1334 1513 longitudine,

202 1531 379 1610 latitudine,
403 1533 573 1599 altitudine
595 1533 731 1616 eorporis
756 1531 943 1616 ooouputur;
967 1550 1023 1596 neo
1046 1533 1122 1597 deus
1137 1532 1207 1597 tale
1222 1530 1337 1614 eliquit

202 1638 266 1701 ost:
302 1638 332 1701 et
360 1637 465 1701 omnio
494 1637 590 1720 igitur
619 1636 653 1699 in
682 1637 749 1718 ipso
780 1640 854 1701 sunt
889 1638 921 1701 et
949 1635 1034 1700 loeus
1060 1652 1124 1699 non
1154 1635 1216 1699 est.
1254 1635 1337 1700 loeus

202 1739 309 1803 tomen
338 1738 388 1803 dei
416 1739 545 1805 abusiue
575 1739 691 1806 dieitur
720 1740 876 1822 templum
906 1739 965 1817 dei,
989 1756 1049 1803 non
1072 1740 1155 1821 quod
1180 1757 1218 1804 eo
1240 1739 1366 1805 conti-o

202 1845 323 1917 nentur,
346 1842 398 1907 sed
422 1845 502 1924 quod
527 1844 555 1907 ei
577 1861 721 1925 praesens
744 1843 796 1909 sit.
832 1844 864 1908 id
886 1844 992 1908 eutem
1015 1840 1096 1906 nihil
1111 1842 1233 1909 melius
1248 1861 1338 1926 qnam

201 1944 307 2010 anime
329 1946 446 2010 munde
471 1945 674 2029 intellegitur.

569 2152 615 2197 DE
636 2152 872 2199 PROVIDENTIA
899 2151 967 2198 DEI.

128 2269 194 2336 355
247 2271 332 2336 Fieri
355 2274 466 2355 potest,
498 2274 533 2335 ut
555 2290 611 2353 per
632 2271 751 2336 molum
776 2271 933 2335 hominem
956 2269 1064 2336 diuino
1086 2271 1289 2352 prouidentia
1308 2275 1338 2337 et

202 2373 313 2457 puniat
350 2377 383 2442 et
418 2373 599 2457 opituletur.
645 2394 716 2439 narn
754 2374 938 2439 Iudaeorum
976 2373 1123 2457 impietas
1161 2375 1196 2438 et
1229 2374 1364 2440 Indenu

202 2478 421 2561 supplentouit
455 2482 485 2542 ot
518 2475 666 2560 gentibus
699 2477 795 2542 soluti
831 2477 901 2542 fuit.
940 2480 1016 2543 item
1049 2477 1119 2542 fieri
1152 2480 1270 2561 potest,
1303 2480 1336 2543 ut

202 2582 312 2648 diuino
332 2582 531 2664 prouidentia
552 2600 607 2662 per
629 2579 788 2646 hominem
812 2584 926 2647 bonum
950 2585 981 2646 et
996 2583 1123 2647 damnet
1146 2583 1181 2648 et
1201 2583 1333 2655 adiuuet

201 2688 284 2753 siout
307 2688 352 2751 sit
375 2687 549 2769 apostolus:
584 2684 678 2751 aliis
708 2704 844 2751 sumus
873 2686 968 2752 odor
996 2687 1107 2751 uitae
1130 2686 1171 2750 in
1196 2688 1333 2763 uitem,

201 2787 301 2854 eliis
327 2794 458 2854 eutem
491 2791 586 2854 odor
619 2790 759 2854 mortis
785 2787 826 2853 in
856 2789 1032 2854 mortem.
1060 2791 1115 2855 sed
1138 2808 1214 2855 oum
1238 2789 1330 2856 omnis

201 2891 364 2957 tribulatio
396 2895 451 2957 eut
484 2910 583 2974 poeno
616 2892 784 2974 impiorum
812 2892 854 2956 sit
884 2895 939 2956 out
971 2891 1155 2958 exercitatio
1184 2896 1356 2960 iustumne

202 3033 244 3043 -
277 2997 350 3079 quia
387 2995 494 3061 eadem
527 2996 645 3063 tribula
679 2998 711 3061 et
743 2995 866 3078 poleam
900 2996 1038 3062 ooneidit
1072 2998 1104 3061 et
1133 2997 1329 3063 frumentea

201 3098 300 3182 paleis
329 3101 423 3178 exuit,
455 3099 536 3165 unde
566 3100 733 3166 tribulatio
763 3118 876 3166 nomen
905 3100 1026 3185 aceepit
1049 3136 1091 3147 —
1114 3119 1243 3166 rursum
1265 3118 1327 3165 oum

200 3220 259 3283 par
275 3205 306 3267 et
329 3204 414 3285 quies
431 3222 449 3269 a
464 3203 619 3270 molestiis
642 3204 854 3270 soecularibus
877 3204 908 3270 et
931 3203 1026 3269 bonos
1050 3202 1193 3269 lueretur
1215 3207 1248 3270 et
1268 3222 1328 3269 oor-

202 3309 329 3388 rumpat
366 3308 473 3387 melos,
511 3309 616 3373 omniu
652 3308 728 3373 haee
760 3307 869 3372 diuino
902 3306 1097 3391 prouidentia
1132 3327 1188 3391 pro
1215 3307 1327 3374 meritis

203 3410 381 3474 moderetur
425 3414 610 3477 animarum.
660 3412 714 3475 ssd
756 3416 862 3476 temen
906 3431 966 3477 non
1004 3411 1065 3476 sibi
1103 3413 1231 3497 eligunt
1266 3409 1353 3477 boniu

202 3511 411 3577 ministerium
441 3514 655 3579 tribulationis
685 3533 742 3578 neo
771 3514 846 3580 muli
872 3518 980 3579 emunt
1002 3532 1122 3597 pacem.
1161 3532 1255 3598 qnare
1276 3512 1327 3595 ipsi

305 3703 338 3757 18
361 3702 390 3756 Il
408 3702 467 3756 Cor.
487 3702 511 3767 2,
531 3703 564 3756 16

254 3873 348 3941 loop.
367 3869 541 3927 CCCXLIIII
559 3871 586 3925 P
615 3871 748 3927 CCCLG
842 3872 907 3925 out
925 3872 1066 3941 ipss-ito
1083 3872 1112 3925 in
1132 3873 1180 3927 illo
1201 3872 1267 3927 6²1>
1282 3872 1328 3937 liu·

198 3958 296 4023 ἀπῆς
323 3974 373 4013 om.
397 3958 432 4012 θ’
527 3961 559 4011 ut
571 3957 627 4026 ipse
640 3958 677 4011 sit
695 3976 725 4012 a:
752 3962 784 4012 ut
796 3959 823 4012 in
838 3959 885 4012 illo
897 3963 929 4012 ut
941 3959 997 4026 ipse
1010 3960 1047 4011 sit
1066 3959 1123 4014 GP
1218 3960 1234 4012 'i
1251 3956 1329 4028 spolio

200 4046 228 4109 (e
247 4058 281 4096 ex
299 4061 313 4097 e
330 4046 412 4112 corr.)
434 4044 459 4099 G
557 4044 588 4098 13
606 4061 666 4113 cop.
680 4044 778 4100 CXXX
798 4047 824 4100 Τ
835 4047 880 4114 (of.
891 4062 919 4114 p.
931 4048 991 4111 447,
1005 4047 1042 4098 24
1054 4047 1123 4114 root.)
1154 4044 1292 4103 cccxlv
1307 4043 1331 4099 P

199 4144 351 4201 occulo
448 4149 481 4203 15
497 4137 641 4217 ⁰pitoletur
664 4148 689 4203 Τ
784 4152 816 4205 18
833 4150 894 4204 eliis
912 4167 1004 4205 sumus
1025 4150 1065 4207 G:
1094 4151 1145 4205 olii
1163 4168 1183 4206 s
1207 4153 1233 4208 T
1258 4152 1332 4208 oliirn

200 4247 222 4283 s.
242 4230 270 4284 P
349 4231 351 4235 ’
374 4232 405 4286 19
429 4234 525 4303 omnis]
544 4250 593 4289 om.
619 4234 646 4288 P
749 4236 780 4289 21
801 4235 903 4290 tribulo
920 4236 961 4290 P:
990 4236 1168 4293 tribuleetY
1195 4237 1332 4293 tribulotio

201 4316 229 4371 G
321 4317 424 4385 poleam
445 4319 551 4374 0¹Pr=
582 4320 672 4389 peleus
692 4321 730 4376 0²
818 4320 852 4375 23
870 4321 989 4376 molestis
1006 4322 1034 4376 P
1127 4322 1217 4378 bonus
1235 4324 1271 4379 Ρι

200 4404 228 4455 et
246 4404 408 4471 eorrumpot]
428 4406 460 4457 ut
478 4406 678 4475 eorrumputG
781 4405 816 4462 25
838 4406 989 4461 moderatus
1013 4406 1041 4460 P
1144 4407 1200 4463 eibi
1221 4410 1287 4465 GT:
1313 4408 1336 4462 ei

201 4486 229 4538 P
331 4488 442 4557 elegunt
461 4489 498 4544 θ’
602 4491 637 4545 26
655 4491 710 4560 ipse
731 4491 760 4545 P
