2760 4814
203 299 269 365 402
690 296 855 367 uugrpprr

203 490 279 557 illue
301 507 376 573 opus
398 488 459 572 dei,
489 488 567 552 istae
589 503 665 568 opus
686 485 833 570 bominis,
865 486 897 551 et
922 486 997 551 illae
1020 488 1209 572 oonsoriptee
1231 491 1340 574 digito

203 593 263 669 dei,
296 593 375 658 istae
407 591 541 674 scriptae
562 590 602 656 ab
624 589 775 656 bomine?
812 609 852 657 an
881 591 961 655 forte
991 591 1061 655 ideo
1085 594 1185 675 magis
1209 593 1336 660 inillis

203 694 358 781 prioribus
388 698 477 761 uetus
508 692 721 778 signifieatum
751 698 797 758 est
827 695 1061 779 testamentum,
1094 695 1167 777 quia
1189 697 1266 762 dens
1291 700 1336 764 ibi

203 799 368 882 praecepit,
391 798 445 863 sed
467 797 560 862 homo
582 814 643 862 non
666 796 767 862 feeit?
800 797 849 862 lex
871 798 954 862 enim
977 797 1080 879 posite
1102 802 1151 863 est
1172 801 1204 865 in
1227 804 1336 866 uetere

201 903 402 980 testamento,
432 920 511 984 quae
533 902 732 967 eonuineeret
753 903 1011 984 transgressorem
1036 920 1115 983 quae
1138 903 1373 971 subintrat

202 1007 278 1087 uit,
315 1009 358 1070 ut
391 1004 614 1071 abundaret
650 1003 846 1070 delictum.
891 1022 953 1068 nou
986 1003 1174 1088 implebatur
1210 1008 1335 1086 timone,

204 1127 282 1194 quae
315 1127 378 1174 non
410 1109 560 1191 impletur
594 1106 656 1172 nisi
688 1107 828 1172 mutate.
868 1108 900 1172 et
929 1106 996 1173 ideo
1026 1107 1141 1173 dieitur
1169 1125 1246 1192 opus
1274 1113 1334 1190 dei,

203 1213 278 1296 qnia
310 1213 387 1278 deus
419 1212 523 1295 legem
556 1209 728 1287 eonstituit,
763 1211 838 1275 deus
869 1209 1068 1294 oonsoripsit3
1102 1211 1226 1276 nullum
1257 1229 1335 1296 opns

203 1314 350 1393 bominis,
373 1313 448 1398 quia
469 1314 562 1379 homo
583 1299 641 1378 deo
664 1330 726 1377 non
749 1313 978 1396 obtemperauit
1000 1314 1032 1379 et
1062 1331 1133 1378 enm
1156 1315 1259 1396 potius
1283 1317 1333 1382 ler

203 1438 292 1484 reum
320 1418 406 1483 feeit.
444 1416 478 1481 in
501 1417 644 1482 seeundis
667 1418 773 1481 eutem
803 1417 922 1482 tabulis
952 1416 1044 1482 homo
1066 1435 1120 1499 per
1142 1417 1334 1486 adiutorium
1347 1432 1376 1482 o·

203 1523 252 1589 dei
275 1521 398 1588 tabulas
420 1519 498 1586 feeit
519 1521 612 1603 atque
635 1519 813 1601 eouserlbit,
837 1519 910 1601 quia
928 1521 1000 1586 noui
1024 1521 1206 1586 testamenti
1221 1525 1336 1589 raritas

203 1625 305 1710 legem
328 1623 414 1692 facit.
437 1624 518 1689 unde
533 1623 608 1689 dioit
630 1624 792 1690 dominus:
815 1643 885 1689 nou
908 1623 998 1689 ueni
1019 1625 1147 1708 legem
1169 1627 1336 1704 soluere,

203 1729 269 1795 sed
302 1727 477 1811 implere.
522 1729 599 1793 dicit
632 1731 737 1792 autem
770 1728 943 1811 apostolus:
980 1727 1192 1809 plenitudo
1226 1730 1337 1814 legis

203 1831 370 1909 saritam
393 1830 458 1918 (et:
481 1828 611 1916 fides),
635 1848 730 1913 quae
751 1849 820 1912 per
845 1830 1105 1896 dileetionem
1133 1833 1334 1913 operatur.

203 1935 324 2001 laetum
346 1935 395 2001 est
415 1936 522 2018 itaque
544 1933 664 1999 bomini
685 1933 718 1998 in
741 1952 821 1999 nono
850 1936 1040 2000 testamento
1070 1934 1151 2017 qnod
1175 1936 1207 1999 iu
1229 1936 1371 2002 ueteres

203 2037 333 2104 diffloile
355 2037 427 2121 fuit,
456 2037 586 2104 babenti
608 2036 712 2121 fldem,
743 2056 841 2120 quae
867 2056 933 2121 per
962 2037 1223 2103 dileetionem
1245 2057 1336 2123 ope·

202 2146 337 2220 ratur,
367 2146 461 2225 atque
483 2142 538 2208 illo
561 2141 660 2226 digito
684 2141 742 2220 dei,
764 2141 822 2207 hoo
846 2144 892 2207 est
914 2141 1029 2225 spiritu
1050 2141 1109 2222 dei,
1133 2139 1219 2206 intus
1241 2160 1279 2207 ea
1301 2142 1335 2207 in

203 2246 294 2312 eorde
325 2245 489 2324 scribente,
522 2263 584 2310 non
616 2244 692 2310 ioris
721 2244 755 2309 in
785 2245 896 2326 lapide.
934 2247 1015 2312 unde
1049 2243 1125 2309 dicit
1155 2245 1334 2326 apostolus:

202 2367 277 2414 non
298 2351 337 2416 in
360 2348 511 2415 tabulis
535 2347 729 2432 lapideis,
759 2350 826 2413 sed
854 2347 896 2412 in
918 2347 1072 2413 tabulis
1094 2348 1227 2413 eordis
1251 2366 1335 2414 oar-

201 2451 377 2527 nelibus;
411 2452 592 2533 quoniam
627 2452 778 2515 earitas
808 2450 889 2530 dei,
923 2469 986 2534 qua
1006 2451 1159 2516 ueraciter
1181 2451 1372 2534 impletura

201 2555 413 2639 praeceptum,
436 2553 587 2619 diffusa
609 2555 670 2620 est
690 2555 730 2618 in
752 2553 939 2619 cordibus
962 2554 1114 2619 nostris
1135 2572 1202 2636 per
1223 2555 1335 2638 spiri·

202 2660 286 2723 tum
318 2658 512 2733 sanetum,
549 2657 617 2740 qui
652 2658 770 2723 datus
804 2663 864 2723 est
901 2658 1025 2723 nobis.
1071 2658 1128 2723 boo
1163 2659 1212 2722 est
1246 2676 1336 2742 ergo:

109 2812 113 2819 .
202 2763 303 2846 primo
326 2761 398 2827 data
420 2765 468 2827 est
489 2760 539 2826 ler
553 2797 596 2809 —
610 2761 664 2827 ubi
679 2762 875 2846 significatur
890 2765 981 2827 uetus
996 2761 1231 2840 testamentum,
1256 2762 1337 2843 quod

204 2867 253 2930 est
282 2882 357 2948 opus
387 2868 603 2932 tantummodo
637 2866 687 2931 dei
715 2869 747 2931 et
780 2865 966 2950 conseriptio
995 2865 1087 2948 digiti
1116 2864 1167 2930 dei
1190 2902 1232 2914 -·
1255 2866 1338 2947 quod

202 2968 359 3052 apostolus
380 2967 474 3034 dieit:
496 2969 631 3051 itaque
659 2968 722 3034 lex
747 2971 890 3035 saneta
912 2972 950 3034 et
971 2968 1197 3034 mandatum
1218 2986 1374 3035 sano-ss

199 3073 279 3137 tum
308 3073 347 3136 et
375 3072 526 3138 iustum
556 3073 594 3137 et
622 3072 774 3140 bonum.
811 3073 860 3138 lex
889 3090 963 3156 ergo
990 3076 1101 3138 saneta
1123 3076 1154 3137 et
1177 3072 1262 3137 bona
1282 3074 1333 3138 dei

301 3275 412 3330 5Rom.
430 3277 456 3343 b,
474 3275 509 3330 20
584 3275 616 3330 12
633 3276 734 3331 Mattb.
751 3276 776 3343 b,
796 3276 828 3331 17
904 3275 1031 3331 13Bom.
1052 3275 1093 3340 1³,
1113 3274 1146 3330 10
1220 3275 1258 3331 14
1274 3274 1336 3332 Gal.

200 3359 260 3428 5,6
347 3360 581 3426 1ellcor.3,3
667 3361 873 3430 ausonae
959 3360 1181 3427 senonum

255 3548 380 3618 ldigito
400 3548 465 3606 TV:
493 3565 603 3618 operer>
704 3549 870 3620 2soriptae]
895 3565 986 3604 omo
1089 3549 1122 3604 ab
1140 3549 1250 3604 bomine
1270 3550 1335 3604 TV:

201 3648 268 3702 opus
281 3632 399 3687 bominis
417 3650 434 3688 o
519 3642 584 3691 aeda
597 3651 631 3689 an
645 3635 709 3690 odd.
727 3651 757 3689 o:
784 3639 812 3690 et
824 3636 871 3690 ille
883 3635 1030 3705 conscripto
1042 3634 1130 3705 digito
1148 3634 1184 3688 dl.
1202 3634 1256 3690 iste
1273 3651 1336 3690 oon-

200 3721 301 3789 scripte
313 3719 348 3774 ab
360 3721 469 3776 homine
559 3722 803 3792 3praeoepitibio
892 3723 1036 3778 4ueterio
1130 3721 1336 3777 thebnndaret

200 3823 217 3862 o
302 3821 355 3860 non
372 3807 409 3862 V:
427 3809 565 3863 nonenim
580 3808 621 3866 To
705 3808 887 3877 implebantur
903 3809 929 3863 V
1013 3807 1170 3878 iimpletur
1181 3807 1265 3863 PVo:
1284 3809 1335 3863 im·

200 3892 326 3962 plebatus
353 3895 379 3947 T
477 3895 531 3949 nisi
558 3895 643 3950 Per
674 3912 724 3951 om.
749 3895 776 3949 Τ
884 3896 991 3965 depos
1017 3888 1046 3950 ν’
1145 3894 1265 3949 braum
1294 3896 1337 3949 lex

203 3979 243 4033 nb
346 3980 377 4032 ll
402 3979 506 4035 ferito
610 3980 755 4036 oonsoribit
774 3980 839 4035 TV:
866 3982 1009 4049 scripsito
1112 3978 1146 4032 12
1163 3977 1267 4035 facita

202 4067 430 4136 soluerelegemo
521 4068 671 4124 laeander
684 4086 715 4124 a:
733 4085 785 4125 om.
799 4067 922 4124 GPTVu
1009 4067 1335 4138 toque-praeceptum]

202 4169 288 4208 omo
389 4153 421 4208 a]
449 4154 560 4224 nostris]
578 4170 628 4210 om.
658 4154 685 4209 Τ
784 4154 820 4209 24
844 4153 1028 4209 conseritioo
1131 4152 1267 4222 digitoT

200 4239 293 4295 ‘25101
315 4239 350 4294 V:
377 4240 417 4294 lox
435 4239 540 4309 quidem
560 4241 630 4296 PTo
