2760 4814
273 284 441 356 Excerpta
457 303 494 342 cr
511 302 580 357 opp.
600 287 627 342 S.
646 286 833 357 Augustini
856 286 1019 344 ccxvma
1037 283 1140 342 CLXX.
1209 288 1271 357 591

140 475 279 542 rusalem
302 476 414 544 ciuitas
436 475 521 559 pacis
542 476 601 543 illa
623 477 776 563 caelestis,
799 478 924 544 acuins
947 475 1144 571 beatitudine
1164 477 1272 560 lapsus

138 582 200 646 est
238 578 387 646 Hiericho
419 580 496 645 luna
530 579 758 663 interpretatur
790 583 823 645 et
855 579 1012 664 significat
1043 568 1273 646 mortalitatem

140 682 291 762 nostram,
325 684 452 765 propter
481 685 562 766 qnod
592 682 741 762 nascitur,
774 684 897 764 crescit,
931 682 1064 751 senescit
1085 684 1119 749 ot
1146 683 1270 750 occidit.

139 785 281 851 latrones
304 784 447 851 diabolus
470 790 501 852 et
517 786 622 869 angeli
646 786 722 864 eins,
746 784 888 868 quicum
906 787 1121 870 spoliauerrmt
1142 786 1272 853 immor·

118 888 268 954 atalitate
290 889 323 954 st
344 889 446 974 plagis
468 889 625 971 impositis
648 893 778 972 peccata
793 889 950 955 suadendo
965 889 1157 973 reliquerunt
1175 889 1272 956 semi-

140 993 268 1069 uiunm;
301 992 375 1075 quia
405 1011 441 1057 er
470 996 566 1075 parte,
602 1010 663 1075 qna
692 993 798 1077 potest
825 992 1008 1076 intellegere
1030 997 1062 1059 st
1088 1010 1270 1076 cognoscere

140 1095 245 1174 denm,
276 1096 369 1161 ninus
393 1097 442 1161 est
464 1097 565 1173 homo,
600 1100 755 1180 exparte,
787 1115 849 1179 qna
870 1099 1006 1179 peccatis
1028 1095 1218 1162 contabescit
1239 1097 1271 1162 ot

138 1199 303 1282 premitur,
332 1204 474 1267 mortuns
503 1203 570 1285 ost3
604 1201 637 1266 et
669 1200 738 1267 ideo
766 1200 938 1266 semiuinns
969 1199 1092 1266 dicitnr.
1129 1200 1270 1266 sacerdos

138 1303 246 1370 autom
278 1304 311 1368 ot
343 1303 452 1385 lenita,
487 1303 541 1386 qni
572 1321 608 1368 eo
637 1303 706 1368 uiso
735 1302 973 1388 praeterierunt,
1008 1301 1216 1369 sacerdotium
1238 1304 1270 1368 st

106 1407 351 1473 administerinm
383 1405 500 1472 ueteris
530 1407 714 1472 testamenti
743 1405 908 1489 significat,
943 1406 1025 1490 qnod
1054 1422 1116 1471 non
1145 1407 1269 1488 poterat

137 1511 284 1593 prodesse
317 1515 357 1579 ad
389 1513 535 1578 salutem.
580 1510 795 1577 Samaritanus
829 1512 932 1577 custos
968 1510 1203 1594 intorpretatur,
1237 1512 1270 1576 st

137 1614 207 1680 ideo
229 1615 297 1697 ipso
314 1616 459 1682 dominus
481 1615 677 1700 significatur
697 1615 757 1680 hoo
778 1615 912 1680 nomino.
942 1614 1085 1699 alligatio
1100 1613 1269 1679 uulnerum

138 1720 188 1782 ost
211 1717 360 1786 cohibitio
382 1721 589 1802 pcccatorum.
624 1720 727 1784 oleum
749 1720 918 1786 consolatio
933 1718 1000 1803 spei
1022 1719 1120 1784 bonae
1142 1719 1269 1801 propter

136 1821 369 1905 indulgentiam
392 1826 498 1889 datam
523 1825 561 1888 ad
585 1822 866 1888 reconciliationem
888 1823 985 1905 pacis.
1025 1822 1137 1888 ninum
1158 1820 1268 1887 arhor·

105 1925 216 1990 rotatio
241 1925 280 1990 ad
303 1926 494 2009 operandum
517 1925 746 1991 feruentissimo
769 1924 891 2007 spiritu.
930 1926 1105 1991 iumentum
1128 1924 1195 1989 eius
1217 1925 1266 1988 est

136 2046 218 2107 caro,
242 2027 276 2092 in
299 2048 360 2113 qua
382 2030 422 2094 ad
444 2047 499 2094 nos
521 2029 628 2094 uenire
651 2028 800 2111 dignatus
823 2030 888 2106 est3
917 2029 1034 2112 imponi
1056 2030 1195 2093 iumento
1217 2026 1267 2092 ost

135 2132 170 2195 in
191 2133 292 2216 ipsam
314 2132 560 2198 incarnationem
576 2129 693 2196 Christi
716 2132 849 2197 credere.
879 2130 1038 2198 stabulum
1058 2132 1106 2196 ost
1122 2128 1263 2208 ecclesia,

135 2234 190 2301 ubi
212 2235 396 2302 reficiuntur
417 2236 553 2301 uiatores
569 2238 606 2301 de
627 2235 875 2318 peregrinatione
896 2235 930 2301 in
945 2238 1106 2301 aeternam
1127 2233 1264 2316 patriam

135 2337 313 2404 redeuntes.
349 2341 449 2405 altera
478 2339 543 2404 dies
573 2339 621 2403 est
649 2342 720 2421 post
749 2338 1005 2404 resurrectionem
1035 2337 1163 2404 domini.
1204 2337 1264 2402 duo

104 2441 256 2507 adenarii
285 2442 361 2507 sunt
389 2442 440 2507 nel
469 2441 529 2506 duo
560 2445 728 2523 praecepta
750 2440 902 2519 caritatis,
926 2459 1020 2524 qnam
1041 2460 1096 2525 per
1117 2438 1265 2524 spiritum

135 2546 282 2610 sanctum
305 2545 492 2630 acceperunt
512 2543 646 2627 apostoli
678 2544 717 2610 ad
748 2543 1027 2630 euangelinandum
1059 2543 1183 2622 ceteris,
1213 2542 1266 2609 nel

135 2647 298 2729 promissio
327 2651 412 2714 uitae
442 2648 612 2731 praesentis
642 2650 674 2713 ot
704 2648 837 2714 futurae.
878 2647 1049 2714 secandum
1079 2649 1162 2713 enim
1184 2649 1263 2713 duas

135 2751 353 2832 promissiones
369 2751 487 2817 dictum
504 2751 569 2815 est:
593 2750 765 2832 accipiet
787 2748 827 2815 in
848 2750 921 2816 hoc
939 2749 1095 2817 saeculo
1113 2749 1263 2833 septies

135 2857 312 2938 tantum,
343 2854 383 2918 in
414 2853 549 2919 futuro
573 2854 734 2920 saeculo
757 2855 881 2919 uitam
905 2856 1107 2921 aeternam
1130 2872 1264 2920 conse·

107 2961 285 3039 aquetur.
314 2956 505 3023 stabularius
528 2974 601 3039 ergo
617 2960 665 3022 est
683 2959 851 3040 apostolus.
881 2957 963 3041 quod
979 2960 1190 3040 supererogat,
1207 2957 1263 3023 ant

136 3058 213 3126 illud
236 3060 477 3138 consiliumet,
501 3060 584 3144 quod
599 3061 660 3126 ait:
683 3063 728 3127 de
749 3060 980 3145 uirginibus
1003 3064 1132 3126 autem
1153 3079 1262 3144 prae·

136 3166 291 3246 ceptam
324 3162 471 3228 domini
504 3183 577 3230 non
610 3164 749 3239 habeo,
787 3162 997 3229 consilinm
1035 3163 1166 3229 autem
1199 3164 1259 3244 do;

235 3399 269 3455 23
287 3399 386 3454 March.
407 3401 447 3468 19,
465 3400 501 3458 29
605 3401 640 3455 26
658 3401 673 3456 Ι
690 3400 749 3460 Cor.
768 3401 792 3468 7,
811 3401 846 3457 25

183 3620 197 3676 1
216 3620 307 3676 labsus
326 3622 353 3675 A
450 3622 467 3676 2
485 3622 677 3679 mortalitatem
691 3624 750 3693 (aio)
768 3625 796 3679 P
895 3622 977 3693 Aqui
995 3624 1066 3694 cum]
1085 3639 1135 3678 ona
1154 3623 1190 3678 P¹

134 3704 363 3762 immortalitatem
387 3707 413 3763 V
507 3709 892 3779 breliqnernnt1abiornnto
990 3710 1161 3780 semininnm]
1181 3712 1258 3765 somi-

134 3791 194 3847 niao
211 3793 342 3848 relictos
439 3794 668 3864 Sprasmitan
767 3795 800 3849 10
817 3796 960 3866 signiligat
977 3797 1015 3850 A¹
1117 3797 1149 3851 11
1168 3800 1259 3852 castus

135 3876 169 3931 P*
268 3879 302 3933 13
319 3879 449 3934 ohoibitio
472 3881 498 3935 V
590 3881 648 3935 oleo
666 3882 731 3936 AP¹
830 3882 864 3937 14
881 3882 1145 3938 reconchiliationem
1167 3883 1194 3937 V

135 3964 261 4019 mastatio
280 3964 308 4018 P
411 3967 443 4021 15
468 3966 628 4036 iumentum]
651 3967 797 4022 fomentum
821 3968 899 4024 M¹V
1000 3968 1032 4022 l'l
1050 3968 1108 4038 ipsa
1126 3968 1191 4023 ΑΡι

136 4048 314 4106 incarnatione
327 4053 354 4106 A
443 4055 476 4107 18
488 4053 655 4124 reficiuntur]
669 4055 847 4124 refugiuntA
931 4056 1094 4111 uiatorisP¹
1174 4058 1258 4110 aetar-

136 4150 214 4278 nffiv
223 4140 253 4206 (n
279 4139 311 4194 in
337 4155 353 4194 a
379 4144 462 4210 corr.)
489 4142 516 4195 A
643 4141 676 4194 21
705 4142 913 4212 acciperuntV
1027 4142 1062 4196 24
1087 4143 1258 4211 consequitur
