2760 4814
178 318 340 389 Exaerpta
357 335 394 374 ex
411 336 480 390 epp.
499 320 525 373 S.
544 321 686 389 August.
703 318 875 377 ccxxvm.
893 320 1079 378 ccxxvnn.
1132 323 1196 389 749

59 508 220 591 potestate
249 509 402 585 humana,
433 508 596 590 propterea
626 526 786 576 recurrens
815 510 854 573 ad
885 509 1036 575 deitatem
1069 472 1193 575 sursum

61 609 162 691 erigit
182 610 274 675 eorda
296 610 469 689 homiuum,
492 614 621 694 prepter
643 629 722 692 quae
744 611 938 679 subleuauda
959 612 1128 677 deseendit.

507 882 749 968 OOXXVIIII.

57 1074 109 1121 DE
131 1074 280 1121 vulpaus
311 1074 487 1122 PERSONAE
517 1074 601 1122 FILII
631 1078 692 1123 nul
714 1076 757 1122 ET
780 1076 864 1122 FILII
887 1076 1032 1123 nomme
1054 1075 1131 1123 Slva
1154 1077 1192 1124 lu*

33 1189 49 1227 5
117 1176 245 1224 GLORIA
269 1176 345 1224 SIVE
368 1178 405 1223 IN
429 1178 653 1225 HVMILITATII.
688 1180 733 1225 Ex
760 1178 863 1225 LIBBO
886 1178 933 1225 DE
954 1178 1137 1225 mmmm

509 1280 534 1327 S.
559 1280 585 1327 S.
609 1282 641 1327 T.
669 1282 745 1329 XIII.

105 1415 176 1480 Nisi
198 1420 302 1480 tameu
332 1415 415 1480 idem
443 1416 509 1497 ipse
536 1419 615 1481 esset
643 1414 727 1480 iilius
750 1416 883 1482 heminis
906 1410 1033 1499 prepter
1054 1416 1264 1483 formameao

57 1518 155 1599 serui,
178 1536 271 1601 quam
294 1519 425 1601 aceepit,
448 1519 503 1600 qui
526 1522 574 1583 est
596 1518 679 1584 filius
701 1518 751 1585 dei
774 1522 899 1601 propter
920 1518 1052 1585 formam
1075 1521 1134 1597 dei,
1156 1520 1189 1584 iu

57 1640 124 1703 qua
154 1625 212 1693 εει,
243 1639 303 1686 nou
334 1622 451 1687 diceret
481 1624 638 1705 apestolus
660 1623 780 1687 Paulus
810 1623 848 1688 de
875 1624 1067 1707 principibus
1097 1622 1191 1688 huius

15 1726 197 1792 uosaeauli:
229 1724 261 1788 si
292 1727 392 1790 euim
422 1726 725 1809 cognouisseut,
755 1745 964 1809 numquam
993 1726 1189 1791 domiuum

57 1827 213 1910 gloriae
243 1827 561 1893 crucifixissent.
602 1849 637 1893 ex
673 1829 772 1894 forma
802 1829 886 1894 euim
914 1831 996 1894 serui
1026 1828 1191 1894 erucifixus

58 1930 123 2011 eet,
147 1930 307 1994 ettamen
330 1931 475 1995 domiuus
497 1930 617 2013 gloriae
639 1932 802 1997 crucifixus
824 1934 887 2003 est:
918 1933 992 1997 talis
1014 1932 1097 1997 euim
1121 1936 1189 1998 erat

59 2033 118 2097 illa
140 2034 305 2115 susceptio,
328 2052 406 2116 quae
425 2034 517 2099 deum
541 2034 698 2100 homiuem
721 2036 837 2100 faeeret
859 2040 891 2099 et
913 2034 1070 2100 homiuem
1085 2035 1187 2100 deum.

59 2136 136 2217 quid
159 2136 264 2200 tamen
285 2138 415 2219 propter
437 2137 512 2220 quid
534 2138 567 2201 et
588 2138 662 2218 quid
685 2138 855 2203 seeundum
880 2137 954 2219 quid
977 2137 1109 2214 dicatur,
1133 2137 1187 2202 ad-

22 2264 49 2304 ιε
58 2238 188 2303 iuuante
217 2238 341 2304 domiuo
372 2240 507 2321 prudeus
530 2241 563 2304 et
592 2240 728 2324 diligens
752 2244 783 2304 et
806 2242 875 2323 pius
898 2240 995 2305 lector
1019 2239 1187 2322 intellegit.

58 2360 133 2406 uam
155 2358 225 2405 eeee
247 2342 393 2425 diximus,
416 2342 492 2426 quia
513 2343 686 2409 seeundum
707 2344 738 2408 id
761 2344 844 2426 quod
865 2344 940 2408 deus
963 2347 1011 2409 eet
1032 2343 1189 2427 glorificat

57 2463 142 2527 sues,
171 2445 345 2510 seeundum
376 2446 433 2511 hoc
469 2448 586 2530 utique,
622 2446 703 2530 quod
732 2448 876 2513 domiuus
906 2448 1025 2529 gloriae
1054 2449 1118 2529 est3
1156 2450 1188 2511 et

58 2550 164 2613 tamen
198 2549 342 2614 domiuus
377 2550 493 2631 gloriae
526 2549 688 2614 erucifixus
719 2554 776 2628 est,
811 2550 885 2633 quia
913 2553 997 2615 reeta
1020 2549 1133 2615 dieitur
1155 2552 1188 2614 et
1281 2542 1284 2547 ’

56 2652 135 2716 deus
157 2651 330 2727 crucifixus,
361 2669 421 2716 uon
446 2671 481 2715 ex
504 2654 621 2717 uirtute
644 2653 832 2733 diuinitatis,
861 2655 914 2719 sed
938 2674 975 2719 ex
1004 2651 1187 2717 infirmitate

27 2754 169 2831 scamis,
192 2754 275 2818 sieut
297 2753 438 2829 dicimus,
461 2755 535 2836 quia
557 2755 728 2820 seeundum
750 2754 782 2819 id
797 2758 878 2838 qued
896 2756 971 2821 deus
989 2758 1038 2821 eet
1058 2754 1186 2837 iudieat,

58 2858 117 2923 hee
140 2861 189 2923 est
212 2874 248 2921 ex
277 2860 434 2939 potestate
463 2858 582 2935 diuina,
612 2877 674 2924 uon
696 2878 732 2923 ex
756 2859 905 2939 humaua3
939 2864 1098 2925 ettamen
1121 2860 1186 2943 ipse

57 2961 150 3026 homo
182 2959 378 3026 iudicaturus
412 2963 469 3039 est,
504 2962 586 3025 sieut
620 2962 763 3027 domiuus
792 2962 909 3044 gloriae
940 2962 1104 3028 crucifixus
1130 2972 1186 3028 est.

57 3064 104 3128 ita
126 3063 211 3129 euim
233 3066 339 3146 aperte
371 3064 463 3129 dieit:
494 3084 577 3129 eum
608 3065 767 3130 uenerit
797 3064 915 3131 iilius
947 3065 1117 3130 hominis
1147 3065 1185 3129 iu

56 3166 188 3250 gloria
209 3185 280 3232 sua
301 3170 340 3232 et
363 3186 492 3233 omues
514 3168 647 3251 angeli
670 3186 751 3233 eum
774 3186 831 3245 eo,
856 3172 954 3232 tune
976 3186 1186 3253 cougrega-

14 3272 207 3336 mbuntur
240 3276 329 3335 aute
362 3290 446 3335 eum
480 3289 609 3336 omues
642 3272 783 3355 gentes
817 3274 850 3336 et
883 3276 996 3349 cetera,
1035 3290 1113 3355 quae
1147 3272 1184 3335 de

57 3372 162 3437 futuro
184 3374 299 3439 iudicis
322 3375 474 3455 usquead
497 3375 644 3439 ultimam
666 3375 855 3440 senteutiam
871 3374 905 3438 iu
921 3393 955 3439 eo
978 3373 1045 3438 loeo
1061 3374 1184 3457 praedi-

56 3482 176 3543 eantur.
208 3478 240 3540 et
261 3475 370 3539 Iudaei
393 3477 516 3559 quippe,
540 3477 592 3559 qui
616 3478 648 3541 iu
671 3478 794 3543 malitia
816 3481 1051 3560 perseuerantes
1072 3480 1104 3542 iu
1127 3478 1182 3542 illo

56 3578 173 3643 iudieio
196 3578 344 3662 puniendi
367 3583 448 3656 suut,
471 3578 552 3644 sicut
573 3578 649 3644 alibi
672 3579 824 3662 seriptum
848 3584 904 3658 est,
928 3578 1124 3644 uidebuut
1145 3580 1182 3643 iu

56 3699 166 3763 quem
188 3684 454 3764 pupugerunt.
493 3700 564 3747 eum
586 3683 668 3746 enim
692 3688 724 3748 et
746 3681 821 3748 boui
843 3684 875 3747 et
897 3682 975 3747 mali
998 3682 1096 3748 uisuri
1119 3682 1184 3747 siut

159 3884 192 3937 10
209 3884 294 3940 1001,
307 3885 361 3949 aa
448 3886 480 3939 19
498 3886 532 3940 cf.
544 3885 574 3941 11
587 3886 644 3941 cor.
660 3886 730 3951 lae
814 3886 850 3939 aa
866 3886 964 3940 uasti.
976 3886 1018 3952 ee,
1031 3888 1062 3941 ei
1074 3903 1114 3955 sq.

55 3968 89 4024 ae
105 3968 144 4025 10.
164 3972 204 4035 ιε,
222 3971 256 4041 aa
274 3970 362 4037 (zach.
383 3972 422 4035 ua,
441 3972 484 4039 ιο)

106 4158 124 4211 3
140 4172 200 4225 eap
218 4158 395 4215 OCXXVIIII
408 4160 525 4215 deestis
536 4160 661 4215 omnibus
672 4160 749 4214 liaris
757 4164 873 4227 praeter
889 4159 955 4213 MV
1039 4160 1072 4214 14
1089 4162 1179 4213 tamen

54 4258 86 4295 a:
114 4246 171 4297 tam
189 4246 245 4311 (sei
262 4248 332 4313 tum)
348 4247 420 4301 euim
445 4246 472 4299 V
