2760 4814
180 280 243 349 104
651 279 839 352 [Eugippii]

177 470 287 550 clusor,
318 471 378 536 nisi
409 471 530 536 occulte
565 471 716 538 insidians
738 470 802 536 alia
829 470 881 536 uia
910 470 1068 536 deuitatur
1099 475 1154 536 aut
1176 490 1232 553 per
1255 494 1311 556 po·

176 574 288 657 pulum
303 574 505 653 deficientem,
522 574 603 656 quod
618 576 845 657 interpretatur
861 574 1022 653 Amalech,
1046 579 1151 658 aperta
1166 562 1311 641 saeuiens

176 680 209 744 ot
232 678 270 742 ad
293 681 411 742 terram
433 677 683 760 ropromissionis
706 678 906 762 repugnando
928 678 1099 743 transitum
1122 697 1235 762 negans
1257 700 1312 763 per

178 798 302 849 crucem
325 780 454 856 domini,
478 799 556 863 quae
578 781 681 865 Moysi
704 781 849 847 manibus
872 784 1003 846 extentis
1019 785 1067 846 est
1090 783 1312 866 praefigurata,

177 889 351 968 superetur.
389 884 462 949 hinc
493 885 576 950 enirn
608 884 669 950 sibi
699 885 919 966 purgationem
950 885 1004 949 isti
1034 887 1152 951 uirtute
1183 887 1312 969 propria

177 989 377 1072 pollicentur,
401 990 474 1071 quia
495 989 639 1055 nonnulli
662 1008 770 1054 eorum
793 991 963 1072 potuerunt
981 990 1080 1054 aciem
1095 992 1210 1054 mentis
1227 991 1311 1057 ultra

178 1110 300 1157 omnem
326 1092 502 1157 creaturam
524 1092 741 1157 transmittere
757 1096 789 1157 et
810 1092 914 1156 lucem
936 1091 1202 1157 incommutabilis
1224 1094 1311 1159 ueri·

177 1197 255 1260 tatis
290 1197 573 1279 quantulacumque
602 1214 636 1260 ex
665 1197 754 1277 parto
786 1196 975 1276 contingere,
1011 1194 1092 1277 quod
1125 1196 1311 1262 christianos

177 1299 296 1365 multos
320 1318 355 1362 ex
378 1297 438 1362 lide
461 1298 588 1362 interim
610 1297 677 1363 sola
692 1298 837 1362 uiuentes
852 1297 989 1362 nondum
1005 1297 1142 1380 potuisse
1158 1299 1310 1365 derident.

177 1405 230 1468 sed
265 1403 339 1485 quid
372 1402 498 1485 prodest
532 1401 728 1483 superbienti
757 1403 789 1466 et
817 1401 854 1467 ob
878 1401 937 1466 hoc
960 1403 1153 1467 erubescenti
1187 1404 1311 1485 lignum

178 1510 350 1585 ascendere,
386 1507 424 1570 de
457 1506 624 1590 longinquo
658 1505 833 1587 prospicere
867 1507 999 1587 patriam
1040 1507 1311 1573 transmarinam?

177 1611 233 1675 ant
262 1610 336 1691 quid
367 1611 452 1675 obest
476 1608 588 1675 humili
610 1613 647 1675 de
670 1611 758 1675 tanto
780 1611 948 1675 interuallo
971 1627 1031 1674 non
1056 1627 1125 1675 acm
1147 1610 1255 1676 uidere
1278 1611 1311 1676 in

177 1713 233 1778 illo
255 1713 351 1798 ligno,
375 1715 413 1778 ad
432 1731 500 1778 earn
523 1714 671 1790 uenienti,
695 1732 754 1796 quo
777 1714 965 1798 dedignatur
988 1713 1042 1778 ille
1065 1715 1207 1796 portari?

179 1989 273 2050 QVOD
295 1990 506 2037 TESTIMONIA
529 1991 696 2049 QVAEDAM
720 1990 909 2039 VENTVRVM
931 1989 1101 2039 CHRISTVM
1131 1991 1312 2040 PRAEMI'M·

179 2094 376 2152 elevemur,
411 2093 578 2153 QVAEDAM
616 2093 757 2142 VENISSE
790 2094 942 2142 Tuscana
977 2095 1062 2141 SINT.
1108 2095 1154 2141 EX
1191 2096 1313 2144 EODEM

603 2197 707 2245 mano
730 2198 760 2243 Τ.
784 2198 893 2245 XVIIII.

127 2310 166 2374 ll
223 2317 303 2382 Ecce
325 2316 364 2380 ad
388 2315 470 2398 quod
499 2316 614 2380 missus
644 2322 692 2381 est
721 2317 803 2381 filius
829 2317 888 2393 dei,
920 2319 1016 2381 immo
1038 2334 1111 2382 uero
1135 2335 1206 2382 ecce
1229 2317 1312 2399 quod

178 2422 227 2486 ost
255 2420 388 2484 missum
420 2438 485 2483 esse
515 2419 616 2485 filium
647 2420 706 2484 dei.
745 2439 958 2502 quaecumque
987 2426 1112 2502 propter
1136 2420 1310 2486 faciendam

178 2523 282 2605 fidem,
305 2543 367 2606 qua
384 2522 615 2599 mundaremur,
641 2525 679 2588 ad
696 2524 970 2606 contemplandam
985 2523 1152 2588 ueritatem
1170 2523 1202 2588 in
1219 2525 1311 2590 rebus

178 2627 256 2691 ortis
278 2629 317 2692 ab
335 2629 520 2692 aeternitate
542 2629 674 2711 prolatis
690 2628 775 2692 etad
792 2630 1011 2692 aeternitatem
1027 2628 1133 2692 relatis
1149 2631 1312 2709 tempora·

177 2731 252 2796 liter
280 2735 370 2814 gesta
399 2732 484 2807 sunt,
515 2735 570 2797 aut
600 2732 781 2797 testimonia
808 2731 967 2796 missionis
989 2730 1082 2796 huius
1104 2731 1232 2795 fuerunt
1254 2734 1312 2796 ant

176 2836 247 2917 ipsa
269 2834 378 2900 missio
405 2835 461 2900 filii
494 2836 553 2900 dei.
592 2839 625 2900 at
647 2835 829 2901 testimonia
851 2839 1002 2918 quaedam
1025 2840 1192 2900 uenturum
1217 2852 1311 2916 prae·

177 2939 412 3016 nuntiauerant,
447 2939 599 3022 quaedam
633 2940 754 3004 uenisse
777 2941 892 3004 testata
921 2942 1005 3002 sunt.
1044 2938 1162 3003 lactum
1192 2939 1309 3022 quippe

176 3043 349 3107 creaturam
378 3061 431 3125 per
459 3061 552 3125 quem
581 3042 666 3107 lacta
694 3045 742 3106 est
766 3042 865 3107 omnis
890 3043 1044 3124 creatura,
1075 3059 1199 3106 omnem
1223 3059 1310 3106 crea-

177 3149 283 3211 turam
320 3147 434 3212 testsm
470 3145 585 3211 habere
623 3145 795 3231 oportebat.
840 3147 900 3211 nisi
938 3147 1022 3211 enirn
1059 3145 1168 3211 multis
1203 3144 1311 3209 missis

176 3250 409 3331 praedicaretur
441 3267 532 3327 unus,
566 3267 627 3315 non
659 3251 768 3315 multis
801 3250 938 3316 dimissis
970 3252 1126 3314 teneretur
1150 3267 1240 3313 unus.
1278 3250 1312 3313 ct

230 3454 317 3509 lniei
334 3457 383 3508 aut
403 3454 430 3509 T
518 3454 535 3508 2
553 3454 728 3510 diffinientem
746 3455 776 3508 D
867 3455 1078 3522 interpraetatur
1095 3452 1154 3506 ΒΤ
1241 3452 1312 3505 aeui·

176 3557 224 3597 eas
241 3542 306 3597 talari
402 3541 621 3610 3prounissionis
640 3542 695 3598 PT
786 3541 889 3595 4mosi
909 3542 934 3595 Τ
1027 3542 1056 3593 in
1074 3538 1196 3593 manibus
1214 3537 1243 3592 P

177 3629 292 3682 extensis
312 3627 337 3682 Τ
429 3628 583 3697 5opcrItar
599 3628 640 3681 1)ι
727 3628 779 3682 iste
796 3628 837 3682 12¹
932 3629 949 3681 6
967 3628 1087 3696 potnerit
1103 3625 1142 3680 D¹
1237 3625 1314 3680 liu·

176 3711 374 3768 commotebilis
398 3713 425 3767 P
527 3714 643 3769 ueritete
665 3713 701 3769 0¹
728 3713 857 3768 ueritates
875 3713 916 3767 12¹
1021 3712 1054 3769 10
1076 3712 1245 3767 erubescente
1268 3712 1312 3766 1)ι

179 3799 234 3856 (Po
321 3800 352 3852 11
366 3799 618 3855 conscenderaD²T
703 3800 735 3856 13
747 3816 808 3855 eum
820 3800 906 3856 D¹co
975 3799 1168 3855 uenientcmD
1238 3797 1311 3868 qnod

175 3885 246 3942 Dc¹
341 3886 383 3940 illi
405 3886 441 3941 0¹
545 3889 649 3955 portare
665 3885 696 3938 D
799 3888 833 3940 15
850 3889 921 3941 testa
940 3887 966 3939 P
1060 3887 1116 3940 sint
1132 3902 1183 3940 coa.
1205 3886 1240 3939 G¹

177 3972 210 4027 17
233 3988 260 4026 es
286 3972 352 4026 G¹P
454 3973 520 4041 qnid
542 3972 578 4027 θ’
684 3971 716 4025 18
740 3972 900 4042 quidamque
926 3971 962 4027 θ’
1068 3972 1100 4026 19
1118 3971 1312 4026 mundaremur

177 4058 257 4129 Ppr.
354 4058 586 4129 contemplandam
606 4057 633 4112 P
733 4057 765 4111 21
790 4059 945 4114 antissionis
967 4058 1044 4128 Gpc.
1148 4058 1182 4113 22
1200 4057 1235 4112 ad
1252 4056 1312 4114 Do

177 4144 232 4200 P¹o
258 4144 304 4199 aed
325 4145 350 4199 Τ
450 4144 484 4199 23
501 4143 602 4198 factam
622 4144 663 4199 Ga
766 4144 801 4198 24
821 4161 902 4215 quam
924 4145 966 4200 Ga
1068 4146 1153 4200 factae
1171 4149 1236 4200 eunt
1253 4160 1311 4199 orn·

177 4233 378 4285 concreaturae
399 4230 424 4283 T
524 4229 558 4283 26
575 4228 699 4283 demissis
716 4229 815 4285 DG¹P
