2760 4814
191 271 357 341 Excerpta
374 289 410 327 ex
427 288 496 343 opp.
514 274 540 327 S.
558 274 744 341 Augustini
765 272 926 330 ccuxml.
944 273 1067 331 OCLXV.
1128 278 1193 347 849

61 462 326 543 distinguendum
347 463 412 529 cst:
435 464 590 546 etquid
612 463 765 546 eligam
785 463 934 547 ignoro.
971 465 1189 549 compellor

60 566 196 633 autem
224 585 269 632 cn
296 567 462 634 duobus.
496 586 589 650 quam
618 568 851 633 distinctionem
870 568 1026 649 sequitur:
1049 586 1187 634 concu-

60 668 309 750 piscentiam
343 669 487 737 babens
515 672 685 738 dissolui·
712 672 754 735 et
790 688 875 736 esse
904 688 987 737 cum
1015 669 1188 738 Christo.

59 775 94 837 et
117 773 279 855 tamqnam
295 779 504 857 quaereretur,
528 793 623 858 quara
639 774 733 841 huius
753 773 801 839 rei
822 774 925 857 potius
946 774 1060 841 babeat
1076 792 1188 841 eoncu-

35 876 262 959 episccntiam:
296 878 424 943 multo
451 878 555 945 enim
580 877 717 960 magis
745 878 947 961 optimum,
975 876 1089 961 inquit.
1134 895 1189 943 cur

60 996 139 1064 ergo
160 999 178 1044 e
200 979 323 1047 duobus
344 982 565 1065 compellitur?
587 981 661 1064 quia
678 982 728 1047 est
740 980 886 1047 manandi
901 982 1079 1059 necesitas,
1094 999 1189 1073 quam

60 1082 110 1147 ita
143 1083 293 1149 subiecit:
327 1103 482 1151 munera
513 1086 552 1151 iu
578 1104 696 1153 carue
725 1085 992 1151 necessarium
1024 1085 1191 1167 propter

59 1203 143 1250 uos
187 1186 241 1251 ubi
263 1188 370 1253 autem
392 1206 492 1270 nequa
514 1187 705 1271 praescripto
725 1187 797 1253 fidei
813 1205 914 1269 noque
927 1187 1024 1269 ipsius
1038 1185 1189 1253 mamonis

59 1290 149 1354 textu
172 1288 362 1375 ambiguitas
384 1291 530 1374 explicati
550 1293 669 1373 potest.
687 1291 769 1359 nibil
788 1291 877 1359 obest
898 1290 1065 1357 secundum
1080 1307 1188 1372 quam·

22 1413 52 1454 ιι
59 1390 143 1457 libet
158 1409 265 1459 earum
279 1412 357 1475 quae
373 1396 577 1465 ostenduntur
591 1395 780 1463 senteutiam
795 1393 997 1479 distinguere.
1020 1392 1118 1458 ueluti
1140 1396 1189 1458 eet

59 1493 184 1563 illaad
205 1494 396 1563 Cosinthios:
434 1499 500 1565 has
534 1518 625 1583 argo
658 1498 947 1581 promissiones
979 1496 1189 1569 babentes,

59 1597 281 1679 carissimi,
318 1605 548 1668 mundamus
585 1621 652 1667 nos
685 1601 734 1669 ab
769 1601 874 1667 omui
911 1600 1188 1683 inquinatione

59 1700 194 1767 carnis
212 1705 251 1768 et
268 1703 455 1785 spiritus,
478 1706 740 1788 perficientes
758 1704 1128 1771 sanctificationem
1148 1702 1188 1770 in

59 1804 204 1869 timore
237 1806 308 1875 dei.
353 1811 483 1891 eapite
510 1828 593 1875 uos:
623 1809 771 1877 nemini
800 1810 1016 1875 nocuimus.
1058 1809 1189 1875 dubium

24 1906 177 1991 uquippe
192 1913 373 1985 astutiam
395 1913 626 1978 mundamus
643 1931 712 1980 nos
727 1913 772 1979 ab
787 1910 888 1981 omui
907 1910 1188 1993 inquinatione

60 2013 194 2077 carnis
222 2016 259 2079 et
287 2014 463 2097 spiritus
493 2018 663 2083 secundum
696 2016 787 2081 illam
816 2015 1020 2081 senteutiam:
1055 2016 1097 2079 ut
1132 2012 1189 2078 sit

58 2116 201 2181 sancta
223 2118 262 2182 et
291 2136 454 2202 corpore
477 2124 519 2185 et.
537 2120 702 2200 spiritu,
736 2137 777 2187 an
799 2118 1028 2185 mundemus
1050 2136 1120 2183 uos
1141 2117 1187 2183 ab

58 2217 163 2283 omui
197 2219 522 2303 coinquinatione
555 2222 701 2300 earnis,
733 2226 769 2287 ut
802 2221 884 2289 alius
916 2223 958 2286 sit
991 2237 1112 2285 seusus:
1147 2222 1188 2286 et

58 2319 234 2402 spiritus
268 2324 537 2407 perficientes
569 2323 944 2391 sanctificationem
976 2325 1014 2387 in
1041 2324 1186 2389 timore

23 2424 125 2489 rodei
152 2426 282 2507 capite
311 2446 387 2494 nos.
433 2428 511 2495 tales
533 2429 632 2511 igitur
653 2428 890 2495 distinctionum
910 2424 1133 2511 ambiguitates
1153 2426 1186 2493 in

57 2528 218 2612 potestate
240 2530 376 2615 tegentis
396 2537 480 2599 sunt.

542 2784 705 2871 CCLXV.

56 2942 106 3025 nn
139 2972 305 3024 uumerus
338 2974 692 3025 raoavanmmonmss
729 2975 834 3024 nomn
869 2976 1023 3025 armam
1057 2972 1184 3023 cavea:

112 3080 211 3140 svis
233 3079 468 3128 uocvsaaiu
489 3079 676 3128 annosos
693 3066 790 3128 nus?
827 3080 875 3128 ux
897 3078 1001 3129 amno
1022 3076 1131 3127 avane

25 3180 50 3223 ιι
517 3183 658 3233 semeso
681 3184 730 3232 m.

102 3320 319 3404 Quaecumque
351 3324 456 3387 autem
493 3322 531 3386 de
564 3320 720 3407 ambiguis
752 3318 1004 3385 distinctionibus
1037 3316 1259 3398 diximue‚290

58 3425 169 3491 eadem
193 3425 385 3491 obseruanda
407 3426 481 3489 sunt
503 3429 534 3488 et
549 3424 583 3488 in
598 3422 753 3507 ambiguis
767 3421 1082 3505 pronuntiationibus.
1110 3439 1184 3487 nam

163 3612 194 3667 ιι
213 3611 243 3666 11
261 3610 320 3667 cor.
338 3612 363 3677 ι,
383 3612 447 3680 req.
535 3611 599 3667 ιιι
617 3610 675 3667 cor.
695 3611 719 3679 ι,
737 3611 772 3665 ιι
856 3610 892 3665 us
908 3610 983 3665 aem.
1001 3609 1026 3675 s.
1043 3609 1079 3663 aa

107 3782 234 3837 tantem
252 3782 290 3836 Va
319 3781 424 3837 enimc
521 3780 671 3839 tsnbienit
690 3779 728 3835 V:
757 3780 891 3835 subicito
986 3780 1184 3850 8praeecripto

56 3866 395 3936 GPccpraescribtioV
495 3867 645 3921 aaran
747 3866 916 3935 explicares
1016 3864 1184 3921 nibilobest

56 3953 144 4010 01³0:
173 3968 225 4009 oca.
246 3953 274 4009 V
368 3954 402 4009 10
419 3954 494 4024 quaa]
513 3969 598 4010 οιιι
701 3953 735 4009 19
752 3952 1000 4009 mcducedonee
1095 3954 1129 4009 21
1147 3952 1184 4009 le-

53 4038 149 4111 gentis
178 4039 215 4095 V:
250 4039 356 4109 legendi
382 4056 399 4094 ιι
499 4040 534 4095 22
560 4056 619 4109 espa
646 4038 788 4097 ocum
813 4040 841 4095 P
873 4038 1045 4097 ocumn
1073 4040 1116 4097 Gs

51 4128 92 4185 23
109 4126 199 4197 ponit]
215 4127 328 4196 ponitur
343 4142 361 4183 ι
458 4126 494 4181 24
511 4142 593 4196 supra
604 4126 704 4196 scriptu
716 4125 762 4183 111
780 4125 817 4182 V:
847 4125 879 4180 de
896 4126 1018 4182 doctrinm
1035 4125 1184 4183 christiana

52 4212 104 4272 111
124 4212 168 4268 ce
267 4212 303 4268 26
320 4216 411 4269 anum
431 4212 469 4267 V:
498 4212 570 4267 enim
590 4212 633 4268 Gc

106 4312 204 4371 vnn.
1045 4316 1080 4370 bi
