2760 4814
272 345 436 415 Excerpts
453 361 488 398 ar
507 362 576 416 opp.
596 345 622 398 S.
642 345 829 414 Augustini
849 345 994 402 CCXXIII.
1137 348 1200 414 719

64 535 148 621 quod
171 540 204 602 in
226 536 453 601 resurreetione
475 535 674 618 promittitur
692 535 833 618 spiritale
856 554 965 619 eorpus
989 535 1103 602 habere
1126 555 1196 603 ooa-

64 640 214 724 perimns,
249 640 317 705 sine
350 639 441 705 illam
467 642 571 704 mente
593 639 661 704 siue
685 638 823 705 mirabili
846 640 947 719 modo,
979 642 1126 723 quoniam
1147 641 1197 706 in·

66 744 203 810 effabiIIs
227 745 276 810 est
297 743 448 826 spiritalis
470 743 605 826 eorporis
627 744 740 827 gratia,
764 742 860 808 etiam
876 761 1003 827 corpore
1022 745 1197 827 uideamus,

64 864 127 912 non
152 848 258 913 tamen
280 866 335 930 per
357 848 496 912 looomm
526 847 696 912 interualla
724 864 780 912 neo
807 848 840 912 in
861 850 952 930 parte
974 847 1139 932 minorem,
1162 849 1196 912 in

42 952 156 1034 sparte
185 953 343 1029 maiorem,
375 953 523 1034 qnoniam
552 968 617 1016 non
644 952 695 1016 est
722 969 835 1033 eorpus
855 954 891 1015 et
910 950 1027 1034 ubique
1047 954 1116 1017 tota
1138 954 1197 1028 est,

61 1073 120 1138 pro
143 1058 250 1120 nostra
272 1054 446 1137 capacitate
469 1052 654 1118 uidebimus.

106 1174 195 1256 Quod
217 1194 289 1241 uero
312 1175 444 1257 posuisti
474 1176 507 1239 in
530 1175 670 1259 epistula
693 1177 758 1253 tua,
788 1174 889 1240 uideri
918 1174 986 1254 tibi,
1018 1175 1068 1240 uel
1091 1174 1195 1258 potins

60 1279 145 1362 quod
175 1279 340 1345 uidebatur
369 1279 428 1344 tibi
457 1277 540 1343 nihil
568 1279 677 1343 uiuum
706 1278 877 1343 seeundum
906 1276 1115 1344 substantiam
1146 1277 1196 1343 in·

61 1401 129 1449 esso
157 1382 298 1448 institiae
327 1382 458 1464 ideoque
486 1386 518 1446 te
549 1399 611 1447 non
639 1398 728 1465 posse
759 1381 861 1447 adhue
886 1382 988 1460 deum,
1018 1381 1052 1446 id
1075 1385 1124 1447 ost
1146 1383 1195 1448 ui·

23 1486 190 1555 ronentom
227 1489 373 1552 naturam
409 1483 552 1551 institiae
589 1484 727 1550 similem
756 1485 902 1568 negitare,
937 1484 1031 1568 „quia
1052 1484 1195 1550 iustitia“

60 1591 145 1655 sient
166 1589 245 1655 diuis
275 1589 411 1674 „nonin
433 1606 475 1666 so,
499 1587 608 1653 sedin
640 1587 728 1654 nobis
761 1587 853 1672 ninii,
884 1589 981 1654 immo
1015 1589 1120 1671 potins
1140 1607 1197 1655 nos

60 1693 234 1759 seeundum
256 1691 345 1758 illam
368 1691 514 1770 uiuimus,
541 1692 610 1774 ipsa
631 1710 704 1757 uero
726 1710 781 1774 per
803 1709 835 1756 se
856 1691 979 1757 iustitia
1001 1711 1196 1776 nequaquem

62 1795 183 1863 uinit“:
214 1798 252 1862 ad
275 1795 334 1860 hoo
354 1798 391 1860 nt
416 1795 475 1861 tibi
504 1793 571 1879 ipse
600 1797 792 1879 respondeas,
822 1794 901 1859 illud
931 1795 1062 1874 intuere,
1089 1799 1195 1861 utrum

61 1903 149 1965 reete
180 1898 241 1965 elioi
269 1899 368 1982 possit
397 1899 498 1965 uitam
527 1898 630 1980 ipsam
659 1916 720 1963 non
750 1898 865 1975 uiuere,
897 1916 958 1981 qua
981 1897 1026 1978 lit,
1049 1903 1085 1964 ιι
1107 1900 1196 1965 uiuat

26 2003 213 2086 „quidquid
248 2021 310 2068 non
347 2003 425 2068 salso
460 2002 594 2069 dioimns
630 2003 748 2068 uiuere.
794 2003 870 2084 puto
908 2003 991 2067 enim
1026 2003 1196 2068 absurdum

61 2107 123 2171 tibi
152 2105 260 2184 uideri,
291 2109 327 2171 ut
356 2125 410 2189 per
440 2107 538 2172 uitam
568 2106 696 2171 ninutur
726 2110 757 2171 et
787 2108 853 2171 nita
882 2124 943 2171 non
973 2106 1070 2170 uiuat.
1105 2126 1195 2191 porro

62 2210 90 2277 si
123 2210 194 2275 nita
224 2211 292 2291 ipsa
328 2210 489 2292 praecipue
524 2210 620 2286 uiuit,
658 2228 719 2292 qua
751 2209 832 2275 uiuit
867 2227 957 2275 omne
989 2210 1070 2292 quod
1100 2209 1194 2287 uiuit,

62 2314 174 2391 recole,
205 2311 338 2391 obseoro,
368 2330 444 2395 quas
472 2313 557 2378 dieat
586 2313 740 2395 scriptura
766 2312 873 2378 diuina
894 2312 1015 2377 animas
1038 2317 1194 2390 mortuam

63 2415 202 2498 profecto
233 2415 374 2481 inuenies
404 2415 547 2492 iniustas,
579 2416 704 2499 impias,
733 2415 885 2482 infideles.
928 2434 1001 2481 nem
1030 2416 1105 2481 lieet
1138 2436 1194 2499 per

32 2520 137 2595 „illas
167 2522 277 2585 uiuant
307 2538 436 2603 corpora
465 2519 643 2603 impiorum,
675 2521 713 2585 do
744 2520 857 2603 quibus
884 2519 1086 2601 dictumest,
1111 2520 1194 2602 quod

64 2623 181 2689 mortni
202 2622 362 2704 sepeliunt
382 2626 522 2689 mortuos
544 2641 625 2705 suos,
650 2624 681 2688 et
703 2622 748 2688 ibi
771 2624 997 2707 intellegantur
1011 2624 1108 2689 etism
1130 2623 1193 2689 ini·

64 2745 143 2810 qnae
173 2726 295 2792 animae
324 2743 386 2791 non
413 2744 480 2791 osse
502 2725 571 2791 sine
593 2727 698 2810 aliqua
720 2726 789 2792 nita
809 2763 852 2774 —
875 2746 974 2809 neque
996 2726 1080 2791 enim
1102 2727 1195 2792 aliter

64 2847 100 2894 ex
123 2828 168 2894 eis
191 2833 318 2912 possent
340 2847 468 2912 oorpora
490 2831 605 2906 uiuere,
631 2829 691 2895 nisi
707 2830 927 2913 qualicumque
950 2831 1026 2905 nita,
1049 2847 1111 2912 qna
1127 2848 1194 2896 om-

65 2935 138 2999 nino
171 2933 294 3000 animae
327 2952 431 2999 carere
465 2953 525 2999 non
557 2936 695 3016 possunt,
735 2931 816 2997 unde
855 2933 1048 2998 immortales
1081 2932 1194 2997 merito

15 3039 218 3106 truncantur
246 3072 286 3084 -
315 3055 375 3102 non
409 3043 515 3103 temen
549 3038 588 3102 ob
622 3037 709 3102 alind
743 3037 859 3101 amissa
892 3035 1012 3101 iustitia
1046 3036 1196 3101 dieantur

67 3145 226 3218 mortuae,
268 3140 329 3204 nisi
369 3139 442 3221 qnia
475 3144 507 3205 et
543 3140 716 3205 animarum
754 3138 832 3204 lieet
870 3138 1091 3203 immortaliter
1127 3139 1196 3205 uita

67 3242 286 3326 qnalioumque
321 3243 498 3309 uiuentium
537 3244 638 3309 uerior
672 3248 704 3308 et
740 3242 839 3307 maior
872 3242 941 3307 uita
979 3242 1102 3308 iustitia
1135 3245 1193 3319 est,

67 3348 229 3429 tamquam
252 3348 322 3412 uita
344 3349 498 3423 uitarnm3
532 3366 611 3430 quae
634 3365 706 3412 oum
729 3345 858 3412 suntin
882 3346 1074 3428 corporibus,
1098 3345 1194 3410 etiam

165 3552 198 3606 21
218 3551 252 3606 ol.
272 3551 371 3607 Matth.
388 3553 415 3616 8,
431 3551 466 3605 22

116 3741 130 3795 1
155 3737 251 3794 habero
274 3739 331 3794 Ao:
362 3738 457 3794 debere
484 3739 508 3794 V
607 3741 624 3794 2
648 3742 765 3794 mentem
788 3740 816 3793 A
919 3740 936 3794 3
959 3739 1075 3808 gratiam
1097 3739 1126 3792 A

69 3824 204 3881 uideamur
221 3827 248 3879 A
333 3824 351 3879 4
367 3841 497 3880 minorem
509 3825 538 3879 in
550 3828 625 3894 porte
639 3825 723 3881 θΡυι
742 3825 870 3879 minorem
884 3840 931 3938 nae
942 3824 971 3878 in
984 3828 1059 3894 parte
1073 3823 1185 3893 G

68 3944 155 4002 AMV
239 3945 421 4015 ‘lapistoleo
506 3945 692 4016 8nidebstur]
711 3962 796 4002 oouo
882 3910 963 3999 nuum
983 3947 1010 3999 A
1098 3944 1131 4001 10
1148 3961 1194 4000 na·

69 4034 162 4088 turno
266 4032 387 4102 quiaV.
416 4048 485 4102 quaa
506 4033 578 4088 APo
680 4034 712 4089 11
736 4050 785 4088 nes
809 4035 867 4089 Ao:
896 4049 950 4088 non
976 4032 1001 4087 V
1100 4033 1134 4087 13
1159 4032 1200 4087 ad'

68 4115 123 4188 hoo]
140 4118 263 4174 adhnoo
374 4118 406 4173 17
429 4134 482 4188 qus
499 4120 556 4175 Ao·
582 4119 630 4188 qni
652 4118 680 4174 V
788 4120 822 4175 21
847 4119 979 4189 sepeliunt
1000 4119 1038 4174 V:
1064 4118 1196 4188 sepeliant

69 4205 108 4260 Ao
210 4204 408 4273 intelleguntur
424 4205 453 4258 A
555 4205 590 4259 23
613 4206 674 4274 qus]
693 4221 760 4274 quea
779 4205 800 4274 (i
818 4210 884 4273 rue.)
908 4207 935 4259 A
1038 4204 1072 4259 27
1094 4205 1194 4273 qualis·

68 4304 175 4361 tumque
192 4307 209 4344 o
312 4290 420 4346 institis
437 4290 487 4360 ost]
506 4290 628 4346 iustitise
644 4306 662 4345 o
763 4291 799 4346 28
815 4293 883 4361 nita]
901 4293 987 4346 uitam
1004 4291 1033 4344 A
