2760 4814
292 303 456 371 Excerpta
473 319 508 356 ex
525 319 594 372 opp.
615 306 640 359 b'„
657 251 843 373 Augustini
866 304 1011 362 ccxxln.
1153 307 1213 376 721

130 492 164 559 Si
186 511 259 578 ergo
281 492 453 559 canendum
471 495 527 569 est,
550 513 589 560 ne
611 493 751 581 iustitiae
773 494 897 560 nostrae
915 495 1053 560 similem
1071 496 1215 580 putemus

86 599 196 676 deum,
240 597 386 680 quoniam
422 596 544 675 lumen,
582 597 663 678 qnod
700 595 881 677 inluminat,
918 597 1216 666 incommutabiliter

85 699 287 766 excellentius
309 697 365 764 illo
387 698 436 764 est
465 699 547 780 quod
569 698 793 764 inluminatur:
831 703 946 781 quanto
979 702 1081 782 magis
1111 704 1215 768 caueri

86 805 218 886 oportet,
241 820 280 867 ne
302 801 419 885 aliquid
445 801 577 867 inferius
595 806 626 867 et
645 802 779 884 quodam
801 803 892 868 modo
915 804 1120 870 decoloratius
1143 824 1215 871 enm

62 924 155 972 cesse
177 906 348 985 credamus,
372 924 465 988 quam
488 908 538 970 est
558 908 664 973 nostra
685 906 830 972 iustitia?
853 905 928 989 quid
943 906 991 971 est
1006 909 1113 973 autem
1128 906 1216 973 aliud

87 1009 220 1087 institia,
255 1027 326 1073 cnm
360 1008 393 1072 in
422 1009 511 1074 nobis
540 1013 598 1093 est,
632 1010 685 1074 nel
708 1009 866 1092 quaelihet
898 1011 1009 1095 uirtus,
1039 1028 1102 1092 qua
1129 1010 1215 1075 recte

86 1112 303 1196 sapienterque
325 1111 453 1192 uiuitur,
477 1131 571 1195 qnam
593 1113 749 1179 interioris
771 1111 907 1178 hominis
929 1112 1151 1194 pulchritudo?
1183 1117 1216 1178 et

86 1220 172 1282 certe
208 1218 376 1281 seeundum
412 1215 492 1281 hane
528 1216 793 1299 pulchritudinem
829 1216 930 1301 magis
970 1235 1065 1299 quam
1103 1234 1216 1301 eorpus

87 1337 197 1384 sumus
229 1318 268 1383 ad
300 1317 469 1402 imaginem
500 1319 559 1384 dei.
596 1319 679 1384 unde
708 1318 796 1385 nobis
818 1319 950 1385 dicitnr:
984 1319 1108 1385 nolite
1130 1338 1215 1386 uon-

47 1422 253 1488 soiormari
277 1422 368 1487 hnic
390 1423 562 1502 saeculo,
585 1423 651 1488 sed
673 1417 946 1488 reformamini
970 1423 1007 1488 in
1032 1423 1216 1488 nouitate

87 1526 237 1591 mentis
259 1529 419 1591 uestrae
441 1528 487 1591 ad
511 1526 751 1610 probandum
774 1544 857 1606 nos,
883 1545 978 1609 qnae
1001 1527 1056 1590 sit
1079 1526 1217 1592 nolun-

87 1636 152 1694 tas
182 1628 260 1708 dei,
291 1628 387 1711 quod
418 1629 557 1694 bonum
581 1632 619 1694 et
641 1630 836 1712 placitum
859 1632 897 1695 et
918 1617 1150 1712 perfeetum.
1189 1631 1217 1695 si

87 1750 162 1814 ergo
184 1750 245 1796 non
267 1733 299 1796 in
322 1733 404 1797 mole
427 1751 526 1814 neque
548 1732 582 1797 in
605 1733 796 1800 distantibus
818 1753 873 1818 per
895 1735 963 1799 loca
980 1751 1037 1798 sua
1059 1733 1215 1816 partious,

88 1835 172 1900 aient
202 1852 328 1918 corpora
356 1835 422 1900 siue
452 1837 623 1901 cernuntur
652 1835 720 1903 siue
743 1838 931 1921 cogitantur,
962 1836 1073 1901 sedin
1096 1836 1214 1901 uirtute

47 1937 299 2022 utintellegibili,
323 1938 425 2021 qualis
448 1940 496 2005 est
517 1938 648 2019 institia,
677 1946 816 2005 mentem
839 1940 970 2007 dicimus
994 1957 1047 2004 sen
1071 1941 1214 2004 nouimus

88 2061 145 2108 seu
178 2042 321 2106 uolumus
355 2042 516 2124 pulchram
555 2046 587 2107 et
628 2042 801 2107 seeundum
840 2042 920 2107 hanc
952 2041 1216 2122 pulchritudinem

87 2147 294 2211 reformamur
322 2146 362 2211 ad
395 2147 563 2229 imaginem
595 2145 660 2210 dei:
695 2145 832 2227 profecto
866 2144 963 2226 ipsius
990 2143 1048 2222 dei,
1084 2143 1216 2226 quinos

87 2248 272 2314 reformauit
294 2250 325 2313 et
347 2249 497 2314 reformat
514 2250 554 2314 ad
575 2250 745 2333 imaginem
759 2268 857 2333 suam,
881 2266 941 2314 non
963 2250 996 2312 in
1013 2248 1118 2330 aliqua
1132 2248 1216 2315 mole

89 2370 236 2436 corporea
258 2351 444 2434 suspicanda
458 2357 506 2417 est
529 2351 739 2436 pulchritudo,
763 2369 859 2432 eoque
880 2350 1034 2416 iustorum
1054 2351 1214 2417 mentibus

50 2454 260 2523 accredendus
283 2461 329 2519 est
350 2454 636 2537 incomparabiliter
658 2452 827 2536 pulchrior,
855 2470 915 2535 quo
938 2457 986 2518 est
1008 2453 1216 2519 incommuta·

88 2558 198 2623 biliter
225 2557 346 2622 iustior.

192 2795 209 2849 9
227 2793 303 2849 Rom.
321 2794 362 2862 12,
380 2795 398 2848 2

140 3020 158 3074 2
175 3018 434 3073 incommutabiliter
451 3019 489 3074 Μ
491 3019 525 3074 V:
554 3018 798 3090 incomparabiliter
815 3019 916 3074 AGPo
1017 3019 1034 3073 3
1052 3018 1099 3073 illo
1117 3021 1158 3073 est
1179 3017 1217 3074 V:

89 3141 132 3194 est
157 3139 207 3194 illo
229 3141 286 3196 AG
322 3113 364 3195 est
385 3115 472 3197 illoc
574 3139 652 3210 quod]
680 3138 787 3208 qro
886 3138 1105 3194 ddeeoloratins
1131 3137 1217 3194 Aac:

89 3242 288 3299 deeoratinsV
375 3229 494 3299 lineatae
510 3244 539 3297 A
631 3243 858 3313 lsapienterqne]
877 3241 1011 3312 sapienter
1027 3241 1091 3310 quia
1110 3241 1148 3297 6¹

91 3346 120 3400 11
147 3348 249 3400 manue
272 3347 299 3400 A
402 3348 436 3401 12
459 3316 596 3417 prorsum]
620 3346 748 3415 placitum
771 3348 813 3400 aas
830 3345 858 3398 A
888 3344 954 3399 aena
975 3344 1104 3413 placitum
1123 3344 1151 3398 P

91 3448 124 3503 13
141 3449 169 3503 in
187 3450 266 3519 mole]
285 3449 457 3506 immobileo
561 3450 593 3505 16
614 3449 687 3504 huno
709 3450 736 3502 A
840 3449 872 3502 l'l
890 3447 1010 3518 profectu
1028 3447 1055 3499 A
1157 3460 1218 3515 pro·

90 3569 258 3640 roso-ees]
280 3586 364 3628 ona
466 3571 663 3640 1en10oav
768 3533 963 3637 1epuunri'o0
986 3568 1029 3635 (tu
1051 3566 1115 3649 aaa.
1138 3581 1173 3620 m.
1186 3567 1217 3634 a)

93 3675 119 3725 V
147 3674 299 3744 pulcritudo
325 3676 353 3729 A
467 3676 502 3730 20
527 3674 784 3731 incommutabiliter
809 3672 886 3729 MVz
921 3668 1165 3739 incomparabiliter
1190 3668 1218 3723 A

93 3777 161 3834 61²0
