2760 4814
314 347 481 417 Excerpts
499 362 534 401 ex
552 363 621 418 opp.
643 348 670 404 S.
688 349 880 419 Augustini
903 347 1039 404 ccnml.
1181 348 1246 416 825

149 538 236 601 Ante
258 535 364 601 omnia
385 536 484 620 igitur
506 555 583 620 opus
607 541 655 600 est
678 536 727 601 dei
750 536 861 602 timore
891 537 1032 602 conuerti
1063 537 1103 602 ad
1132 555 1244 620 cogno·

105 641 256 706 scandam
271 639 338 704 eius
354 640 558 715 uoluntatem,
575 640 650 722 quid
667 639 755 704 nobis
772 642 981 722 appetendum
998 640 1244 724 fugiendumque

104 743 290 826 praecipiat.
336 744 430 807 timor
453 746 559 808 autem
582 744 644 808 iste
666 744 890 827 cogitationem
913 744 950 808 de
974 745 1082 809 nostra
1099 744 1242 810 mortali·

105 851 174 912 tate
205 849 237 912 et
259 848 296 912 de
320 845 428 911 futura
450 847 550 913 morte
572 865 695 913 necesse
718 848 767 912 est
789 846 923 912 incutiet
946 848 979 911 et
1000 847 1088 929 quasi
1111 846 1242 913 eleuatis

85 948 256 1015 scernibus
287 967 393 1014 omnes
423 949 588 1034 superbiae
617 955 722 1016 motus
745 951 830 1034 ligno
853 953 953 1016 crucis
976 950 1095 1033 affigat.
1130 950 1241 1015 deinde

105 1054 267 1120 mitiscere
285 1073 363 1136 opus
387 1058 435 1119 est
450 1055 569 1136 pietate
586 1071 685 1135 neque
701 1054 910 1119 contradicere
926 1054 1053 1118 diuinae
1069 1054 1242 1135 scripturae

104 1158 175 1223 siue
210 1157 399 1239 intellectae,
440 1158 468 1223 ai
501 1157 608 1239 aliqua
641 1156 720 1221 uitia
753 1158 860 1221 nostra
893 1157 1038 1238 percutit,
1077 1154 1144 1221 siue
1179 1173 1239 1220 non

103 1261 295 1333 intellectae,
319 1262 408 1343 quasi
432 1278 488 1326 noe
510 1261 622 1325 melius
646 1279 752 1341 sapere
775 1260 949 1342 meliusque
969 1259 1145 1341 praecipere
1167 1277 1239 1341 pos-

103 1365 217 1443 simus,
241 1365 295 1429 sed
319 1366 455 1444 cogitare
478 1366 583 1449 potius
604 1366 636 1428 ot
659 1365 783 1429 credere
809 1365 841 1428 id
867 1384 934 1431 esse
950 1366 1114 1430 meliueet
1137 1365 1242 1429 uerius

85 1468 190 1551 ‚quod
220 1467 266 1533 ibi
296 1469 447 1550 scriptum
477 1471 534 1546 est,
565 1471 659 1534 etiam
688 1468 714 1533 si
745 1468 852 1547 lateat,
885 1488 979 1552 quem
1010 1469 1043 1533 id
1070 1468 1152 1551 quod
1184 1486 1241 1533 nos

103 1590 162 1654 per
198 1590 255 1637 nos
291 1572 375 1653 ipsos
412 1590 519 1654 sapere
555 1589 726 1654 possumus.
782 1574 854 1654 post
894 1572 972 1637 istos
1008 1572 1084 1638 duos
1126 1574 1241 1655 gradus

103 1675 231 1741 timoris
264 1676 356 1758 atque
385 1675 511 1758 pietatis
541 1675 580 1739 ad
610 1675 740 1739 tertium
771 1676 897 1740 uenitur
926 1674 1075 1740 scientiae
1097 1674 1242 1759 gradum

104 1779 143 1844 de
175 1797 235 1861 quo
265 1798 347 1844 nunc
379 1796 470 1862 agere
502 1778 637 1843 institui.
683 1797 754 1843 nem
784 1779 817 1842 in
851 1797 886 1843 eo
920 1797 953 1843 se
986 1783 1105 1843 exercet
1139 1777 1241 1843 omnis

105 1880 286 1946 diuinarum
316 1881 539 1962 scripturarum
572 1883 739 1963 studiosus,
771 1882 849 1947 nihil
879 1883 912 1946 in
947 1882 990 1946 eis
1020 1881 1105 1947 aliud
1128 1881 1240 1945 inuen-

85 1984 195 2048 rturus
218 2003 310 2066 quam
334 1984 528 2069 diligendum
552 2005 617 2050 esse
640 1986 731 2051 deum
754 1990 880 2070 propter
902 1986 994 2051 deum
1011 1987 1043 2050 et
1065 1987 1240 2069 proximum

103 2088 233 2170 propter
256 2085 359 2169 deum,
382 2089 526 2153 stillum
550 2090 677 2172 quidem
700 2108 736 2154 er
758 2091 824 2154 toto
848 2089 937 2155 corde
953 2090 985 2153 et
1001 2108 1035 2154 er
1051 2091 1118 2154 tota
1134 2092 1241 2155 anime

105 2193 137 2255 et
165 2209 201 2253 er
233 2191 301 2254 tota
323 2192 437 2267 mente,
462 2192 637 2273 proximum
660 2211 734 2257 ucro
756 2194 920 2274 tamqnam
942 2210 975 2255 se.
998 2191 1113 2273 ipsum,
1137 2192 1169 2256 id
1192 2195 1241 2258 est

104 2295 142 2357 ut
168 2294 236 2357 tota
257 2295 389 2375 proximi
413 2296 496 2359 sicut
519 2295 614 2359 etiam
637 2294 735 2358 nostri
757 2294 884 2359 dilectio
907 2295 1061 2359 referatur
1079 2294 1112 2358 in
1136 2294 1239 2359 deum.

104 2397 143 2461 de
174 2395 289 2478 quibus
319 2396 439 2461 duobus
470 2398 652 2481 praeceptis
684 2415 755 2462 cum
785 2399 939 2463 derebus
963 2415 1135 2481 ageremus,
1159 2397 1239 2462 libro

85 2498 264 2581 pauperiore
291 2499 503 2565 tractauimus
548 2518 671 2564 necesse
701 2503 749 2565 est
771 2517 855 2582 ergo,
879 2500 916 2563 ut
936 2502 1038 2581 primo
1053 2518 1086 2564 se
1108 2500 1239 2583 quisque

104 2604 137 2667 in
161 2601 326 2683 scripturis
350 2602 490 2667 inueniat
512 2622 615 2667 amore
630 2601 723 2667 huius
739 2604 865 2680 saeculi,
881 2603 940 2669 hoc
955 2606 1002 2668 est
1017 2603 1238 2686 temporalium

104 2724 222 2788 rerum,
245 2704 443 2788 implicatum
465 2705 554 2787 longe
577 2706 755 2771 seiunctum
777 2725 844 2772 esse
862 2726 881 2772 a
896 2708 984 2772 tanto
1008 2725 1113 2772 amore
1135 2707 1186 2773 dei
1208 2712 1241 2772 et

103 2810 195 2874 tanto
218 2826 322 2873 amore
346 2809 488 2890 proximi,
513 2815 665 2891 quantum
689 2810 841 2891 scripture
864 2809 934 2892 ipsa
948 2810 1142 2892 praescribit.
1171 2812 1240 2876 tum

104 2931 180 2978 uero
202 2911 298 2978 timor
319 2911 383 2989 ille,
406 2931 466 2995 quc
489 2914 607 2995 cogitat
630 2912 668 2977 de
689 2912 805 2977 iudicio
828 2912 887 2992 dei,
911 2914 945 2977 et
966 2914 1022 2978 illa
1044 2912 1153 2994 pietas,
1177 2932 1240 2994 qua

85 3035 167 3083 enon
190 3017 295 3099 potest
318 3017 378 3081 nisi
402 3017 528 3081 credere
551 3020 583 3080 et
606 3016 712 3080 cedere
735 3016 918 3081 auctoritati
941 3020 1119 3081 sanctorum
1142 3014 1240 3079 libro·

103 3140 185 3199 rum,
217 3120 303 3202 cogit
332 3139 404 3184 eum
433 3137 465 3184 ee
495 3118 598 3202 ipsum
629 3119 746 3203 lugere.
791 3136 867 3183 nam
897 3119 958 3183 ista
987 3117 1118 3183 seientia
1140 3118 1239 3183 bonae

103 3224 172 3307 spei
203 3221 361 3287 hominem
388 3242 447 3287 non
471 3223 707 3300 sciscitantem,
731 3221 787 3285 sed
810 3222 1038 3285 lamentantem
1062 3220 1147 3286 iacit.
1177 3240 1238 3304 quo

104 3326 221 3392 affectu
242 3326 393 3409 impetrat
415 3325 531 3390 sedulis
546 3324 689 3408 precibus
706 3325 948 3390 consolationem
965 3323 1063 3391 diuini
1078 3323 1238 3401 adiutorii,

104 3451 143 3496 ne
165 3429 378 3511 desperatione
401 3429 573 3511 frangatur.

211 3608 243 3661 15
261 3605 294 3660 cf.
313 3606 413 3660 nister.
432 3608 473 3671 92,
492 3608 525 3661 37
544 3610 571 3660 et
589 3607 623 3660 39

155 3771 408 3840 2iugiendumque
430 3770 465 3824 V:
501 3770 743 3838 faciendumqueo
869 3768 1101 3836 3cogitutionom
1124 3768 1159 3821 V:
1196 3784 1240 3823 co·

104 3858 298 3927 guntionemo
396 3858 414 3911 4
432 3858 547 3910 incutiat
566 3857 602 3908 V:
633 3860 664 3910 ut
682 3857 798 3909 incutiet
816 3860 859 3919 (ut
874 3855 938 3909 odd.
952 3872 986 3910 m.
999 3857 1019 3907 2
1030 3856 1060 3907 in
1074 3856 1136 3925 mp.)
1154 3872 1171 3910 o

103 3942 263 3999 elebatio?
345 3943 602 3997 (imitescereGPo
688 3943 781 4012 noque]
801 3958 851 3997 om.
871 3942 907 3995 P¹
995 3942 1180 4010 8praecipere
1201 3940 1239 3993 V:

104 4030 277 4098 perciperes
388 4028 405 4081 9
428 4030 518 4097 potius
543 4029 660 4097 cogitare
686 4028 729 4083 Ge
838 4028 867 4082 id
889 4028 925 4080 V:
954 4044 1037 4082 oceo
1140 4043 1195 4080 esee
1215 4030 1239 4094 (e

104 4114 448 4182 alteroextcorr.m.2)
472 4114 497 4166 V
582 4116 617 4168 24
633 4115 682 4168 ille
694 4115 776 4167 timor
796 4113 867 4169 GPo
954 4114 1003 4167 illa
1025 4112 1063 4166 V:
1090 4112 1170 4166 illev

103 4200 201 4271 piatas]
219 4216 305 4256 omo
403 4217 457 4270 qua
473 4198 508 4253 V:
537 4216 622 4268 quoe
724 4200 758 4254 25
777 4200 935 4254 auctoritati
952 4199 1035 4255 GPo:
1063 4198 1238 4252 auctoritatis

107 4285 137 4342 V
235 4286 270 4341 29
286 4288 413 4356 seguiter
429 4302 489 4355 cop.
509 4286 616 4342 ccuvl
633 4288 666 4341 in
687 4287 756 4341 GPc
