2760 4814
249 532 417 602 Excerpta
433 548 468 586 ex
486 549 556 604 opp.
575 534 600 588 S.
620 534 811 603 Augustini
835 536 910 591 LIII.
929 537 1020 591 LIIII.
1138 540 1203 605 289

64 727 230 806 accepit
252 724 574 790 circumcisionis
598 727 847 807 signaculum
876 729 1063 793 iustitiae
1092 728 1200 793 fidei.

65 845 143 911 ergo
166 832 200 893 et
221 827 316 894 istam
346 827 616 894 circumcisionem
647 831 728 895 iuter
759 832 836 896 alies
866 831 982 914 figuras
1005 832 1201 914 propheticas

66 931 105 996 de
129 929 254 996 Christo
276 929 403 1012 scripsit
424 930 538 1008 Moses,
572 933 611 997 de
641 952 701 1015 quo
732 935 798 1016 ipse
828 933 919 999 dicit:
954 937 998 999 de
1020 953 1078 998 me
1100 936 1203 1000 enim

65 1033 143 1098 ille
164 1035 343 1116 scripsit.

43 1285 58 1324 s
578 1240 692 1325 LIIII.

67 1414 140 1459 NON
181 1413 294 1461 SOLVM
335 1415 458 1463 DIEBVS
503 1415 567 1464 SED
607 1417 650 1462 ΕΤ
688 1415 856 1464 MENSIBVS
892 1416 1028 1463 NOMINA
1060 1417 1203 1464 DEORVM

67 1518 208 1565 svonvm
242 1518 436 1567 IMPOSVERE
470 1521 608 1568 PAGANI.
658 1521 705 1567 EX
738 1521 840 1568 LIBRO
874 1520 1011 1568 CONTRA
1044 1519 1203 1568 FAVSTVM

586 1624 700 1671 XVIII.-

112 1741 233 1806 Diebus
255 1745 367 1826 quippe
390 1742 470 1818 istis,
495 1761 627 1826 quorum
649 1741 845 1826 septenarius
869 1760 1018 1808 numerus
1041 1744 1072 1807 in
1096 1744 1256 1809 orbem69

32 1873 58 1911 ιο
68 1844 162 1924 redit,
186 1848 315 1910 deorum
338 1864 465 1912 suorum
488 1848 616 1911 nomina
636 1851 745 1929 gentes
767 1845 999 1929 imposueruut;
1029 1846 1067 1911 de
1091 1847 1203 1928 quibus

67 1949 116 2014 ait
139 1947 308 2032 apostolus,
338 1953 418 2031 quod
441 1951 657 2015 coluerunt
679 1953 716 2014 et
739 1951 968 2015 seruierunt
996 1953 1203 2015 creaturae

68 2053 209 2134 potins
232 2071 346 2136 quam
370 2053 553 2118 creatori.
588 2072 665 2136 quos
680 2053 715 2118 in
730 2053 789 2118 hac
804 2058 892 2136 parte
907 2054 1005 2118 etiam
1020 2071 1074 2118 uos
1096 2054 1204 2117 imita·

68 2159 157 2232 mini,
192 2157 254 2220 nisi
288 2156 368 2238 qnod
402 2175 475 2221 oum
506 2157 550 2222 eis
580 2155 734 2221 lucidiora
764 2156 826 2222 duo
848 2157 978 2234 lumina,
1005 2157 1108 2220 cetera
1129 2174 1203 2220 uero

68 2257 172 2322 sidera
199 2275 262 2323 non
292 2277 362 2323 cnm
393 2261 437 2324 eis
467 2258 615 2324 adoratis.
654 2259 764 2325 sedet
794 2260 955 2324 mensibus
985 2259 1204 2343 imposuerunt

37 2360 198 2426 rsnomina
220 2363 349 2426 deornm
367 2380 504 2426 suorum.
534 2364 662 2446 propter
677 2362 825 2428 honorem
840 2363 954 2445 quippe
969 2362 1106 2438 Romuli,
1130 2363 1204 2443 quia

69 2484 141 2528 enm
157 2463 273 2529 Martis
289 2464 390 2530 filium
407 2464 614 2544 crediderunt,
638 2465 776 2549 primum
793 2483 933 2529 mensem
950 2464 1047 2528 Marti
1066 2463 1204 2528 dicantes

70 2568 222 2632 martium
253 2575 459 2652 uocaueruut3
494 2573 525 2632 et
554 2571 622 2633 iude
647 2568 779 2650 aprilem
805 2567 891 2632 nullo
920 2568 970 2632 dei
999 2567 1048 2631 sni
1071 2565 1205 2647 nomine,

70 2669 123 2735 sed
147 2689 166 2734 a
189 2691 223 2735 re
246 2672 315 2755 ipsa
345 2673 434 2754 quasi
464 2671 624 2756 aperilem,
656 2670 737 2754 quod
760 2673 835 2736 tune
858 2671 1030 2752 plurimum
1052 2669 1204 2754 germinis

70 2774 232 2854 aperiatur
268 2775 299 2838 in
337 2768 453 2840 florem.
505 2773 579 2838 inde
615 2774 745 2849 tertium
783 2792 921 2839 mensem
957 2772 1086 2854 maium,
1123 2775 1204 2855 quod

38 2877 200 2958 abiciam,
224 2877 358 2942 Mercuri
381 2879 525 2953 matrem,
554 2881 643 2942 deam
667 2878 783 2942 colunt.
817 2877 889 2942 iude
912 2880 1059 2959 quartum
1082 2877 1205 2941 iunium

71 2981 242 3062 alumne,
265 2982 336 3045 inde
360 2985 477 3046 ceteros
500 2999 596 3062 usque
619 2980 657 3045 ad
681 2980 876 3045 decembrem
900 3000 919 3045 a
941 2981 1078 3044 numeris
1104 2979 1204 3044 nomi-

72 3088 197 3149 narunt.
236 3083 289 3148 sed
312 3103 347 3148 ex
371 3083 415 3147 eis
434 3083 576 3165 quintilis
593 3087 686 3165 atque
701 3083 821 3148 sextilis
838 3082 1016 3149 nominibus
1031 3082 1205 3166 bominum,

72 3185 186 3269 quibus
218 3186 339 3251 diuinos
370 3188 498 3251 bonores
529 3186 741 3261 decreuerunt,
771 3185 920 3268 appellati
951 3187 1025 3251 sunt
1054 3185 1150 3251 iulius
1173 3187 1206 3248 et

71 3296 237 3373 augustus.
275 3308 346 3354 nam
375 3291 525 3371 septimus
553 3289 728 3371 september
751 3293 783 3354 et
806 3290 910 3367 ceteri,
941 3290 977 3354 ut
1007 3287 1081 3365 dixi,
1109 3305 1205 3369 usque

40 3395 110 3458 sad
134 3392 330 3457 decembrem
362 3412 563 3458 numerorum
589 3412 623 3457 ex
647 3393 753 3457 ordine
784 3391 961 3457 nominibus
990 3390 1203 3457 enuntiantur.

176 3582 193 3633 3
213 3577 251 3633 Io.
270 3580 294 3645 5,
313 3579 347 3634 46
453 3581 483 3633 ll
504 3579 579 3633 Rom.
599 3580 622 3643 1,
641 3578 676 3634 25

126 3751 141 3803 1
166 3749 266 3818 scalpit
286 3748 317 3803 D
420 3746 759 3843 circumcisionis-istam
782 3763 832 3802 om.
858 3748 885 3802 T
984 3747 1001 3801 2
1024 3748 1077 3802 ista
1100 3747 1139 3802 D¹

72 3859 90 3909 :3
114 3869 221 3926 mom
247 3854 321 3909 DPo
427 3856 444 3908 5
471 3870 532 3922 cop.
556 3852 685 3939 nxuvn
709 3854 735 3908 T
760 3853 894 3909 LXVIIII
915 3853 946 3908 D
976 3851 1049 3906 LXX
1074 3852 1130 3916 Go;
1157 3866 1207 3905 oua

74 3961 102 4014 P
203 3959 221 4013 9
245 3958 404 4031 eeptInarios
428 3958 469 4012 1)ι
574 3959 607 4014 10
628 3958 719 4028 gentis
735 3958 777 4013 D¹
881 3957 914 4012 12
932 3956 1097 4012 inmitamini
1114 3955 1142 4009 P

75 4049 107 4103 13
124 4047 180 4102 dno
193 4046 298 4101 lumina
309 4047 365 4103 Po:
391 4045 531 4100 uolumina
543 4044 607 4100 MV
631 4046 685 4102 duo
698 4043 843 4100 luminaria
853 4043 910 4098 ΒΤ
1012 4043 1045 4097 14
1062 4041 1160 4112 sidera]
1173 4041 1209 4094 ad

74 4134 161 4189 siden
178 4133 210 4188 D
314 4134 347 4188 16
364 4130 579 4188 crediderantV
679 4131 805 4186 decantes
822 4128 862 4183 D¹
890 4128 1005 4183 dicantIs
1024 4127 1061 4182 P¹
1090 4128 1208 4182 menen

76 4221 110 4275 Ρ
218 4219 248 4273 lt
267 4217 375 4288 aplilem
393 4218 422 4273 P
519 4217 594 4277 nullu
612 4222 642 4277 D
742 4216 775 4271 19
794 4228 883 4269 mense
900 4215 930 4270 D
1032 4212 1068 4267 20
1086 4213 1208 4269 morardi

75 4305 173 4361 DPTa
277 4303 486 4359 inde-Iunone
504 4317 551 4358 om.
570 4316 596 4366 υἱ
702 4304 735 4358 21
760 4301 874 4355 iunouae
893 4305 954 4366 (om.
973 4302 998 4366 a)
1020 4299 1053 4353 T¹
1083 4300 1209 4354 iunonem

74 4391 180 4447 MP¹V
273 4390 478 4444 nominanernnt
495 4388 538 4443 Po
562 4391 778 4466 „magnasunt
795 4386 825 4441 D
927 4386 962 4440 24
982 4389 1094 4455 agustus
1112 4386 1141 4439 D

73 4481 108 4533 25
125 4477 167 4547 aa]
185 4479 214 4532 et
234 4476 259 4530 T
358 4473 511 4528 sanciantur
524 4478 555 4537 1)

126 4580 222 4645 vum
1077 4575 1110 4630 ce
