2760 4814
185 308 253 389 376
673 304 840 374 Basienii

187 515 247 582 nee
268 495 376 580 robigo
398 495 567 563 metuenda
588 500 651 573 est3
674 514 745 561 num
769 495 883 578 quibus
899 496 990 562 -dines
1007 497 1117 563 enitet
1139 496 1321 580 naufragus.

190 601 235 667 sin
257 599 342 666 enim
363 600 452 665 eritis
474 600 607 683 populns
629 599 681 667 dei
700 598 786 667 inter
809 599 932 682 iniquae
949 599 1131 683 Aegyptias,
1154 599 1220 665 iliis
1242 600 1321 669 haec

190 703 224 768 in
246 704 336 769 corde
357 701 560 786 patientibus,
584 701 675 767 nobis
697 704 807 769 antem.
824 702 1034 771 incolumibus
1055 703 1089 769 in
1108 703 1187 786 ipsis
1208 703 1321 771 inteni-

189 806 293 879 esbus
322 805 502 889 hominibus
530 806 656 884 nestris,
686 806 783 872 donee
806 805 940 872 duretur
960 806 1095 889 pnpnlne
1117 807 1157 872 de
1177 807 1322 891 Aegypto

190 909 325 992 quodam
347 910 442 975 exodo
464 927 530 975 sno.
568 907 652 992 qnod
671 910 704 977 et
725 908 779 992 fit;
805 927 879 974 narn
899 909 983 977 illud
1003 910 1100 975 semel
1121 909 1240 977 samm
1263 915 1357 989 ests

189 1011 247 1079 her
268 1029 331 1079 nnn
354 1014 458 1079 nessat
477 1011 558 1077 fieri.
943 1056 947 1064 ·

192 1167 195 1171 v
233 1131 444 1200 Banetifieatin
466 1131 557 1198 nnlls
577 1130 687 1198 diuina
708 1136 740 1196 et
762 1150 837 1198 nera
859 1135 908 1199 est
928 1132 991 1198 nisi
1014 1133 1054 1199 ab
1069 1132 1186 1217 spiritu
1200 1135 1322 1200 senate.

190 1253 250 1302 non
272 1235 356 1302 enim
379 1235 495 1301 frustra
516 1235 620 1303 dietus
641 1238 692 1301 est
712 1237 836 1318 proprie
856 1237 988 1319 spiritns
1010 1239 1154 1321 sanetne3
1183 1255 1255 1303 cnm
1278 1238 1322 1302 sit

191 1342 223 1407 et
245 1345 334 1424 pater
356 1341 482 1405 mnntne
504 1342 537 1405 et
557 1339 643 1405 filins
663 1344 801 1418 mustus,
824 1356 936 1405 nemen
957 1341 1065 1405 tamen
1078 1340 1241 1424 proprium
1264 1339 1322 1406 hee

190 1444 318 1526 spiritus
340 1443 468 1525 aceepit,
492 1444 529 1509 ut
551 1442 646 1507 tertia
667 1442 702 1507 in
723 1442 868 1508 trinitate
891 1445 1022 1526 persona
1039 1447 1167 1510 sanetne
1190 1443 1358 1526 spiritnsro

190 1546 353 1611 diceretur.
389 1547 456 1628 ipse
479 1545 645 1628 requiescit
667 1563 761 1630 snper
782 1546 935 1612 humilem
949 1550 982 1611 et
996 1548 1138 1629 qnietnm
1155 1547 1322 1629 tamqnam

190 1651 224 1717 in
258 1649 387 1716 sabbate
418 1666 484 1716 sno.
520 1649 561 1714 ad
593 1648 651 1714 hee
680 1650 896 1734 septenariae·
909 1660 1059 1716 numerus
1086 1650 1185 1714 etiam
1213 1652 1323 1714 sancte

191 1752 316 1836 spiritui
357 1752 543 1837 deputatum
586 1751 647 1818 hoe
684 1752 858 1836 scripturae
895 1753 1019 1818 nestrae
1055 1751 1134 1818 antis
1170 1751 1322 1820 indieant.

189 1855 326 1922 uiderint
347 1855 477 1922 meliora
490 1854 635 1923 meliores
657 1857 689 1919 et
710 1856 831 1921 meiere
848 1856 993 1933 maiores,
1015 1859 1049 1920 et
1068 1857 1108 1921 de
1128 1855 1191 1921 isto
1212 1857 1320 1938 septe-

190 1958 279 2026 nario
308 1977 438 2025 numero
466 1958 616 2025 enbtiline
645 1959 775 2042 aliquit
788 1960 821 2024 et
842 1960 980 2026 dininins
1009 1959 1129 2041 aliquid
1158 1959 1268 2024 dicant
1290 1960 1359 2025 eta

190 2062 360 2146 explieent:
388 2081 445 2146 ego
475 2066 582 2129 tannen
611 2063 694 2146 qnod
716 2062 751 2127 in
772 2065 930 2146 praesenti
954 2067 1005 2128 sat
1026 2062 1085 2140 est,
1116 2061 1198 2127 iilud
1221 2062 1321 2140 uideo,

190 2165 270 2237 illud
284 2184 340 2233 nos
355 2166 397 2234 ad
410 2167 580 2234 nidendnm
596 2184 814 2246 commemoro,
831 2168 1042 2250 septenariam
1055 2165 1149 2232 istam
1163 2167 1320 2232 rationem

190 2270 327 2339 inueniri
355 2273 479 2354 proprie
508 2272 617 2337 saneto
646 2271 772 2354 spiritui
794 2270 989 2353 deputatam,
1018 2272 1093 2353 qnia
1113 2269 1247 2353 septimo
1270 2266 1321 2333 die

190 2377 281 2441 senat
303 2373 517 2440 sanctificatio.
551 2374 585 2438 et
606 2374 689 2439 unde
711 2373 878 2455 prebemus
900 2373 1007 2438 saneta
1028 2371 1155 2454 spiritni
1177 2369 1322 2454 deputari

190 2477 402 2560 septenariam
423 2476 546 2543 numeri
566 2477 747 2542 rationem?
769 2474 971 2542 sinisterius
988 2476 1135 2558 spiritam
1151 2475 1200 2541 dei
1215 2475 1361 2538 nenireaa

191 2597 283 2663 super
315 2578 447 2660 fidelem,
482 2596 575 2660 snper
607 2577 825 2658 christianum,
859 2597 953 2661 snper
986 2577 1103 2644 christi
1132 2578 1322 2655 membrum,

191 2681 376 2766 sapientiae,
409 2681 605 2760 intellectus,
639 2680 764 2746 aemilii
796 2684 828 2746 et
861 2681 1069 2760 fortitudinis,
1104 2680 1256 2748 scientiae
1291 2685 1323 2744 et

192 2784 331 2868 pietatis,
353 2784 502 2869 spiritum
525 2784 648 2849 timoris
671 2784 730 2850 dei.
761 2785 788 2849 si
809 2786 909 2851 sacnti
931 2785 1018 2861 estis,
1041 2785 1159 2867 septem
1180 2802 1230 2848 res
1251 2801 1323 2866 per·

194 2890 288 2983 turri,
311 2892 473 2972 tamqnam
497 2887 737 2959 desemdentem
753 2889 864 2959 adnos
886 2887 1032 2973 spiritum
1055 2887 1106 2955 dei
1126 2905 1148 2952 a
1167 2886 1324 2970 sapientia

192 3011 290 3079 usqne
311 2995 352 3084 ad
374 2994 530 3072 timorem,
554 2995 589 3058 nt
611 2995 886 3067 noesseenmmns
900 3010 921 3059 a
935 2993 1048 3060 timere
1062 2991 1103 3057 ad
1117 2989 1361 3074 sapientiamzes

192 3097 356 3165 initium
376 3095 606 3183 sapientiae
627 3095 745 3165 timer
768 3094 927 3178 domini.
962 3096 1009 3163 ita
1030 3111 1103 3177 ergo
1125 3093 1323 3175 septenariae

193 3199 322 3283 spiritns
344 3202 377 3266 et
399 3217 480 3266 unns
501 3199 640 3284 spiritns,
671 3198 848 3287 septenaria
870 3198 1047 3281 operatione
1067 3214 1164 3261 nnus.
1198 3214 1240 3262 an
1263 3195 1324 3260 ali·

194 3460 202 3494 .·
294 3421 539 3489 nonnam
631 3419 928 3488 militanda.
1024 3416 1234 3482 septenni

244 3627 258 3680 1
282 3625 379 3696 rubigo
401 3626 476 3682 M'n
578 3627 643 3697 erit]
667 3597 723 3681 eni't
745 3628 782 3693 (es
798 3639 817 3680 e
833 3641 869 3680 aa.
886 3626 918 3690 2)
941 3623 972 3678 D
1073 3623 1090 3678 3
1113 3621 1327 3679 ineoiemibnen

191 3706 397 3769 malunt-bna
420 3712 460 3781 (ni
484 3714 552 3782 ras.)
574 3712 605 3768 D
711 3709 879 3767 iedneetnr
900 3710 972 3766 Μ’
1075 3709 1192 3779 spata
1215 3712 1326 3765 unsina

190 3802 303 3891 parer
328 3800 419 3887 pris
441 3815 468 3870 ν
567 3800 879 3884 arremarensis
900 3812 928 3867 ν
1027 3812 1063 3868 10
1083 3811 1327 3884 epiritmunrtm

192 3903 249 3958 PT
348 3903 382 3959 13
400 3902 498 3972 spiritu
518 3902 553 3956 Τ·
656 3902 690 3957 14
707 3900 853 3972 septimio
872 3899 908 3954 1ἰ
1010 3899 1045 3955 16
1061 3898 1114 3969 eat]
1131 3897 1181 3953 sed
1198 3898 1259 3954 D¹e

192 3989 225 4045 11
243 3988 417 4060 septinarinm
435 3988 470 4044 1⁸
561 3988 594 4044 18
610 3987 766 4043 inueniret
851 3985 1016 4057 preprieeD
1102 3983 1215 4055 apiritni
1231 3987 1328 4040 nnete

191 4091 209 4135 a
292 4074 328 4132 w
344 4076 519 4146 septinariam
539 4074 574 4130 Τ·
659 4075 693 4129 21
711 4072 865 4128 membran
948 4072 984 4128 22
1001 4070 1160 4142 sapientise}
1176 4070 1328 4141 sapientiae

191 4165 220 4219 et
238 4162 306 4218 Μ’
389 4161 570 4234 itepiritnrn]
583 4161 779 4230 etepiritnne
864 4159 1017 4231 petenenrri
1027 4158 1089 4215 D¹e
1171 4155 1208 4212 24
1222 4157 1330 4214 dienen·

191 4250 298 4306 dentem
315 4249 346 4305 D
432 4249 458 4320 a]
477 4264 562 4306 nean
650 4247 685 4302 25
701 4247 746 4318 nt]
762 4249 792 4303 et
808 4245 866 4304 D¹e
959 4246 995 4303 at
1011 4244 1123 4314 domini]
1141 4243 1186 4299 dei
1202 4243 1262 4301 Μ’
