2760 4814
133 598 195 663 902
615 597 781 667 Eugippii

134 788 206 869 quid
230 786 290 852 tibi
305 786 424 852 iussum
442 788 509 852 est?
532 788 656 853 nolite
679 807 762 852 csse
785 788 889 853 siout
912 806 1032 870 equus
1055 794 1093 853 et
1116 790 1257 868 mulus,

134 909 207 954 non
240 891 430 956 habentes
463 891 730 956 intellectum.
769 891 841 973 quia
870 892 989 956 iussum
1015 896 1072 974 est,
1104 893 1256 977 agnouisti

134 992 343 1056 uoluntatem.
364 992 448 1067 audi,
472 994 544 1075 quia
559 994 674 1069 oratur,
699 996 734 1056 ut
752 1010 899 1075 agnoscas
922 994 1071 1076 gratiam:
1095 998 1144 1060 da
1166 995 1254 1060 milri

133 1096 405 1173 intellectum,
437 1100 477 1159 ut
500 1097 646 1161 discam
671 1098 853 1162 mandata
880 1102 958 1161 tua.
997 1098 1121 1162 iussum
1144 1102 1201 1173 est,
1224 1098 1254 1162 ut

133 1197 303 1263 habeamus
315 1200 514 1280 sapientiam:
531 1200 604 1281 quia
615 1199 735 1264 iussum
748 1202 804 1280 est,
818 1200 896 1283 lego.
922 1200 993 1283 „ubi
1006 1199 1131 1282 legis?“
1150 1201 1252 1284 inquit.
1269 1218 1278 1258 ι

133 1301 252 1367 audite:
287 1304 356 1384 qui
390 1303 630 1383 insipientes
665 1303 765 1367 estis
798 1303 838 1366 in
868 1303 1033 1384 populo,
1065 1304 1104 1367 et
1140 1302 1251 1369 stulti

133 1406 344 1486 aliquando
367 1408 506 1488 sapite.
539 1406 602 1470 iam
625 1406 679 1470 illo
701 1405 775 1488 quid
797 1403 896 1471 dicit?
919 1405 1016 1485 uides,
1033 1407 1188 1489 quomodo
1204 1424 1252 1470 no·

134 1510 180 1573 lois
208 1507 357 1591 praecipit
385 1510 468 1586 deuo,
491 1512 526 1573 ιιι
555 1509 720 1590 sapiamus.
757 1526 828 1591 crgo
851 1508 1002 1589 sapientia
1024 1509 1058 1573 in
1081 1515 1190 1575 nostra
1210 1508 1252 1573 est

133 1610 310 1692 potestate?
338 1610 401 1673 iam
425 1610 497 1686 diri,
528 1615 724 1692 praeceptum
747 1610 864 1693 audiui,
896 1612 1093 1677 uoluntatem
1118 1612 1250 1697 cogncui

132 1713 205 1778 audi
227 1714 407 1789 orationem,
431 1715 467 1777 ut
489 1714 623 1794 gratiam
645 1716 680 1778 tu
703 1716 803 1795 possis
825 1732 999 1797 agnoscere.
1044 1718 1083 1781 de
1105 1715 1275 1799 sapientiae

133 1817 246 1899 agitur,
277 1834 354 1897 quae
376 1816 459 1879 iussa
482 1820 530 1881 est
553 1816 650 1881 nobis.
689 1817 860 1893 audiamus,
889 1818 962 1899 quid
992 1818 1077 1883 dicat
1100 1820 1250 1901 apostolus

133 1920 279 1984 lacobus:
314 1920 346 1983 si
381 1918 467 1999 quis
492 1920 620 1984 autem
644 1924 820 1985 uestrum
851 1921 1009 2003 indiget
1042 1923 1250 2006 sapientia,

132 2022 310 2104 postulet
333 2039 351 2084 a
374 2021 459 2103 dec,
483 2022 547 2103 qui
571 2022 640 2086 dat
663 2022 845 2086 omnibus
868 2022 1100 2087 affluenter.
1133 2023 1249 2089 iubetur

133 2125 220 2191 uobis
243 2124 444 2189 coutinentia.
470 2124 521 2189 ubi
537 2124 683 2190 iubetur?
706 2125 863 2207 apostolus
878 2126 916 2189 ad
933 2125 1152 2191 Timotheum:
1176 2146 1249 2192 con·

132 2229 216 2293 tine
245 2232 281 2291 tc
309 2228 444 2309 ipsum.
481 2226 574 2291 iussio
603 2232 661 2305 est,
691 2229 865 2309 praeceptio
894 2232 957 2302 est;
988 2230 1178 2295 audiendum
1199 2234 1274 2305 estu

132 2332 307 2396 laciendum
330 2332 386 2394 est.
422 2334 475 2395 sed
504 2332 566 2396 nisi
596 2331 670 2396 deus
699 2331 834 2409 adiuuet,
865 2350 1069 2395 remanemus.
1110 2350 1249 2399 conamur

132 2435 255 2517 quidem
279 2434 379 2500 lacere
404 2436 565 2500 uoluntate
583 2441 613 2500 et
628 2436 742 2500 nititur
764 2435 882 2516 aliquid
905 2434 1066 2517 uoluntas;
1089 2455 1152 2501 uon
1168 2455 1248 2521 prac-

131 2543 235 2604 sumat
258 2543 404 2619 potestas,
427 2540 488 2604 nisi
511 2540 679 2606 adiuuetur
702 2539 876 2604 infirmitas.
922 2541 1006 2603 certe
1028 2541 1113 2604 enim
1136 2541 1246 2605 iussum

131 2645 195 2705 est:
224 2643 381 2708 contine
409 2645 447 2707 tc
475 2644 618 2726 ipsum.
663 2644 735 2708 audi
759 2643 856 2709 alium
879 2644 980 2708 locum
1004 2645 1194 2727 scripturae:
1216 2646 1248 2708 et

131 2763 214 2809 cum
238 2746 395 2827 scirem,
415 2748 526 2828 inquit,
542 2747 635 2829 quia
650 2765 758 2811 nemo
779 2747 911 2830 potest
930 2765 1016 2812 esse
1035 2750 1273 2822 contineres

130 2846 209 2911 nisi
239 2847 332 2911 deus
361 2848 439 2925 det,
472 2849 511 2910 et
538 2847 609 2911 hcc
632 2848 757 2930 ipsum
779 2852 865 2911 erat
888 2848 1131 2929 sapientiae,
1154 2847 1247 2914 scire

131 2950 246 3015 cuius
277 2951 382 3014 esset
416 2950 486 3014 hoc
518 2950 667 3013 donum.
714 2953 745 3014 ct
778 2950 862 3031 quid,
900 2950 1014 3034 inquit,
1054 2950 1137 3016 feci?
1170 2949 1248 3016 adii

130 3054 327 3119 dominum
364 3057 401 3116 et
438 3055 677 3136 deprecatus
711 3072 803 3117 sum.
847 3053 921 3134 quid
959 3071 1034 3136 opus
1073 3057 1122 3119 est
1156 3056 1248 3119 multa

130 3175 315 3241 percurrere,
334 3157 445 3220 fratres
459 3156 544 3221 mei?
560 3156 708 3239 quidquid
724 3155 812 3220 nobis
827 3157 962 3235 iubetur,
978 3156 1130 3222 orandum
1146 3163 1201 3242 est,
1216 3161 1247 3221 ιι

130 3260 314 3342 impleatur:
344 3259 397 3324 sed
420 3278 481 3323 non
503 3260 556 3335 sic,
580 3263 614 3324 ut
644 3259 838 3323 dimittamus
861 3277 916 3323 nos
939 3261 970 3324 et
992 3262 1146 3340 quomodo
1169 3260 1273 3343 aegris

129 3364 283 3428 iaceamus
312 3361 417 3444 supini
446 3366 478 3426 et
510 3362 665 3428 dicamus:
699 3364 789 3443 pluat
818 3362 892 3427 deus
924 3380 1007 3427 esces
1037 3381 1131 3444 super
1160 3364 1248 3429 facies

129 3471 261 3544 nostras,
294 3470 329 3530 ut
356 3483 482 3549 prorsus
513 3484 568 3531 uos
596 3466 675 3530 nihil
709 3484 797 3549 agere
831 3465 965 3529 uelimus
1001 3467 1042 3543 ot,
1072 3484 1145 3531 oum
1184 3482 1248 3531 esca

129 3570 284 3651 compluta
299 3569 395 3635 fuerit
410 3588 502 3651 super
517 3586 550 3633 os
566 3570 716 3647 nostrum,
740 3570 894 3634 dicamus:
918 3570 1013 3633 etiarn
1029 3570 1106 3633 deus
1123 3570 1248 3652 gluttiat

129 3674 166 3737 de
198 3674 296 3737 nobis.
340 3672 457 3757 aliquid
487 3675 519 3736 et
542 3691 596 3739 nos
628 3691 719 3755 agere
748 3671 902 3737 debemus.
941 3674 1064 3736 studere
1094 3674 1248 3757 debemus,

232 3891 307 3943 lPs.
325 3891 397 3955 31‚9
476 3892 676 3956 3Ps.118,73
759 3892 925 3957 ol‘s.93,8
1007 3893 1187 3961 121ae.1‚5

130 3976 162 4028 14
180 3978 218 4041 (et
237 3976 312 4040 19)1
330 3978 397 4031 Tim.
416 3979 441 4043 5,
459 3979 493 4031 22
596 3979 628 4032 19
647 3978 706 4048 Sap.
724 3980 749 4046 8,
769 3980 800 4033 21

177 4180 194 4233 2
211 4180 349 4249 agnouisti
364 4184 400 4236 V:
430 4185 591 4253 agnouimus
610 4185 638 4238 P
750 4186 847 4239 (iestis
867 4185 899 4239 V:
929 4188 995 4239 estis
1013 4189 1040 4239 et
1058 4188 1141 4242 stulti
1161 4190 1189 4244 P

127 4266 291 4333 Spruecipit
313 4267 349 4321 V:
378 4271 512 4338 praecepit
532 4271 586 4325 GP
686 4271 718 4324 12
736 4271 866 4341 sapientia
883 4271 923 4325 P:
954 4273 1114 4339 sapientiam
1137 4276 1195 4330 GV
1211 4276 1256 4344 (cf.

127 4368 153 4419 p.
168 4356 230 4415 906,
243 4356 286 4417 11)
372 4354 406 4407 13
417 4354 546 4409 afluenter
562 4356 588 4412 V
666 4357 698 4411 17
710 4358 854 4411 uoluntate
867 4357 944 4411 P²V2
963 4358 1135 4415 uoluntatem
1150 4362 1189 4416 Ρι

127 4438 161 4489 ¹30
178 4452 235 4491 osse
245 4440 334 4506 potest
354 4439 409 4493 GP
500 4442 748 4511 21sepienoieeV:
775 4444 907 4513 sapientia
920 4444 973 4499 GP
1070 4446 1105 4499 24
1124 4448 1256 4519 quidquid

133 4522 167 4575 V:
191 4525 218 4577 in
232 4540 261 4577 eo
273 4523 343 4592 quod
356 4540 408 4578 uon
422 4528 586 4595 potuerimus
599 4529 725 4598 quicquid
737 4529 766 4584 P
848 4530 881 4583 Vl
900 4544 978 4599 agore
1003 4530 1071 4585 GP:
1094 4550 1149 4603 age
1166 4536 1193 4592 V
