2760 4814
202 554 287 621 1000
687 550 850 622 Eugippii

201 741 369 810 manifesta
400 759 438 807 eu
467 740 554 821 dicit,
587 743 626 807 de
655 742 767 823 quihus
797 742 917 807 clarum
949 746 998 807 est
1028 759 1090 824 qno
1122 745 1236 811 auimo
1256 745 1336 810 0000

200 847 276 912 haec
305 846 497 928 praecedunt
526 847 566 910 00
591 843 752 923 iudicium,
776 845 808 909 id
831 847 880 910 est
902 843 983 927 quia,
1007 846 1034 911 si
1058 845 1160 911 fuerit
1182 847 1250 913 ista
1271 846 1336 913 000

201 950 345 1015 0000000
375 947 537 1025 iudicium,
569 966 631 1013 nou
660 951 708 1012 000
737 947 949 1013 temerarium.
988 947 1209 1015 subseouutur
1239 952 1336 1015 autam

201 1053 258 1117 0110
267 1051 507 1137 ζο00οζ0000100
537 1055 621 1128 0000,
652 1051 725 1133 quia
754 1069 811 1116 uec
840 1051 909 1135 ipsa
938 1051 1082 1117 latebunt
1110 1056 1259 1136 ternpore
1278 1069 1335 1117 suo.

201 1157 246 1222 sic
269 1157 362 1235 00000
385 1154 475 1220 honis
499 1153 592 1219 factis
616 1153 864 1235 intellegendum
887 1154 944 1219 est
989 1173 1062 1219 uam
1085 1155 1136 1221 ita
1158 1156 1359 1240 subiungitzs

201 1259 401 1325 similiter
431 1261 468 1324 00
502 1257 609 1322 facta
640 1258 738 1323 houa
766 1257 983 1324 manifesta
1009 1261 1121 1334 suut,
1157 1263 1199 1324 et
1230 1278 1336 1343 quae

202 1380 366 1444 eumque
388 1381 429 1428 se
460 1362 586 1428 aliter
620 1361 783 1446 habent,
816 1361 944 1427 latere
975 1381 1049 1428 non
1082 1368 1268 1444 possunt.
1302 1361 1335 1426 00

201 1466 379 1533 manifestis
402 1483 474 1551 ergo
497 1465 682 1543 indicemus,
706 1467 743 1531 de
760 1465 889 1531 occultis
904 1482 978 1529 uero
994 1466 1051 1530 deo
1066 1464 1228 1532 iudicium
1243 1465 1333 1531 reliu-

201 1588 342 1652 quamus,
375 1568 448 1652 quia
480 1572 510 1633 et
538 1569 605 1651 ipsa
635 1567 784 1633 abscondi
811 1586 872 1633 000
900 1570 1032 1649 possunt
1060 1570 1129 1634 siue
1160 1570 1334 1635 00100000

201 1672 293 1750 0000,
316 1692 387 1736 000
410 1676 533 1753 tempus
556 1671 729 1749 educauit,
753 1689 813 1754 quo
836 1671 1081 1737 manifestentur.
1340 1698 1361 1738 u

244 1794 314 1858 Duo
349 1795 421 1858 suut
453 1797 570 1872 autem,
605 1795 637 1859 iu
671 1793 783 1875 quihus
816 1793 1017 1859 temerarium
1039 1793 1198 1859 iudicium
1231 1812 1333 1858 cauere

199 1896 368 1964 dehemus:
400 1913 472 1960 curn
502 1895 659 1962 incertum
683 1898 738 1975 est,
762 1914 822 1979 quo
849 1899 952 1961 animo
976 1896 1111 1979 quidque
1142 1896 1265 1962 sactum
1286 1896 1333 1961 sit

203 1998 254 2065 001
280 2018 352 2065 000
375 2000 530 2064 incertum
553 2001 611 2076 est,
635 2000 736 2082 qualis
760 2000 886 2065 futurus
909 2001 952 2065 sit
975 2000 1028 2083 qui
1053 2019 1136 2065 nunc
1159 2002 1213 2066 001
1237 2001 1332 2066 mulus

199 2104 253 2169 uel
283 2103 381 2169 bouus
411 2108 548 2185 apparet.
586 2106 612 2169 si
636 2122 710 2188 ergo
733 2104 889 2188 quispiam
911 2104 999 2169 uerbi
1021 2103 1125 2186 gratia
1147 2108 1331 2186 conquestus

201 2211 238 2274 de
267 2205 427 2271 stomacho
457 2206 597 2272 ieiunare
626 2207 727 2273 noluit
756 2211 787 2271 et
818 2208 854 2272 tu
885 2207 916 2271 id
945 2225 1007 2271 uon
1037 2206 1138 2271 credis
1169 2207 1359 2273 edacitatisa

199 2310 235 2374 id
258 2309 338 2375 uitio
360 2310 515 2393 tribuens,
538 2310 655 2376 temere
679 2310 844 2375 iudicabis.
881 2313 958 2375 item
980 2312 1007 2374 si
1029 2308 1240 2374 manifestum
1262 2310 1330 2374 eda·

200 2412 329 2479 citatem
354 2413 630 2495 ebriositatemque
653 2414 834 2497 cognoueris
857 2417 889 2478 et
911 2413 957 2478 ita
979 2413 1230 2494 reprehenderis,
1250 2412 1330 2496 quari

200 2535 371 2600 numquam
393 2516 447 2580 ille
470 2515 569 2597 possit
591 2516 704 2597 corrigi
727 2519 821 2598 etque
837 2517 963 2591 mutari,
980 2515 1079 2580 nihilo
1093 2515 1204 2581 minus
1220 2520 1330 2583 temere

199 2619 365 2686 iudicabis.
403 2638 465 2684 nou
500 2638 573 2703 ergo
609 2619 872 2703 reprehendamus
906 2638 942 2684 ea
975 2636 1055 2700 quae
1084 2620 1249 2684 nescimus
1276 2635 1330 2701 quo

198 2723 301 2788 auimo
324 2721 412 2801 fiant,
437 2741 538 2804 neque
560 2721 606 2786 000
627 2722 890 2805 reprehendamus
906 2739 984 2804 quae
1005 2720 1176 2786 manifeste
1191 2726 1277 2800 0000,
1298 2724 1358 2788 000

199 2825 397 2906 desperemus
429 2826 606 2904 sanitatem,
638 2830 670 2890 et
699 2825 871 2893 uitabimus
899 2824 1062 2903 iudicium,
1094 2825 1133 2888 de
1162 2844 1226 2908 quo
1255 2844 1331 2891 nnuc

198 2929 328 2994 dicitnr:
351 2928 478 2993 nolite
500 2927 698 3007 iudicare,
721 2948 765 2994 ue
788 2928 992 2996 indicetur
1015 2927 1210 2994 0000000.

241 3049 350 3114 Potest
383 3052 489 3115 autem
519 3068 643 3115 mouere
679 3052 762 3133 quod
796 3053 857 3119 ait:
885 3052 922 3116 in
946 3068 1017 3132 quo
1046 3049 1152 3114 enim
1181 3048 1331 3115 iudicio

198 3152 497 3231 iudicaueritis‚
521 3153 769 3219 iudicabitur
791 3156 835 3220 de
858 3153 989 3231 00000,
1012 3157 1050 3216 00
1072 3153 1112 3217 00
1134 3172 1212 3236 qua
1233 3171 1330 3218 meu·

198 3275 288 3322 sura
310 3257 432 3322 mensi
454 3255 637 3336 fueritis,
661 3259 898 3323 remetietur
919 3258 1040 3322 uobis.
1065 3255 1223 3339 numquid
1239 3256 1359 3329 enimus

197 3362 224 3425 00
253 3379 309 3425 000
337 3360 371 3424 in
401 3358 515 3423 iudicio
547 3361 713 3425 temerario
742 3360 994 3441 iudicauerimus‚
1027 3361 1145 3425 temere
1174 3360 1274 3424 etiam
1295 3358 1330 3421 00

198 3462 287 3527 00000
309 3465 385 3528 0000
407 3462 585 3529 indicabit?
607 3468 662 3529 aut
677 3465 837 3546 numquid,
857 3462 932 3529 siin
948 3480 1096 3527 mensura
1110 3461 1222 3544 iniqua
1237 3461 1329 3526 fueri·

197 3584 267 3630 mus
296 3566 408 3645 mensi,
439 3570 470 3630 00
504 3569 579 3648 aput
609 3569 701 3631 deum
732 3567 837 3649 iniqua
868 3585 1013 3631 mensura
1043 3570 1099 3647 est,
1132 3563 1215 3630 unde
1244 3563 1331 3629 00000

299 3737 333 3789 22
351 3736 453 3790 010000.
473 3737 497 3801 7,
518 3738 530 3790 1
545 3752 584 3805 sq.

247 3890 265 3944 3
292 3891 469 3945 subsecuntur
500 3891 548 3947 V¹:
584 3891 783 3959 subsequuntur
811 3889 905 3945 GPV'
1043 3889 1092 3943 0110
1118 3891 1210 3943 auteur
1240 3888 1268 3942 P

195 3976 279 4030 8000
299 3977 406 4032 GP¹Vr
434 3977 477 4031 dei
495 3978 532 4031 P’
636 3977 733 4031 iudicio
750 3976 779 4030 P
880 3975 913 4028 12
931 3990 983 4043 quo
1002 3975 1275 4028 auimo-incertum
1292 3978 1333 4026 est

200 4060 238 4114 V:
268 4076 318 4116 om.
337 4061 366 4114 P
458 4064 491 4116 14
508 4066 684 4132 conquaestus
703 4063 730 4131 (a
747 4062 798 4116 cer.
812 4078 844 4114 m.
859 4066 886 4123 1)
909 4060 934 4113 V
1026 4061 1058 4113 15
1077 4059 1218 4113 00000000
1242 4060 1267 4113 V

194 4145 281 4201 eredis
302 4144 373 4200 PV:
404 4147 492 4201 credes
518 4148 556 4202 G·
586 4148 695 4201 credens
715 4148 751 4200 θ’
857 4147 888 4201 16
915 4145 943 4199 00
969 4144 1040 4199 PV:
1070 4145 1120 4199 hoc
1150 4146 1176 4201 G
1283 4145 1335 4199 tri·

195 4232 279 4288 bueus
302 4230 381 4286 P²V=
412 4233 539 4287 tribueris
564 4233 629 4289 GP*
741 4234 772 4288 17
796 4236 823 4287 et
848 4232 885 4286 V:
915 4231 962 4285 000
987 4232 1014 4285 Ρ
1115 4230 1152 4285 25
1175 4232 1336 4287 remetietur

198 4318 235 4374 V:
263 4318 291 4372 iu
310 4333 342 4372 ea
358 4320 514 4373 remetietur
533 4320 589 4375 GP
677 4321 712 4374 27
731 4320 826 4388 iniqua
844 4319 879 4373 V:
907 4321 935 4371 iu
954 4333 1008 4386 qua
1025 4318 1054 4372 P
1144 4319 1232 4372 mensi
1251 4320 1335 4374 fueri-

194 4421 254 4459 mus
270 4402 324 4459 GP
406 4404 441 4459 28
458 4410 524 4473 aput
541 4406 590 4460 V¹:
617 4405 690 4475 apud
704 4405 799 4462 GPV‘
890 4405 982 4472 iniqua
1000 4402 1079 4458 P¹Vr
1106 4403 1136 4457 iu
1154 4419 1208 4473 qua
1226 4404 1267 4459 Ρι

194 4490 271 4545 uobis
292 4489 329 4544 V:
360 4490 437 4544 uobis
455 4491 483 4544 P
