2760 4814
206 538 289 606 1052
575 634 578 639 Ι
687 536 851 606 Eusisrir

204 726 384 793 citationem
399 725 580 808 patientiae.
616 727 722 809 itaque
738 726 845 791 anima
868 725 1039 791 christiana
1055 742 1185 809 semper
1199 724 1331 808 innigbet

205 832 237 895 in
267 829 523 894 tribulationibus
546 829 611 895 suis
635 829 724 911 sequi
747 829 944 895 uoluntatem
968 830 1087 894 domini
1112 831 1176 905 sui,
1199 848 1240 895 nc
1261 826 1332 895 ordi·

205 931 324 997 nationi
354 931 402 997 dei
432 932 603 996 resistendo
634 932 778 1014 adquirat
807 932 867 997 sibi
896 935 1024 1016 grauius
1056 933 1226 998 iudicium.
1263 929 1332 1014 qnod

204 1037 288 1100 enim
321 1034 388 1117 ipsc
423 1033 566 1100 dominus
599 1052 696 1118 agens
725 1034 884 1098 bominem
912 1035 1023 1099 Pontio
1052 1035 1163 1100 Pilato
1193 1034 1282 1107 dixit,
1307 1038 1332 1098 ct

205 1137 328 1204 diabolo
351 1138 408 1202 boc
430 1136 486 1201 Iob
508 1140 613 1219 posset
635 1137 753 1202 dicere:
786 1156 860 1202 non
890 1137 1059 1203 haberes
1088 1137 1129 1201 in
1159 1155 1217 1202 me
1239 1138 1352 1219 poto-s

203 1242 365 1316 statam,
400 1240 480 1304 nisi
508 1240 601 1305 data
630 1241 705 1307 tibi
736 1245 845 1305 esset
872 1241 1052 1323 desuper.
1090 1258 1156 1305 non
1181 1258 1257 1324 ergo
1277 1240 1333 1305 cius

205 1345 350 1408 uoluntas
380 1343 488 1428 <cuius
511 1344 652 1408 malitiae
684 1347 823 1427 potestas
857 1343 888 1407 in
917 1343 1013 1408 bonos
1049 1343 1158 1425 datur,
1194 1344 1251 1408 sed
1278 1344 1333 1407 eius
1368 1370 1370 1427 p

204 1445 372 1531 uoluntas>
389 1464 408 1509 a
423 1463 483 1527 quc
506 1447 582 1511 haec
597 1448 734 1528 potestas
750 1449 853 1526 datur,
871 1445 963 1510 debet
978 1445 1067 1510 nobis
1082 1464 1155 1511 esse
1167 1446 1331 1521 carissima,
1368 1446 1370 1451 '

203 1550 388 1633 quoniam
411 1549 630 1616 tribulatio
649 1551 892 1633 patientiam
910 1551 1113 1631 operatur,
1135 1549 1332 1631 patientia

204 1671 299 1717 uero
327 1652 615 1734 probationem,
647 1653 826 1735 probatio
855 1671 947 1718 uero
977 1670 1097 1735 spem3
1130 1671 1224 1735 spes
1252 1668 1354 1717 ueros

194 1772 274 1820 -non
304 1755 535 1831 confundit,
565 1757 749 1837 quoniam
780 1757 929 1821 caritas
958 1755 1020 1821 dei
1043 1755 1201 1821 diffusa
1224 1754 1331 1820 estin

204 1856 392 1921 cordibus
421 1861 573 1923 nostris
603 1880 670 1942 per
698 1859 885 1942 spiritum
908 1861 1104 1936 sanctum,
1129 1859 1200 1942 qui
1224 1859 1331 1924 datus

203 1963 262 2025 est
283 1959 409 2026 nobis,

660 2198 869 2283 cccxxxi

270 2389 445 2436 ADVERSVS
471 2388 749 2438 MATHEMATICOS.
786 2392 832 2436 Ex
855 2388 957 2437 LIBRO
980 2389 1089 2436 svs‘Rn
1113 2388 1268 2437 scssu’so.
1334 2386 1352 2429 ¹⁵

129 2537 193 2603 365
247 2526 318 2592 Non
344 2546 396 2592 eos
417 2526 614 2610 appellarunt
637 2524 876 2591 mathematicos
898 2526 1018 2591 ueteres
1041 2525 1095 2608 qui
1119 2544 1204 2592 nunc
1228 2524 1326 2611 appel·

202 2631 319 2709 lentur,
343 2629 395 2695 sed
418 2629 490 2694 illos
513 2631 566 2711 qui
588 2634 765 2710 temporum
780 2648 926 2695 numeros
940 2629 1030 2695 motu
1044 2628 1126 2694 caeli
1144 2647 1181 2695 ac
1195 2629 1326 2695 siderum

202 2733 471 2817 peruastigarunt:
495 2733 532 2797 de
555 2732 669 2816 quibus
692 2732 866 2797 rectissime
882 2731 998 2797 dicitur
1013 2732 1046 2798 in
1062 2733 1229 2815 scripturis
1246 2749 1326 2797 sanc·

202 2839 261 2900 tis:
292 2838 434 2900 iterum
463 2852 532 2900 nec
559 2833 620 2898 his
649 2833 766 2899 debet
791 2834 957 2916 ignosci.
995 2836 1028 2899 si
1050 2834 1157 2898 enirn
1179 2835 1328 2899 tantum

203 2941 413 3021 potuerunt
447 2938 565 3015 scire,
600 2937 643 3000 ut
681 2937 840 3019 possint
870 2938 1081 3001 aestimare
1113 2936 1354 3009 saeculum·

203 3042 393 3124 quomodo
416 3041 533 3107 buius
556 3026 757 3104 dominum
780 3059 853 3105 non
876 3039 1041 3105 facilius
1064 3036 1327 3106 inuenerunt?

203 3164 291 3210 mens
318 3145 399 3209 enim
429 3144 565 3209 humana
597 3146 634 3210 de
663 3143 843 3209 nisibilibus
867 3142 1006 3208 iudicans
1034 3141 1141 3224 potest
1168 3160 1329 3227 agnoscere

202 3246 347 3312 omnibus
370 3246 548 3313 nisibilibus
571 3249 727 3328 seipsam
751 3265 818 3311 csse
836 3246 1008 3312 meliorem.
1032 3263 1112 3328 quae
1133 3246 1242 3311 tamen
1265 3264 1330 3311 cum

203 3350 300 3415 etiam
328 3369 361 3415 se
390 3355 516 3434 propter
544 3350 700 3415 delectum
723 3349 960 3431 profectumque
983 3349 1015 3413 in
1038 3348 1195 3431 sapientia
1215 3348 1330 3413 fatetur

202 3472 269 3518 esse
292 3453 487 3531 mutabilem,
509 3454 632 3518 inuenit
654 3471 748 3535 supra
764 3471 830 3518 esse
852 3449 1141 3517 incommutabilem
1169 3452 1356 3519 uerit-atoma

201 3557 295 3638 atque
319 3555 365 3620 ita
385 3555 555 3622 adhaerens
577 3558 647 3637 post
671 3555 771 3637 ipsam
798 3592 835 3604 -
859 3555 942 3620 sicut
963 3555 1084 3619 dictum
1106 3560 1172 3618 est:
1196 3554 1331 3619 adhae-

202 3660 259 3724 sit
296 3659 422 3725 anima
455 3678 536 3724 mea
573 3660 661 3741 post
693 3660 731 3724 te
765 3694 807 3706 -
839 3658 931 3722 beata
964 3656 1113 3735 efficitur,
1148 3656 1331 3722 intrinsecus

202 3763 361 3829 inueniens
383 3762 479 3828 etiam
502 3764 644 3827 omnium
665 3760 841 3827 uisibilium
866 3764 1036 3826 creatorem
1051 3764 1146 3842 atque
1163 3760 1329 3834 dominum,

304 3949 448 4013 51n19,
474 3951 505 4002 11
569 3947 730 4004 ‘9Rom.
754 3949 778 4011 5,
802 3947 886 4016 3sqq.
989 3946 1023 4000 19
1046 3944 1107 4016 Sap.
1134 3947 1177 4013 13,
1200 3946 1267 4015 aeq.

200 4035 235 4088 26
252 4034 296 4089 Ps.
315 4035 392 4099 629

253 4200 363 4255 ‘deuius
381 4202 674 4258 malitiae-uoluntas
691 4220 722 4257 a:
752 4219 802 4257 om.
822 4203 888 4257 MV
989 4202 1020 4256 14
1043 4218 1103 4272 cap.
1121 4202 1282 4260 CCCXXXI
1299 4203 1333 4258 M

205 4287 242 4341 V:
277 4301 328 4340 orn.
357 4287 412 4342 GP
518 4290 551 4344 15
577 4288 801 4343 mathemathicos
829 4288 895 4342 MV
996 4287 1028 4343 16
1054 4289 1282 4345 mathematichos
1312 4288 1337 4343 V

201 4371 425 4428 mathemathicus
448 4375 484 4427 M
585 4374 619 4429 23
642 4377 772 4444 seipsam
791 4390 824 4427 a:
855 4375 900 4429 sad
918 4375 1004 4445 ipsam
1028 4375 1093 4430 MV
1195 4376 1229 4431 25
1255 4390 1333 4445 supra

201 4459 276 4515 MV:
305 4474 385 4526 supra
403 4475 430 4514 se
448 4476 466 4513 a
