2760 4814
199 306 263 372 562
454 356 458 363 .
680 297 844 367 uugrppu

200 514 250 560 eos
281 494 359 558 baec
386 491 539 575 possidere
562 509 599 555 ac
622 490 701 555 ferre
725 488 870 565 noluerit,
901 507 961 553 non
983 505 1043 569 quo
1066 483 1241 550 necessaria
1262 502 1324 549 non

200 599 266 662 sint
287 595 510 661 sustentationi
541 593 632 659 buius
661 593 758 673 uitae,
789 593 844 658 sed
867 592 940 675 qnia
962 590 1007 656 sio
1028 608 1079 655 eos
1101 588 1258 671 mittebat,
1290 590 1329 651 nt

200 700 244 766 eis
267 699 342 765 haec
364 698 467 763 deberi
490 697 717 762 demonstraret
739 696 778 761 ab
800 695 867 760 illis
889 696 962 777 ipsis
986 694 1098 777 quibus
1128 691 1326 776 euangelium

199 803 398 870 credentibus
436 799 676 875 annuntiarent,
713 805 874 881 tamquam
911 797 1066 881 stipendia
1102 796 1325 874 militantibus,

198 913 360 990 tamquam
390 906 526 971 fructum
556 905 664 968 uineae
694 903 932 985 plantatoribus,
963 906 1121 984 tamquam
1146 901 1196 967 lac
1218 902 1325 986 gregis
1358 923 1374 967 s

198 1010 382 1095 pastoribus.
422 1012 502 1074 unde
525 1008 644 1072 Paulus
668 1007 758 1072 dicit:
791 1010 873 1089 quis
896 1004 1052 1070 militat
1075 1006 1154 1069 suis
1176 1007 1327 1088 stipen-

198 1114 278 1180 diis
308 1115 515 1195 umquam?
544 1110 634 1193 quis
665 1111 832 1194 plantat
860 1110 1014 1175 niueam
1045 1112 1081 1173 et
1112 1111 1155 1173 de
1190 1108 1326 1175 fructu

198 1219 282 1283 eius
305 1234 379 1281 non
402 1217 513 1280 edet?
535 1214 619 1296 quis
641 1213 770 1295 pascit
791 1231 946 1296 gregem
974 1213 1013 1278 et
1041 1212 1084 1276 de
1113 1212 1220 1278 lacte
1241 1233 1326 1298 gre-

198 1326 261 1407 gis
284 1339 357 1386 non
383 1319 584 1402 percipit?
617 1318 690 1384 hinc
716 1318 801 1382 enim
824 1318 1010 1399 loquebatur
1031 1316 1070 1381 de
1094 1315 1245 1398 hisquae
1270 1337 1325 1384 ne·

197 1425 329 1493 cessaris
352 1423 424 1487 sunt
446 1422 710 1503 praedicatoribus
726 1421 891 1504 euangelii.
922 1421 1004 1485 unde
1026 1420 1118 1504 paulo
1140 1422 1213 1502 post
1227 1421 1353 1491 dioitzn

197 1530 228 1593 si
259 1545 325 1593 nos
348 1525 468 1591 uobis
491 1524 705 1607 spiritalia
726 1525 1029 1602 seminabimus,
1061 1541 1260 1606 maguum,
1290 1527 1323 1589 si

197 1635 332 1696 uestra
349 1629 528 1694 carnalia
545 1631 758 1695 metamus?
779 1629 813 1693 si
834 1628 908 1694 alii
926 1628 1143 1711 potestatis
1161 1634 1324 1694 uestrae

196 1733 458 1819 participant,
482 1751 555 1797 non
576 1732 700 1816 magis
723 1735 812 1798 uos?
835 1735 898 1798 ssd
921 1749 995 1796 non
1014 1749 1145 1797 snmus
1167 1731 1230 1797 usi
1253 1733 1324 1798 hac

196 1838 410 1920 potestate.
445 1837 526 1901 unde
549 1840 677 1918 apparet
698 1854 760 1900 non
783 1835 859 1900 haec
881 1835 927 1900 ita
941 1835 1135 1918 praecepisse
1151 1836 1323 1913 dominum,

196 1945 359 2022 tamquam
390 1939 599 2022 euangelistae
629 1938 736 2004 uiuere
767 1940 892 2005 aliunde
922 1957 983 2003 uon
1006 1938 1139 2004 debeant
1161 1957 1257 2021 quam
1280 1940 1356 2007 eisus

196 2042 416 2126 praebentibus
444 2043 557 2126 quibus
587 2044 777 2109 annuntiant
799 2043 1000 2127 euangelium
1023 2079 1065 2093 -
1088 2042 1226 2126 alioquin
1249 2041 1324 2109 oon·

196 2151 247 2212 tra
282 2146 340 2211 hcc
376 2152 576 2229 praeceptum
611 2147 687 2212 fecit
720 2147 804 2211 idem
839 2146 1008 2229 apostolus,
1046 2148 1099 2229 qui
1132 2146 1253 2211 nictum
1287 2146 1324 2210 de

196 2268 346 2314 manuum
379 2267 504 2314 suarum
538 2249 696 2315 laboribus
729 2248 935 2333 transigebat,
969 2268 1008 2315 ne
1041 2250 1188 2333 uniquam
1216 2250 1323 2333 grauis

197 2357 343 2418 esset-
366 2354 420 2416 sed
456 2355 645 2436 potestatem
678 2352 808 2429 dedisse,
845 2353 878 2416 in
914 2371 973 2435 qus
1008 2353 1124 2418 seirent
1162 2353 1224 2418 sibi
1261 2356 1323 2419 ista

197 2455 312 2520 deberi.
351 2472 422 2519 cum
456 2456 562 2519 autem
589 2474 609 2519 a
636 2455 759 2521 domino
793 2455 912 2537 aliquid
932 2455 1126 2539 imperatur,
1161 2457 1221 2522 nisi
1254 2456 1359 2535 fiatso

196 2557 445 2624 inoboedientiae
480 2559 572 2640 culpa
605 2559 662 2623 est.
699 2576 770 2623 oum
803 2564 908 2624 autem
941 2563 1080 2644 potestas
1113 2560 1215 2644 datur,
1248 2560 1324 2627 licet

197 2660 306 2743 cuique
340 2679 400 2725 non
435 2661 484 2725 nti
513 2665 545 2725 et
577 2665 739 2743 tamquam
770 2661 807 2727 de
829 2681 884 2728 suo
906 2662 973 2728 iure
996 2662 1111 2728 sedere.
1148 2663 1226 2730 haec
1248 2683 1324 2750 ergo

195 2764 341 2830 dominns
374 2766 503 2845 loquens
536 2766 696 2848 discipulis
729 2765 764 2830 id
794 2766 922 2849 agebat,
957 2770 1037 2849 quod
1070 2769 1133 2850 ipse
1165 2770 1324 2851 apostolus

195 2868 287 2950 paulo
322 2868 392 2950 post
423 2867 562 2951 apertius
597 2869 643 2934 ita
676 2869 823 2951 explicat:
857 2869 1041 2950 nescitis,
1071 2871 1163 2953 quia
1186 2870 1252 2956 qni
1285 2873 1324 2937 in

195 2972 350 3055 templo
373 2976 592 3055 operantur
615 2990 712 3055 quae
734 2973 779 3038 de
801 2972 947 3056 templo
969 2977 1060 3039 sunt
1082 2973 1228 3040 edunt?
1256 2976 1360 3058 quies

296 3184 346 3239 61
364 3187 423 3240 Cor.
442 3185 467 3250 9,
485 3184 500 3237 7
587 3183 869 3256 111001.9,11rq.
955 3185 987 3239 11
1006 3185 1170 3241 ci.IThess.
1188 3186 1214 3255 2,
1232 3189 1249 3242 9

194 3269 338 3325 241001.
357 3272 382 3335 9,
402 3271 503 3326 13-15

247 3467 261 3519 1
280 3466 459 3533 possedere-ao
471 3466 501 3531 <h
513 3468 579 3533 ras.)
597 3466 636 3520 P¹
722 3467 739 3521 2
757 3468 959 3538 sustentationi]
978 3468 1139 3523 sustentatio
1154 3470 1184 3522 in
1198 3470 1253 3525 G¹u

193 3550 210 3603 3
228 3552 398 3619 euangelium
411 3551 589 3623 credentibus]
608 3569 659 3607 om.
676 3554 716 3607 A¹
800 3554 818 3608 4
835 3554 1025 3609 adnuntiarent
1043 3555 1142 3610 AGPu
1228 3557 1245 3611 5
1263 3574 1323 3627 gre·

194 3652 241 3704 ges
259 3638 287 3691 A
390 3638 563 3693 liructibns
589 3640 631 3695 Ga
733 3638 829 3695 8edit
852 3642 917 3695 AP¹
1021 3642 1120 3711 gregis]
1144 3641 1202 3696 eius
1226 3643 1255 3698 P

194 3722 346 3792 9pereepit
363 3724 400 3777 Ρι
505 3727 535 3780 ll
555 3742 683 3796 magnum
700 3726 775 3781 MV:
802 3744 927 3796 magnum
946 3729 987 3782 est
1005 3728 1105 3782 AGPe
1211 3730 1322 3801 laelii]

194 3808 255 3861 aliis
272 3811 301 3862 A
397 3814 545 3879 potestates
563 3812 600 3866 Ρι
704 3813 736 3866 13
752 3830 856 3867 *snmus
876 3820 904 3876 (u
921 3817 986 3881 ras.)
1003 3814 1030 3867 A
1134 3813 1167 3867 14
1184 3814 1249 3869 haec
1267 3832 1322 3871 non

193 3893 294 3948 AGPu
374 3894 518 3967 dominnm]
531 3897 610 3952 deum
624 3899 667 3953 Gn
753 3899 785 3953 11
798 3902 901 3954 uictum
915 3900 1211 3969 (ualteraecaoorr.)
1226 3903 1253 3957 G

194 3981 228 4034 18
249 3979 436 4049 transigebant
458 3982 506 4037 111ι
609 3984 652 4054 ne]
675 4000 722 4038 nec
743 3987 771 4038 A
879 3987 913 4042 19
935 3986 1015 4041 sciret
1037 3990 1066 4041 A
1173 3987 1238 4058 ists]
1262 3989 1324 4058 ipss

196 4066 239 4122 Ga
352 4066 386 4120 20
412 4067 506 4123 debere
534 4069 609 4125 G¹P¹
721 4072 791 4141 curn]
815 4075 875 4127 tum
902 4071 929 4126 V
1040 4072 1074 4126 21
1097 4071 1322 4146 inoboedientiae]

193 4151 347 4207 inoboediae
370 4152 398 4206 P
497 4155 531 4209 22
554 4156 606 4226 nti]
631 4157 723 4225 utique
748 4157 786 4212 0¹
888 4158 923 4212 24
945 4159 1034 4228 paulo]
1053 4158 1148 4228 paulus
1171 4159 1253 4216 GP‘o

194 4237 265 4308 post]
286 4255 335 4293 om.
356 4240 398 4294 Ge
501 4242 534 4296 25
553 4245 676 4312 operatur
695 4243 760 4298 MV
