2760 4814
210 281 276 349 350
694 279 858 349 Eugippii

211 469 343 552 quodsi
366 470 412 536 ita
434 476 491 553 est,
515 470 670 536 incertum
691 475 739 536 est
768 469 852 553 prius
874 471 911 536 de
940 486 1000 552 quo
1023 468 1150 535 dixerit:
1181 486 1341 551 quaere·

211 572 279 638 bat
312 591 399 638 sum
432 572 629 654 occidere,
662 573 735 657 quia
768 573 931 657 ignoratur
953 586 1054 654 quem,
1089 571 1150 636 nisi
1174 590 1210 637 er
1232 589 1341 638 conse·

211 676 378 758 questibus
412 676 600 759 reperiatur:
635 675 714 742 mira
747 693 822 741 sane
855 674 1012 741 locutione
1045 677 1077 739 ct
1108 675 1270 754 inusitata,
1304 681 1342 741 ut

210 778 297 860 prius
320 777 453 845 diceret:
484 779 661 845 occurrit
684 779 719 845 ei
741 783 779 845 et
801 781 1017 863 quaerebat
1039 797 1123 843 eum
1146 780 1338 857 occidere,

209 884 248 948 de
271 900 331 966 quo
352 880 434 946 nihil
456 887 548 948 antea
570 882 697 950 dixerat
733 886 788 948 sed
810 881 885 946 talis
908 886 957 947 est
980 883 1013 947 in
1035 883 1172 966 psalmo:
1196 882 1339 950 funda·
1361 898 1375 941 ι

210 988 341 1049 menta
370 984 453 1050 eius
484 985 523 1051 in
553 986 755 1051 montibus
785 987 953 1067 sanetis;
990 986 1130 1071 diligit
1161 985 1339 1051 dominus

208 1093 346 1172 portas
376 1088 476 1154 Sion.
517 1090 588 1155 inde
611 1094 693 1154 enim
716 1089 857 1172 psalmus
878 1089 988 1171 incipit
1013 1108 1070 1155 nec
1085 1090 1204 1172 aliquid
1222 1089 1259 1154 de
1282 1089 1339 1153 illo

209 1191 261 1257 uel
285 1192 323 1256 de
345 1192 401 1257 illa
423 1194 551 1270 dixerat,
582 1191 670 1257 cuius
693 1192 899 1257 fundamenta
925 1192 1069 1275 intellegi
1091 1193 1192 1258 noluit
1214 1192 1336 1258 dicens:

208 1292 465 1360 fundamenta
487 1295 571 1359 eius
593 1296 633 1361 in
654 1295 854 1361 montibus
877 1297 1038 1363 sanctie.
1067 1298 1120 1362 sed
1139 1297 1212 1378 quia
1233 1295 1338 1377 sequi-

209 1401 277 1462 tur:
301 1397 442 1482 diligit
465 1399 645 1464 dominus
668 1404 800 1481 portas
823 1398 929 1477 Sion,
959 1419 1032 1483 ergo
1059 1399 1264 1466 fundamenta
1286 1399 1372 1463 uelo

205 1501 325 1567 domini
348 1500 400 1566 uel
422 1500 511 1585 Sion,
534 1501 574 1566 ad
595 1502 765 1568 faciliorem
787 1495 912 1567 sensum
936 1503 1035 1585 magis
1058 1501 1141 1581 Sion,
1165 1509 1200 1567 ut
1222 1502 1337 1566 funda-

207 1609 316 1671 menta
338 1604 477 1670 ciuitatis
500 1607 702 1688 accipiantur.
733 1606 787 1670 sed
810 1608 882 1688 quia
904 1607 937 1670 in
959 1606 1018 1672 hoc
1039 1606 1230 1688 pronomine,
1254 1608 1336 1689 quod

207 1711 258 1775 est
277 1707 396 1792 „eius“,
421 1728 519 1793 genus
534 1709 715 1791 ambiguum
731 1713 779 1773 est
795 1745 837 1756 -
852 1709 951 1773 omnis
966 1710 1049 1774 enim
1065 1708 1186 1793 generis
1208 1713 1256 1774 est
1278 1708 1336 1773 hoc

206 1830 386 1894 pronomen,
420 1812 453 1876 id
487 1816 537 1877 est
565 1818 597 1876 et
625 1811 791 1877 masculini
820 1817 851 1876 ct
880 1811 1022 1876 seminini
1050 1819 1082 1877 et
1109 1813 1213 1877 neutri
1236 1812 1335 1875 -in

206 1933 317 1999 graeco
346 1917 452 1981 autem
486 1915 519 1980 in
548 1914 698 1980 feminino
726 1933 837 1997 genere
866 1915 989 1981 dicatur
1011 1907 1125 2001 αὐτῆς,
1161 1914 1369 1981 masculinae

206 2019 240 2083 et
261 2021 372 2083 neutro
394 2010 503 2096 αὐτοῦ,
526 2023 559 2083 et
581 2019 676 2084 habet
699 2020 793 2083 codex
813 2037 943 2102 graecum
965 2008 1080 2084 αἰτοῦι
1103 2018 1186 2102 cogit
1208 2019 1334 2084 intelle-

206 2139 279 2207 gere
308 2140 369 2187 non
399 2122 602 2188 fundamenta
625 2123 709 2202 Sion,
744 2125 798 2188 sed
828 2123 1032 2190 fundamenta
1061 2121 1190 2199 domini,
1224 2122 1334 2186 idest

204 2242 285 2308 quae
319 2226 485 2291 constituit
517 2227 671 2313 dominus,
706 2229 743 2292 de
774 2245 835 2310 quo
862 2227 981 2292 dictum
1009 2227 1070 2291 est:
1107 2225 1333 2290 aedificans

204 2327 458 2395 Hierusalem
481 2331 668 2395 dominus.
699 2348 756 2396 nec
772 2328 844 2396 Sion
860 2333 967 2395 tamen
988 2348 1045 2393 nec
1060 2329 1221 2394 dominum
1239 2332 1333 2393 antea

205 2432 430 2512 nominasent,
447 2452 518 2498 eum
534 2433 665 2498 diceret:
689 2432 949 2500 fundamenta
967 2433 1050 2497 eius
1073 2432 1112 2497 in
1133 2430 1368 2497 montibusa

203 2536 363 2602 sanctis.
400 2537 445 2602 sic
474 2539 506 2601 et
538 2536 588 2601 hic
617 2540 754 2603 nondum
784 2537 943 2602 nominato
974 2535 1095 2601 infante
1126 2535 1245 2600 dictum
1267 2539 1330 2600 est:

202 2640 383 2706 occurrit
415 2641 448 2704 ei
483 2641 521 2704 et
553 2640 772 2724 quaerebat
806 2660 888 2705 eum
921 2639 1117 2717 occidere,
1150 2640 1188 2702 ut
1210 2639 1248 2702 de
1269 2655 1331 2719 quo

204 2741 316 2809 dixerit
328 2743 363 2808 in
378 2742 633 2826 consequentibus
656 2761 866 2826 agnoscamus.
896 2761 1085 2826 quamquam
1100 2741 1174 2806 etsi
1189 2744 1229 2808 de
1241 2739 1330 2806 Mose

202 2844 333 2931 quisque
367 2847 506 2930 accipere
538 2847 684 2930 uoluerit,
718 2863 781 2911 non
815 2854 862 2911 est
895 2864 1080 2929 magnopere
1108 2844 1330 2909 resistendum.

203 2948 283 3014 illud
312 2949 416 3034 potius
444 2951 525 3032 quod
546 2950 695 3032 sequitur,
730 2952 757 3014 si
779 2950 848 3013 fieri
870 2954 984 3032 potest,
1018 2947 1366 3032 inaugurandum

201 3052 263 3119 sibi
292 3054 371 3120 uelit
397 3057 468 3120 ideo
496 3055 657 3120 recessisse
680 3053 828 3137 angelum
850 3053 889 3119 ab
918 3052 1131 3119 interfectione
1160 3049 1330 3116 cuiuslibet

201 3175 319 3235 corum,
342 3158 417 3242 quia
432 3159 510 3223 dixit
524 3157 655 3222 mulier:
679 3157 799 3221 stetit
821 3158 984 3241 sanguis
1007 3154 1329 3221 circumcisionis

202 3260 393 3336 infantis;
411 3278 473 3326 non
488 3260 572 3325 enim
587 3262 650 3326 ait:
670 3261 815 3344 „recessit
827 3259 867 3325 ab
881 3263 946 3342 eo“‚
960 3264 1087 3344 propter
1101 3261 1182 3341 quod
1195 3259 1330 3323 circum-

302 3446 381 3502 5Ps.
400 3446 443 3513 86,
463 3448 525 3514 lsq.
631 3448 664 3502 18
682 3445 726 3500 Ps.
744 3448 802 3512 146,
821 3446 838 3499 2

254 3621 422 3674 ldixeratc
516 3619 589 3687 201]
610 3636 658 3674 ev
751 3618 951 3688 3rspperiatur
972 3617 999 3672 V
1075 3618 1147 3688 sane]
1167 3615 1261 3672 eouT

198 3706 327 3775 bastae]
346 3707 409 3759 ante
427 3721 458 3758 ea
481 3705 508 3759 P
610 3704 693 3761 8uel
711 3703 744 3757 de
762 3703 822 3772 illa]
840 3720 925 3759 om.o
1029 3703 1268 3774 methodius
1287 3710 1328 3758 eat

200 3794 229 3849 Ρ
316 3795 350 3848 14
367 3791 536 3846 „masculini
554 3795 591 3856 (et
607 3794 674 3855 ras.)
694 3792 722 3845 P
806 3793 834 3842 et
851 3789 984 3860 feminini]
1003 3806 1072 3845 cros.
1089 3791 1122 3844 iu
1138 3789 1165 3843 P
1251 3789 1329 3858 lerni-

199 3877 259 3932 nini
276 3880 303 3946 (e
320 3894 338 3930 a
355 3879 433 3940 ιιι)
458 3876 485 3931 Υ
509 3876 604 3930 femini
622 3877 648 3931 T
749 3878 782 3932 15
799 3877 932 3932 dicituro
1035 3875 1128 3944 αὐτῆς]
1148 3890 1224 3944 sprec
1241 3889 1328 3944 syroe

199 3964 265 4020 ΜΥ
290 3968 366 4018 antes
388 3979 471 4018 avane
493 3964 547 4018 PT
647 3964 680 4018 16
701 3964 796 4033 αὑτοῦ]
820 3978 900 4017 autor
920 3966 986 4017 autu
1010 3962 1128 4018 MPTV
1228 3978 1329 4032 gregna

199 4051 227 4106 P
331 4050 363 4104 19
385 4051 499 4105 anteT
598 4051 633 4104 22
650 4051 765 4106 occurrit
783 4051 819 4120 ei]
838 4067 921 4106 omo
1023 4051 1057 4104 23
1078 4066 1167 4105 mosen
1189 4048 1214 4103 V
1239 4066 1330 4119 moyse

199 4137 243 4191 Po
335 4136 370 4190 24
387 4137 500 4205 quisque
516 4137 643 4206 accipere]
662 4153 685 4191 a.
704 4139 846 4205 quisquam
864 4136 930 4192 PTc
1025 4153 1121 4207 magno
1139 4136 1260 4205 opereT

197 4223 231 4277 25
251 4223 329 4292 quod]
349 4239 435 4279 onr.o
538 4226 570 4279 26
589 4223 666 4278 uellit
685 4225 721 4278 P¹
824 4224 859 4279 28
876 4223 927 4294 ait]
946 4229 993 4278 aut
1010 4224 1077 4280 MV
