2760 4814
314 585 479 655 Exterpts
496 601 532 640 ex
550 599 618 656 opp.
636 584 662 640 S.
680 582 868 654 Augustini
887 582 999 640 cunn.
1018 582 1095 640 CLV.
1206 584 1270 654 537

137 776 338 861 pmenslente
369 775 523 861 promisit.
559 777 612 844 ubi
647 776 744 843 etiam
778 777 857 842 illud
886 775 1003 841 euertit
1031 777 1113 858 quod
1147 776 1268 863 dicunt,

137 879 287 965 quonium
310 884 357 946 est
379 879 593 963 impossibilis,
623 880 694 946 ideo
715 881 972 947 resurreetionem
994 878 1096 944 uernis
1119 897 1180 946 non
1201 899 1268 947 esse

135 983 331 1050 credendum.
355 982 548 1067 apertissime
563 983 677 1067 quippe
693 983 782 1050 iuxta
800 981 934 1049 eundem
954 981 1186 1065 philosophum,
1209 983 1267 1050 ubi

136 1087 186 1153 dis
209 1105 229 1152 e
249 1106 283 1153 se
304 1087 395 1153 laetis
415 1087 560 1170 promisit
584 1088 659 1152 deus
678 1105 739 1154 nou
755 1087 859 1153 lectus
881 1085 1159 1167 immortalitatem,
1182 1086 1266 1169 quod

117 1189 331 1273 simpossibile
360 1194 407 1255 est
435 1209 467 1257 ee
496 1189 578 1255 dixit
606 1207 674 1254 esse
703 1189 869 1255 lecturum.
909 1188 955 1255 sio
977 1188 1061 1253 enim
1083 1208 1155 1254 eum
1176 1190 1265 1255 loeu-

135 1295 243 1358 turum
265 1293 372 1359 nerret
392 1293 500 1359 Pleto:
529 1292 696 1375 „quonism
719 1295 794 1359 estis
817 1293 898 1358 orti“
923 1292 1026 1374 inquit
1051 1292 1265 1373 „immortales

135 1416 200 1463 eme
228 1399 260 1464 et
286 1396 520 1462 indissolubiles
549 1415 610 1462 nou
638 1398 785 1480 potestis,
820 1415 881 1463 non
916 1399 1021 1460 tumen
1051 1395 1266 1463 dissolusmini

135 1518 235 1583 nequo
267 1518 324 1566 uos
357 1499 424 1565 ulle
455 1500 567 1566 mortis
602 1499 670 1564 futu
702 1500 855 1582 periment
885 1516 940 1564 neo
969 1499 1061 1563 erunt
1090 1497 1265 1566 ualentiora

135 1624 228 1688 quam
251 1603 417 1670 eonsilium
438 1622 553 1681 meum,
576 1604 659 1685 quod
677 1603 779 1668 maius
795 1606 842 1667 est
861 1600 1028 1666 uinculum
1043 1603 1081 1667 ed
1104 1601 1265 1684 perpetui·
1341 1594 1344 1603 '

106 1709 234 1774 rotetem
256 1711 396 1772 uestrum
411 1724 506 1789 quam
527 1705 587 1771 ille
604 1707 717 1788 quibus
734 1707 808 1771 estis
824 1705 992 1789 colligabit
1025 1704 1053 1769 si
1075 1722 1137 1771 non
1159 1705 1265 1772 solnm

135 1811 271 1887 absurdi,
305 1810 360 1876 sed
395 1811 482 1877 surdi
515 1829 578 1877 non
606 1814 681 1876 sunt
709 1813 764 1894 qni
792 1812 867 1876 haee
895 1811 1038 1889 audiunt,
1072 1827 1132 1874 non
1154 1807 1265 1891 utique

135 1915 282 1981 dubitent
296 1914 345 1980 dis
362 1914 452 1980 laetis
467 1916 506 1981 ab
522 1915 578 1979 illo
594 1914 658 1994 deo,
675 1919 727 1999 qui
743 1933 794 1981 eos
809 1914 897 1991 lenit,
913 1915 1083 1981 seeundum
1097 1913 1263 1980 Plutonem

135 2018 216 2102 quod
240 2022 287 2083 est
309 2016 504 2101 impossibile
527 2016 625 2083 fnisse
646 2017 846 2100 promissum.
884 2016 938 2100 qui
962 2016 1048 2082 enim
1069 2016 1162 2082 dicit:
1188 2034 1263 2096 ,uos

135 2120 259 2205 quidem
294 2121 489 2186 immortales
522 2139 588 2186 esse
621 2138 682 2186 non
715 2120 867 2204 potestis,
906 2121 959 2186 sed
995 2139 1065 2186 mee
1101 2120 1264 2186 uoluntate

106 2227 327 2291 simmorteles
350 2224 457 2289 eritis“
483 2225 558 2307 quid
581 2223 667 2291 uliud
695 2225 784 2304 dioit,
811 2243 904 2306 quem
929 2225 981 2309 ,id
1003 2228 1083 2308 quod
1111 2223 1178 2288 lieri
1202 2241 1264 2288 non

134 2330 240 2411 potest
266 2346 317 2392 me
345 2327 477 2392 iaciente
506 2331 614 2393 tumen
643 2328 779 2394 eritis“?
811 2328 866 2393 ille
888 2327 987 2412 igit-nr
1009 2346 1134 2395 oernem
1156 2327 1262 2393 iuoor·

133 2431 329 2515 mptibilem,
365 2431 586 2507 immortalem,
624 2430 800 2514 spiritalem
837 2430 1047 2509 resuscitabit,
1085 2429 1139 2514 qui
1175 2429 1263 2496 iuxta

133 2535 297 2601 Plutonem
325 2535 358 2600 id
381 2534 463 2617 quod
491 2533 687 2615 impossibile
709 2538 756 2599 est
779 2552 813 2599 se
836 2533 993 2600 suetorum
1016 2551 1083 2598 esse
1106 2532 1261 2614 promisit.

132 2639 206 2722 quid
230 2637 331 2702 edhuo
351 2636 434 2719 quod
451 2636 596 2719 promisit
617 2637 702 2718 deus,
725 2635 806 2719 quod
827 2637 884 2702 deo
907 2635 1104 2718 promittenti
1127 2635 1262 2701 eredidit

103 2741 280 2821 ¹⁰mundus,
314 2741 368 2823 qui
397 2740 492 2807 etiem
523 2741 589 2824 ipse
617 2741 788 2822 promissus
815 2747 863 2807 est
892 2741 1075 2819 crediturus,
1091 2757 1172 2806 ‹esse
1199 2738 1262 2805 im·

132 2844 283 2928 possibile
320 2845 473 2921 clement,
510 2846 634 2927 quendo
670 2845 796 2926 quidem
833 2863 888 2911 nos
922 2845 1031 2923 doum,
1070 2843 1123 2926 qui
1161 2843 1260 2909 etiem

131 2947 301 3014 seeundum
324 2948 489 3014 Plutonem
518 2947 597 3013 ieoit
623 2948 844 3032 impossibilia,
872 2947 905 3013 id
927 2948 1084 3014 fenorum
1107 2965 1173 3012 esse
1195 2948 1261 3014 clu·

130 3055 282 3118 memus?
313 3071 374 3118 non
405 3070 489 3136 ergo,
517 3056 553 3116 ut
580 3051 691 3117 beetee
719 3052 784 3118 sint
805 3053 938 3129 enimee,
967 3070 1076 3136 eorpus
1099 3054 1146 3118 est
1168 3069 1260 3116 omne

131 3155 328 3242 fugiendum,
358 3156 413 3221 sed
436 3174 545 3239 eorpus
574 3157 811 3240 incorruptibile
834 3157 1055 3240 recipiendum.
1090 3160 1121 3221 et
1144 3155 1260 3238 inquo

233 3358 251 3412 6
269 3357 348 3414 Pluto
367 3358 436 3413 Tim
454 3375 480 3429 p.
497 3358 544 3414 41·

182 3550 198 3603 1
217 3548 332 3603 auertit
349 3548 377 3616 (d
395 3551 461 3617 rae.)
480 3549 508 3604 P
532 3553 636 3605 euertet
657 3550 683 3605 Τ
783 3550 864 3622 quod]
888 3566 979 3620 quoe
1082 3550 1100 3604 2
1122 3549 1257 3622 quonism]

128 3634 200 3704 quod
224 3634 253 3689 P
358 3636 507 3690 terendum
531 3636 569 3690 1²¹
676 3636 694 3691 4
717 3637 760 3691 dis
783 3635 884 3692 MTV:
913 3637 965 3691 diis
991 3636 1032 3692 Go
1059 3636 1140 3691 diuis
1164 3637 1193 3691 P

128 3721 228 3791 tutus}
245 3720 325 3775 fectis
343 3720 371 3775 P
472 3722 549 3793 ise]
572 3722 619 3777 sed
644 3723 749 3779 G¹P¹P
851 3723 994 3793 moturum]
1018 3722 1140 3778 futurum
1163 3723 1191 3778 P

129 3806 282 3861 locuturum
299 3804 377 3860 MV:
394 3805 513 3861 locutum
534 3806 628 3862 GPTo
729 3808 746 3862 6
769 3808 932 3864 immortalis
950 3809 989 3863 P¹
1092 3808 1108 3862 7
1132 3807 1259 3863 dissolui·

130 3893 198 3948 miui
222 3891 260 3946 Ρι
361 3890 461 3946 diste
486 3893 556 3948 G²o=
584 3892 660 3948 fecte
683 3893 842 3949 G¹MPTV
940 3896 1019 3949 erunt
1043 3894 1073 3963 (u
1096 3910 1131 3949 ex
1153 3910 1258 3952 seon.

130 3994 164 4032 nn
189 3982 219 4045 2)
246 3977 274 4032 P
392 3976 409 4031 9
436 3992 517 4046 quem
544 3979 698 4048 eonsilium]
725 3979 825 4048 incipit
848 3979 933 4035 endon
959 3982 987 4034 A
1107 3982 1142 4037 10
1167 3986 1259 4040 uestra

132 4096 198 4153 ur
296 4097 431 4167 seraper
457 4099 483 4153 r
585 4071 728 4154 11⁸⁰”sunt
751 4102 815 4165 (non
833 4100 898 4156 aee.
916 4117 950 4155 m.
970 4102 1044 4166 nv
1146 4104 1179 4159 12
1204 4103 1259 4174 ιιι]

132 4181 181 4238 diis
209 4183 286 4240 G'P'
316 4182 378 4237 deos
406 4183 467 4239 G’o
582 4184 669 4239 iustos
698 4185 753 4241 G'u
869 4188 901 4242 14
927 4188 1101 4260 immortales]
1129 4191 1258 4247 mortales

133 4267 196 4323 MV
295 4268 606 4326 nummipetae:
635 4271 807 4326 resuseituuit
823 4271 1010 4329 AG¹MPTV
1111 4276 1144 4330 18
1160 4275 1260 4346 impos·

134 4354 207 4410 sibile
230 4352 283 4424 eet]
307 4354 461 4424 impossibil
483 4359 526 4411 est
551 4355 589 4410 Μ
619 4357 746 4427 possibile
769 4359 810 4412 est
835 4358 873 4413 θ’
977 4358 1010 4413 19
1034 4361 1208 4430 promittente
1232 4363 1260 4420 G

134 4436 173 4494 Pe
268 4438 388 4495 suodedit
405 4440 432 4494 Α
459 4440 545 4496 eredit
565 4441 591 4495 P
682 4442 950 4514 repromissione
968 4458 1002 4499 eu
1019 4444 1044 4498 it
1060 4448 1141 4511 corr.)
1160 4447 1188 4499 Δ

133 4522 242 4596 tique]
260 4540 314 4594 que
330 4524 398 4580 MV
