2760 4814
197 549 259 615 928
675 544 837 616 nugrpprr

195 737 263 802 ideo
286 734 341 801 alii
363 753 423 800 non
446 735 596 817 baptizati
619 736 651 800 in
674 734 782 801 eadem
804 738 905 800 aetate
928 734 1016 813 mori,
1040 737 1113 818 quia
1128 737 1163 801 et
1183 738 1318 820 ipsomm

194 838 348 923 praescita
380 839 454 904 sunt
486 838 601 903 merita
632 837 748 916 futura,
782 840 836 903 sod
869 839 961 921 malo,
995 856 1056 904 non
1088 857 1199 904 eorum
1220 840 1317 905 uitam

126 984 129 989 -
194 944 305 1009 bonam
328 941 379 1007 uei
401 942 516 1007 malam
536 943 592 1007 deo
615 948 830 1006 remunerante
845 942 894 1006 uel
912 942 1088 1018 damnante,
1105 940 1161 1006 sed
1176 938 1316 1007 nullam?

195 1046 352 1128 apostolus
384 1044 507 1128 quidem
539 1045 673 1110 limitem
703 1043 781 1122 fixit,
813 1063 905 1127 quem
928 1044 1101 1127 transgredi
1123 1062 1187 1109 non
1209 1044 1317 1109 doboat

194 1148 340 1227 hominis,
362 1150 400 1212 ut
420 1148 531 1212 mitius
553 1148 671 1231 loquar,
688 1149 813 1212 incauta
828 1147 972 1228 suspitio.
1002 1150 1048 1213 ait
1063 1147 1165 1215 enim:
1189 1165 1342 1213 omneso

196 1251 417 1318 astabimus
451 1254 542 1316 ante
573 1251 749 1317 tribunal
784 1250 952 1333 Christi,
987 1255 1027 1316 ut
1060 1252 1167 1317 ferat
1203 1270 1316 1317 unus·

195 1358 361 1439 quisque
391 1356 603 1421 seeundum
629 1374 672 1420 ea
700 1374 795 1437 quae
818 1374 884 1438 per
906 1372 1043 1436 eorpus
1065 1355 1210 1438 gessit,
1234 1356 1314 1420 siue

195 1460 332 1527 bonum
362 1460 448 1525 siue
473 1459 624 1525 molum.
655 1461 801 1542 gessit,
832 1458 945 1541 inquit,
975 1477 1036 1522 non
1061 1458 1224 1523 adiunxit:
1249 1456 1314 1541 „uel

194 1565 336 1646 gesturus
359 1560 450 1627 fuit“.
482 1564 534 1627 sed
565 1563 646 1626 uude
676 1563 733 1627 hoo
765 1561 880 1627 talibus
903 1562 980 1627 uiris
1003 1561 1038 1625 in
1059 1563 1202 1627 mentem
1224 1579 1314 1625 uene·

195 1666 237 1730 rit
271 1666 385 1743 neseio,
418 1668 455 1728 ut
488 1665 604 1737 futura,
636 1685 713 1748 quae
745 1683 805 1729 non
834 1667 908 1730 sunt
931 1665 1046 1743 futuru,
1069 1663 1243 1745 punientur
1264 1666 1341 1728 auto

195 1769 386 1833 honorentur
409 1767 522 1832 merita
538 1768 751 1850 paruulorum.
781 1786 836 1834 our
851 1770 955 1834 autem
972 1767 1092 1832 dictum
1111 1770 1162 1832 est
1184 1787 1313 1833 seeun-

195 1872 279 1936 dum
311 1890 351 1935 ea
381 1890 477 1954 quae
507 1891 570 1953 per
599 1890 738 1954 eorpus
768 1874 897 1956 gessit
922 1873 1080 1937 hominem
1104 1871 1312 1944 iudicandum,

197 1992 268 2038 enm
296 1974 444 2057 gerantur
474 1975 576 2038 multa
598 1974 662 2038 solo
686 1976 798 2056 animo,
823 1992 884 2038 non
906 1994 960 2057 per
982 1993 1091 2056 eorpus
1113 1992 1171 2038 neo
1192 1994 1248 2056 per
1270 1974 1313 2038 ui·

195 2078 260 2142 lum
291 2078 425 2160 corporis
455 2079 640 2156 membrum,
671 2081 703 2142 et
732 2079 912 2161 plerumque
941 2082 1007 2142 tam
1039 2096 1164 2161 magna,
1189 2081 1225 2143 ut
1248 2076 1313 2142 tali·

195 2180 252 2246 bus
287 2180 527 2263 cogitationibus
561 2199 659 2263 poena
692 2182 863 2246 iustissime
894 2180 1052 2257 debeatur,
1083 2181 1180 2245 aienti
1203 2181 1339 2255 estote

195 2283 259 2348 alia
291 2288 423 2367 taceam,
459 2285 538 2367 quod
573 2285 673 2349 dixit
702 2285 896 2367 insipiens
926 2286 966 2349 in
996 2288 1111 2350 corde
1138 2303 1223 2351 suo:
1248 2301 1313 2349 non

196 2391 255 2451 est
278 2388 392 2453 deus?
415 2387 489 2470 quid
512 2392 560 2453 est
583 2406 669 2470 ergo:
693 2391 903 2453 seeundum
926 2407 1077 2470 eaquae
1094 2403 1312 2470 percorpus

195 2491 340 2576 gessit,
374 2490 434 2555 nisi
468 2492 638 2556 secundum
673 2511 708 2556 oa
742 2510 819 2574 quae
850 2493 946 2576 gessit
973 2509 1008 2556 eo
1031 2493 1181 2573 tempore,
1204 2509 1264 2575 quo
1284 2490 1311 2553 in

196 2610 321 2675 eorpore
338 2593 407 2675 suit,
425 2597 460 2659 ut
476 2613 542 2676 per
560 2614 699 2677 corpus
719 2595 938 2679 intellegamus
954 2614 1008 2676 per
1023 2596 1158 2676 eorporis
1175 2596 1311 2677 tempus?

195 2700 266 2780 post
299 2714 408 2780 eorpus
442 2699 548 2762 autem
582 2716 671 2762 nemo
704 2699 818 2762 onitin
852 2716 975 2781 corpore
1005 2699 1065 2762 nisi
1097 2699 1335 2763 resurrectione·

195 2800 373 2883 nouissima,
398 2818 456 2865 non
480 2801 518 2866 ad
543 2801 609 2866 ulla
630 2802 743 2866 monita
766 2802 982 2884 comparanda,
1005 2801 1060 2865 sed
1082 2802 1123 2865 ad
1144 2798 1308 2884 recipienda

196 2920 252 2983 pro
275 2902 362 2968 bonis
386 2905 507 2969 meritis
531 2907 679 2989 praemia,
703 2923 757 2989 pro
781 2905 873 2971 maiis
896 2904 1011 2969 luenda
1033 2906 1196 2987 supplicia

614 3176 904 3261 oouxxxtffl.

197 3349 290 3409 Qvon
312 3349 437 3397 osulvm
461 3350 562 3396 VERBI
585 3351 790 3411 APERIATVR,
813 3348 884 3397 CVM
907 3349 973 3397 COR
994 3350 1180 3397 nvnffln’n'ls
1202 3343 1302 3396 Aponi·

349 3435 426 3495 TVB,
450 3436 494 3482 VT
517 3436 661 3484 CREDAT.
691 3436 738 3482 EX
760 3435 863 3483 LIBRO
885 3434 994 3483 si'PRA
1016 3434 1167 3483 SCRIPTO.
1307 3432 1323 3475 ὅ

127 3558 192 3626 313
243 3554 400 3635 Quomodo
431 3557 569 3639 aperitur
598 3556 713 3621 ostium
742 3555 839 3637 uerbi,
871 3554 931 3619 nisi
954 3572 1024 3619 eum
1047 3572 1158 3619 sensus
1180 3551 1301 3637 aperitur

198 3660 363 3735 audientis,
394 3661 430 3725 ut
458 3659 573 3737 eredat,
605 3660 638 3724 et
665 3659 755 3723 initio
785 3658 857 3723 fidei
880 3658 962 3723 facto
986 3677 1022 3723 ea
1045 3676 1125 3740 quae
1147 3660 1188 3724 ad
1210 3649 1301 3723 aedifi·

298 3846 646 3914 ammmmam
738 3845 924 3909 ummo
1014 3843 1249 3903 muman

247 4013 264 4067 3
287 4014 331 4067 uel
347 4015 447 4068 malam
476 4016 542 4071 GP:
572 4016 617 4069 sed
640 4016 784 4071 malamV
884 4016 984 4069 nnllam
1008 4016 1074 4071 GP:
1104 4013 1251 4070 nullumV

195 4096 303 4150 diierit
316 4102 345 4165 (n
358 4104 422 4163 rus.)
441 4101 469 4152 P
547 4100 694 4169 transgridi
713 4102 739 4154 V
819 4101 1000 4155 bastabimns
1016 4101 1051 4155 V:
1079 4100 1252 4156 stabimueP

195 4180 267 4236 ferat
285 4182 351 4237 PV:
378 4184 523 4241 referatG
609 4186 889 4255 noeap.0001111²
915 4185 1003 4241 CCCV
1023 4186 1065 4242 Go
1151 4188 1186 4241 24
1203 4182 1306 4257 aperitur

196 4270 229 4321 nt
246 4267 314 4322 PV:
340 4272 445 4337 aperuit
456 4276 483 4325 et
502 4272 540 4327 θ’
567 4272 670 4343 aperiat
683 4276 710 4327 et
732 4274 768 4327 0²
854 4273 888 4327 25
905 4289 986 4342 supra
997 4275 1095 4343 scripto
1117 4272 1154 4326 V:
1181 4273 1212 4329 Π
1228 4274 1254 4329 Ρ

195 4352 231 4407 26
253 4369 313 4407 oum
336 4370 428 4408 sensns
453 4356 520 4411 GP:
550 4374 693 4413 consensus
717 4357 743 4412 V
843 4359 959 4428 aperitur
986 4358 1053 4415 GP:
1083 4358 1256 4415 audiaturV

196 4472 230 4529 ar
248 4438 316 4529 rino
335 4474 356 4541 (n
374 4474 439 4530 aaa.
457 4494 491 4531 m.
511 4480 541 4545 2)
564 4478 590 4533 r
