2760 4814
267 507 430 578 Excerpta
447 525 482 564 ex
499 525 570 579 opp.
589 510 615 567 S.
633 510 825 581 Augustini
849 510 994 569 LXXXVI.
1132 518 1196 593 341

67 699 291 781 permanentia.
343 698 400 768 illa
435 717 506 783 para
543 718 647 766 rerum
684 719 818 785 superna
856 706 911 771 est.
966 706 992 769 si
1030 722 1101 793 ergo
1139 705 1197 772 illa

66 820 201 885 sopema
231 805 287 882 est,
322 802 398 870 haee
427 804 568 887 terrena,
603 802 656 870 ubi
691 821 762 871 earo
795 806 827 870 et
860 807 1003 893 sanguis,
1038 807 1093 873 ubi
1127 828 1196 888 cor·

65 904 269 989 mptibilitas,
303 907 356 975 ubi
386 907 537 975 natiuitas
559 907 609 993 <et
632 907 838 997 mortalitas),
861 910 917 976 ubi
947 909 1083 977 deoessio
1105 913 1197 995 atque

65 1009 234 1090 snoeessio,
279 1010 333 1076 u'oi
378 1013 576 1090 mutabilitas
616 1016 648 1079 et
686 1011 914 1094 inconstantia,
959 1013 1012 1079 ubi
1057 1015 1195 1092 timores,

44 1113 264 1197 stupiditates,
294 1113 447 1197 horrores,
479 1113 620 1183 laetitiae
649 1118 794 1195 incertae,
825 1134 895 1199 spes
918 1115 1051 1200 fragilis,
1077 1119 1197 1184 eaduca

62 1214 251 1292 substantia,
282 1217 366 1299 puto,
398 1218 472 1303 quia
502 1220 605 1297 omnis
627 1220 691 1289 iata
713 1238 786 1302 para
809 1236 868 1289 noo
891 1221 996 1303 potest
1020 1220 1194 1306 comparari

61 1317 110 1384 illi
133 1320 231 1397 eaelo,
255 1318 292 1384 de
313 1338 373 1402 quo
395 1321 544 1404 loquebar
566 1322 658 1405 paulo
680 1323 763 1388 ante.
795 1321 821 1388 si
844 1340 917 1415 ergo
940 1321 990 1387 illi
1011 1324 1094 1408 parti
1117 1323 1195 1389 haee

61 1440 132 1505 pars
157 1439 218 1487 non
241 1424 452 1506 eomparatur,
483 1422 539 1491 illa
561 1443 694 1508 superna
716 1425 774 1505 est,
805 1426 882 1493 haee
904 1424 1035 1507 inferna.
1067 1426 1193 1509 etpost

60 1528 280 1608 mortemque
304 1525 386 1604 hino,
422 1526 483 1594 nisi
505 1528 546 1595 sit
568 1528 726 1621 infernum
749 1528 880 1596 inferius
908 1529 967 1594 hoa
997 1528 1129 1615 inferno,
1160 1528 1193 1594 in

32 1646 122 1711 reque
145 1646 255 1695 snmus
277 1629 310 1694 in
333 1647 424 1696 earne
446 1631 478 1695 et
500 1630 563 1696 ista
585 1631 802 1699 mortalitate?
829 1650 970 1716 eorpus
992 1632 1074 1698 enim
1098 1651 1195 1698 mor·

61 1735 174 1799 tuum
198 1733 274 1815 est,
298 1732 343 1797 ait
366 1733 533 1816 apostolus,
560 1737 719 1818 propter
741 1738 954 1817 peecatum.
993 1754 1066 1829 ergo
1089 1735 1195 1801 ethio

60 1837 133 1900 sunt
155 1835 283 1912 mortui,
306 1839 343 1900 ut
365 1854 426 1902 non
448 1837 570 1902 mireris
589 1837 663 1921 quia
685 1837 840 1904 infernum
866 1838 993 1915 dieitur,
1016 1837 1043 1902 ei
1059 1835 1192 1903 mortuis

60 1938 212 2005 abundat.
240 1957 300 2004 non
317 1938 476 2006 enimait:
503 1959 633 2023 ,eorpus
656 1941 843 2007 moriturum
867 1942 933 2006 est“
959 1944 1029 2007 sed:
1053 1961 1194 2029 eorpus

61 2044 260 2109 mortuum
289 2044 360 2109 est.
399 2043 502 2109 adhue
523 2043 620 2111 habet
642 2044 744 2109 uitam
766 2045 875 2127 utique
899 2062 1008 2130 eorpus
1033 2047 1192 2126 nostmm3

35 2150 92 2214 uet
113 2150 221 2212 tamen
245 2148 459 2227 comparatum
483 2147 603 2232 torpori
636 2147 694 2225 illi,
729 2147 811 2231 quod
843 2148 984 2234 futurum
1013 2151 1061 2212 est
1089 2146 1195 2235 qualia

62 2251 135 2314 sunt
167 2248 351 2330 angelorum
378 2267 513 2332 corpora,
544 2251 705 2317 inuenitur
727 2270 838 2337 eorpus
861 2250 997 2335 hominis
1020 2251 1192 2330 mortuum,

62 2352 205 2435 quamuis
240 2350 342 2417 adhue
372 2351 487 2423 habens
518 2352 666 2418 animem.
706 2352 760 2420 sed
786 2356 893 2423 rursus
918 2354 957 2419 ab
978 2353 1037 2420 hoe
1059 2352 1191 2433 inferno,

61 2458 90 2525 id
119 2457 169 2522 eat
200 2457 240 2522 ab
276 2456 334 2521 hae
366 2457 456 2538 parte
488 2455 612 2535 inferni,
647 2459 694 2524 est
727 2458 812 2539 aliud
845 2456 986 2539 inferius,
1021 2475 1080 2539 quo
1116 2459 1192 2521 eunt

60 2560 194 2642 mortni;
229 2558 311 2623 unde
341 2558 442 2623 uoluit
472 2561 546 2624 deus
577 2577 682 2625 eruere
708 2560 828 2625 animas
850 2561 973 2633 nostras
996 2558 1092 2626 etiam
1115 2557 1193 2626 illue

34 2660 215 2728 omittendo
250 2658 352 2725 filium
373 2678 474 2735 snum.
514 2662 640 2748 etenim,
675 2660 797 2746 iratres,
826 2666 953 2748 propter
974 2662 1037 2728 ista
1058 2665 1119 2729 duo
1142 2662 1192 2729 in·

62 2765 147 2831 terna
170 2764 286 2831 missus
309 2768 356 2829 est
378 2764 461 2831 filine
484 2763 534 2830 dei
556 2765 692 2850 undique
714 2763 867 2845 liberans3
892 2770 930 2834 ad
953 2767 1011 2831 hoe
1033 2765 1191 2837 infernum

60 2871 174 2935 missus
197 2871 245 2932 eet
275 2869 435 2945 nascendo,
467 2866 506 2933 ad
536 2867 616 2934 illud
645 2870 815 2935 moriendo.
852 2870 1015 2954 prepterea
1041 2889 1101 2936 uox
1124 2871 1191 2936 eins

60 2978 106 3040 eat
129 2974 163 3039 in
185 2972 242 3038 illo
264 2970 395 3054 psalmo,
418 2990 479 3038 non
503 2990 658 3056 quoquam
682 2972 807 3039 homine
831 2974 1015 3059 coniciente,
1039 2973 1092 3040 sed
1117 2991 1191 3059 apo·

58 3075 139 3142 stolo
163 3079 343 3159 exponente,
366 3075 420 3141 ubi
442 3076 505 3142 ait:
529 3075 715 3160 quoniam
737 3094 811 3142 non
835 3076 1088 3162 derelinques
1110 3078 1192 3143 ani·

27 3198 157 3245 amam
191 3197 311 3245 meam
345 3179 382 3244 in
415 3180 582 3246 inferno.
617 3198 689 3265 ergo
713 3181 768 3246 ant
796 3180 896 3262 ipsius
917 3199 976 3246 uox
999 3184 1047 3246 est
1069 3181 1101 3246 et
1123 3180 1190 3246 hio:

58 3281 207 3348 eruisti
227 3283 393 3349 animam
413 3300 532 3349 meam
552 3302 594 3347 er
613 3282 767 3349 inferno
785 3282 993 3363 inferiore,
1016 3289 1071 3349 aut
1085 3283 1192 3350 nostra

58 3403 117 3453 nor
147 3404 204 3469 per
233 3391 337 3470 ipsum
360 3385 521 3455 Christum
554 3388 716 3454 dominum
750 3387 901 3471 nostrum,
935 3387 1010 3471 quia
1038 3387 1107 3452 ideo
1134 3383 1190 3450 ille

56 3490 202 3573 peruenit
232 3508 330 3574 usque
352 3490 393 3556 ad
415 3490 582 3574 infernum,
607 3510 646 3556 ne
668 3509 724 3558 nos
747 3509 977 3558 remaneremus
1000 3489 1033 3555 in
1056 3489 1188 3556 inferno.

100 3626 209 3694 Aliam
242 3630 340 3695 etiarn
373 3630 551 3712 opinionem
579 3629 690 3699 diuam.
725 3629 869 3699 fortassis
892 3630 977 3696 enim
998 3629 1082 3712 apuu
1105 3628 1191 3710 ipsos

18 3729 173 3797 ninteroa
208 3735 256 3798 eet
288 3732 396 3815 aliqua
427 3752 499 3818 pars
531 3735 669 3813 inferior,
704 3752 764 3816 quo
798 3734 966 3805 truduntur
1000 3732 1101 3816 impii,
1134 3731 1189 3814 qui

54 3834 229 3918 plurimum
263 3839 481 3919 peooanerunt.
519 3838 635 3904 etenim
668 3837 752 3919 apud
781 3837 895 3906 inferos
927 3838 1036 3907 utram
1056 3835 1089 3901 in
1113 3834 1191 3901 loeis

54 3937 247 4020 quibusdam
272 3941 333 4004 iam
357 3940 470 4007 fuisset
493 3941 652 4008 Abraham
679 3959 739 4007 non
763 3942 839 4007 satis
861 3959 1026 4024 possumus
1050 3937 1188 4005 definire.

159 4123 192 4178 10
210 4123 286 4179 Rom.
299 4125 324 4190 8,
337 4124 372 4178 10
448 4125 482 4179 24
501 4123 544 4182 Pe.
558 4125 598 4190 15,
614 4127 647 4180 10
660 4127 687 4178 et
698 4126 759 4180 Aet.
771 4125 797 4193 2,
810 4124 842 4179 27
923 4126 956 4180 26
974 4125 1019 4179 Pa.
1031 4126 1074 4192 85,
1088 4127 1120 4181 13

105 4332 123 4385 3
140 4334 169 4384 et
187 4329 344 4385 mortalitas
362 4346 396 4385 a:
421 4331 517 4385 ΜΤ
611 4331 628 4384 6
645 4347 698 4400 qna
715 4331 736 4398 (i
747 4331 812 4386 add.
825 4347 859 4386 sn.
871 4333 942 4397 M
1034 4332 1068 4387 18
1079 4335 1193 4387 euntes

49 4434 180 4491 mntT
273 4432 308 4488 ω
325 4434 517 4489 conitienteT
610 4434 644 4489 32
662 4419 777 4520 tuissent
796 4439 824 4503 (n
842 4438 981 4506 apunxit
998 4453 1032 4491 m.
1045 4436 1122 4504 2)T
