2760 4814
216 334 382 404 llxcerpta
399 350 435 388 ex
452 350 521 405 opp.
540 334 566 388 S.
587 334 772 402 Augustini
795 332 937 390 ccxcnl.
957 334 1115 391 CCXCIIII.
1167 338 1231 406 949

97 528 167 609 qui
203 529 384 591 esuriunt
418 529 455 590 et
488 525 637 591 sitiunt
669 526 892 604 iustitiam,
929 527 1115 608 quoniam
1152 527 1230 612 ipsi

96 629 409 694 saturabuntun

144 731 303 813 Quamdiu
337 751 410 815 ergo
442 733 674 815 peregrinantes
703 751 721 796 a
754 731 878 798 domino
910 750 965 813 per
994 731 1087 797 fidem
1117 735 1228 799 ambu-

99 835 213 914 lamus,
248 852 308 898 non
346 853 400 918 per
434 836 565 916 speciem
588 836 733 900 —unde
767 835 887 900 dictum
921 838 985 900 est:
1022 835 1153 901 iustus
1188 856 1228 900 ex

87 937 181 1002 dide
219 937 324 1001 uiuit
352 975 394 984 —
422 937 497 1001 haec
530 938 577 1001 est
610 940 715 1002 nostra
747 938 779 1002 in
809 940 871 1004 ista
902 939 1149 1021 peregrinatione
1179 941 1228 1004 iu-

98 1040 199 1117 stitia,
237 1043 272 1105 ut
305 1042 343 1105 ad
382 1039 471 1105 illam
504 1040 725 1123 perfectionem
758 1042 1044 1125 plenitudinemque
1079 1044 1226 1117 iustitiae,

98 1143 155 1208 ubi
184 1144 216 1207 iu
248 1144 349 1224 specie
378 1144 496 1209 decoris
520 1143 586 1209 eius
608 1145 670 1227 iam
694 1145 785 1228 plena
809 1148 839 1209 et
861 1147 997 1228 perfecta
1020 1148 1132 1211 ceritas
1156 1147 1226 1226 orit,

97 1267 181 1313 nunc
203 1248 301 1330 ipsius
325 1266 432 1312 cursus
456 1247 642 1312 rectitudine
667 1250 697 1312 et
720 1248 907 1330 perfectione
935 1251 1106 1327 tendamus,
1132 1250 1225 1314 cesti-

97 1351 202 1434 gando
236 1368 343 1432 corpus
378 1355 520 1416 nostrum
550 1352 580 1414 et
604 1350 750 1415 seruituti
773 1350 955 1417 subiciendo
978 1357 1009 1415 et
1033 1353 1226 1435 elemosynas

97 1456 131 1519 in
155 1453 268 1519 dandis
292 1454 449 1518 beneficiis
472 1456 503 1518 et
525 1454 718 1518 dimittendis
741 1472 818 1536 quae
841 1454 873 1518 in
896 1472 951 1518 nos
972 1458 1046 1518 sunt
1061 1456 1226 1519 commissa

96 1558 235 1642 peccetis
257 1556 403 1621 hilariter
426 1575 462 1619 ex
486 1558 574 1621 corde
597 1555 734 1621 faciende
757 1559 789 1619 et
803 1555 993 1622 cretionibus
1015 1557 1226 1621 indesinenter

95 1660 255 1738 instando,
285 1661 317 1724 et
345 1660 421 1725 haec
449 1659 586 1724 faciendo
616 1660 649 1724 in
678 1660 819 1725 doctrina
848 1679 932 1738 sana,
963 1679 1023 1742 qus
1045 1660 1226 1725 aedificatur

95 1765 175 1828 fides
208 1763 302 1839 recta,
338 1782 407 1845 spes
441 1763 540 1843 firma,
575 1762 688 1828 caritas
711 1781 799 1845 pura.
846 1763 921 1828 haec
944 1768 991 1827 est
1015 1784 1096 1828 nunc
1119 1765 1226 1828 nostra

94 1866 230 1940 iustitia,
261 1884 323 1947 qua
350 1867 504 1929 currimus
527 1865 697 1930 esurientes
720 1867 753 1930 et
775 1866 917 1931 sitientes
941 1868 980 1930 ad
1004 1865 1224 1947 perfectionem

92 1968 388 2052 plenitudinemque
433 1968 581 2049 iustitiae,
627 1970 663 2031 ut
700 1986 737 2032 ec
771 1971 879 2051 postea
915 1973 1098 2032 saturemur.
1144 1973 1224 2034 unde

92 2072 241 2137 dominus
258 2071 289 2135 in
306 2071 476 2153 euangelio,
493 2088 565 2134 cum
581 2070 722 2135 dixisset:
739 2071 865 2135 nolite
880 2072 1005 2137 fecere
1023 2072 1224 2136 iustitiam

92 2176 269 2239 uestram
302 2190 430 2239 coram
466 2173 708 2251 hominibuS,
747 2177 788 2237 ut
821 2173 1038 2239 uidecmini
1070 2176 1115 2239 ab
1153 2177 1223 2251 eis,

93 2297 134 2342 ne
166 2279 266 2341 istum
303 2277 442 2341 nostrum
472 2295 596 2340 cursum
626 2276 685 2340 fine
715 2275 866 2339 humanae
893 2276 1009 2360 gloriae
1032 2279 1222 2353 metiremur,

93 2397 158 2444 non
180 2386 229 2443 est
251 2381 284 2442 in
308 2378 495 2460 expositione
518 2377 657 2442 iustitiae
680 2379 774 2458 ipsius
797 2381 939 2442 executus
963 2379 1023 2442 nisi
1054 2379 1117 2443 tria
1144 2379 1222 2443 ista:

92 2484 259 2560 ieiunium,
297 2484 500 2566 elemosynas,
535 2483 694 2557 orationes,
739 2482 855 2545 ieiunio
889 2481 1011 2545 scilicet
1044 2482 1221 2546 uniuersam

91 2587 230 2668 corporis
253 2586 488 2670 castigationem
511 2584 700 2669 significans,
736 2585 919 2667 elemosynis
949 2603 1072 2650 omnem
1096 2585 1221 2650 beniuo-

90 2690 226 2756 lentiam
250 2692 280 2753 et
305 2689 549 2753 beneficientiam
573 2688 623 2751 uel
641 2687 734 2751 dandi
750 2687 799 2750 uel
820 2688 1008 2771 ignoscendi,
1032 2691 1063 2752 et
1085 2689 1222 2751 oratione¹

90 2794 255 2858 insinuans
286 2811 392 2857 omnes
422 2794 543 2874 regulas
573 2792 675 2855 sancti
697 2790 849 2867 desiderii,
880 2793 916 2855 ut
946 2791 1089 2872 quoniam
1113 2790 1146 2852 in
1171 2808 1221 2854 ca·

90 2896 264 2979 stigatione
287 2895 420 2976 corporis
443 2894 582 2959 frenatur
610 2893 869 2976 concupiscentia,
899 2912 975 2976 quae
1002 2911 1061 2957 nou
1094 2893 1219 2967 frenari,

91 2999 148 3063 sed
172 2996 299 3062 omnino
322 3016 387 3061 esse
411 3016 470 3060 non
491 2998 583 3062 debet
598 3015 655 3061 nec
672 2997 730 3060 erit
747 2996 780 3059 in
795 2995 848 3060 illa
864 2997 1052 3076 perfectione
1068 2996 1219 3069 iustitiae,

91 3102 148 3166 ubi
171 3101 295 3164 nullum
318 3101 377 3165 erit
400 3101 523 3165 omnine
542 3103 713 3183 peccatum,
732 3103 763 3163 et
778 3116 867 3180 saepe
883 3097 914 3162 in
932 3118 989 3164 usu
1004 3117 1108 3163 rerum
1125 3098 1220 3162 etiam

92 3222 308 3271 concessarum
330 3207 422 3285 atque
444 3204 600 3268 licitarum
623 3204 736 3267 exserit
759 3202 1045 3267 immoderationem
1066 3220 1164 3275 suam,
1188 3202 1219 3264 in

91 3310 162 3390 ipse
185 3326 258 3372 uera
280 3307 501 3385 beneficientie,
531 3326 590 3389 qua
619 3308 718 3371 iustus
742 3307 875 3370 consulit
897 3306 1044 3388 proxime,
1068 3304 1219 3387 quaedam

91 3411 172 3477 fiunt
195 3428 274 3493 queo
295 3409 409 3493 obsint,
434 3428 504 3474 cum
526 3409 670 3492 prodesse
692 3410 802 3493 putata
824 3409 896 3487 sint,
926 3412 957 3471 et
977 3406 1143 3489 aliquando
1167 3425 1220 3488 per

92 3514 310 3579 infirmitatem
340 3514 401 3592 uel,
430 3533 501 3577 cum
523 3513 626 3576 minus
656 3512 808 3576 sufficitur
830 3510 1064 3576 necessitatibus
1087 3509 1218 3574 aliorum

195 3683 257 3738 def.
270 3683 299 3738 11
312 3683 371 3737 Cor.
385 3684 409 3747 5,
421 3683 438 3736 6
449 3699 486 3751 sq.
562 3683 667 3736 fRom.
682 3685 704 3747 1,
719 3682 751 3735 17
764 3682 855 3747 (Abeo.
868 3683 892 3749 2,
905 3682 932 3749 4)
1008 3682 1041 3736 16
1052 3680 1151 3736 Metth.
1164 3682 1189 3747 6,
1205 3682 1217 3735 1

140 3839 157 3893 5
182 3838 237 3893 ista
255 3838 323 3893 PV:
352 3838 411 3907 ipsc
428 3856 446 3892 c
549 3840 566 3892 8
589 3854 659 3893 nunc
678 3838 711 3891 V:
740 3841 830 3891 nostru
853 3837 890 3891 Ρι
918 3840 984 3891 tunc
1001 3835 1066 3890 add.
1085 3836 1122 3890 Ρ*
1142 3852 1220 3905 supr.

90 3941 162 3981 uero.
268 3925 297 3979 ll
319 3941 349 3978 ex
366 3925 444 3980 corde
466 3924 501 3978 V:
531 3933 605 3978 etex
624 3925 700 3977 corde
721 3923 775 3979 GP
878 3923 1006 3992 faciendo]
1026 3922 1091 3976 add.
1112 3924 1149 3977 1²²

91 4010 123 4066 12
140 4010 258 4065 scnel':
287 4028 336 4066 sue
353 4012 380 4066 P
470 4010 500 4064 18
517 4009 570 4063 fine
590 4010 653 4066 GP:
681 4009 731 4063 fldc
748 4010 774 4063 V
855 4010 890 4063 20
908 4010 1005 4062 ieiunio
1023 4008 1059 4061 V:
1086 4008 1219 4062 ieiunium

89 4096 117 4151 Ρ
217 4096 251 4151 21
275 4097 489 4151 beneuolentiem
515 4098 569 4151 GP
670 4096 704 4150 22
731 4095 933 4150 beneficentiam
962 4095 1017 4150 GP
1118 4095 1152 4148 23
1178 4096 1217 4161 ut]

87 4182 230 4238 monum
247 4181 378 4251 cilicium
405 4182 440 4249 cf.
460 4182 543 4251 Cypr.
553 4199 581 4250 p.
596 4186 686 4248 sled
705 4182 746 4234 ed.
764 4182 867 4236 Hartel
958 4181 991 4234 27
1009 4180 1114 4249 exserit]
1133 4183 1219 4233 exerit

87 4267 126 4323 1³³
153 4267 250 4322 exierit
268 4268 337 4323 ΡΨ
439 4267 473 4322 28
491 4266 664 4322 beneficentia
684 4267 737 4321 ΟΡ
