2760 4814
1102 552 1203 601 xxvn

43 738 83 783 ex
108 736 173 783 sno
201 718 375 800 exemplsri
396 736 492 800 supro
514 721 672 796 scriberet,
696 719 788 803 idque
811 720 887 786 fecit
909 724 993 787 omni
1015 722 1129 788 iudicio
1151 726 1199 790 itu

46 842 190 908 prorsus
214 823 399 899 destitutus,
424 826 460 888 ut
483 824 566 889 hsud
583 843 650 888 raro
665 824 745 890 false
767 827 799 888 st
820 842 966 908 peruersa
984 843 1037 906 pro
1053 826 1196 908 genuinis

49 926 235 1009 scripturis
260 944 323 990 non
345 925 517 991 intellectis
539 925 755 992 substitueret.
779 927 879 991 multo
893 930 998 991 sutem
1020 927 1196 1011 religiosius

52 1049 129 1093 rem
158 1049 254 1094 susm
286 1029 367 1093 ulter
396 1032 551 1095 corrector
581 1030 689 1112 gessit,
720 1031 771 1112 qui
799 1029 914 1094 librum
939 1030 1037 1093 denno
1060 1035 1198 1096 tractem

53 1133 204 1196 correxit
226 1132 390 1213 mnltuque
412 1130 495 1195 inter
517 1133 614 1197 lineas
637 1136 669 1196 et
690 1133 723 1196 in
739 1130 932 1214 marginibus
948 1133 1122 1197 ednotunit.
1144 1135 1196 1215 qni

54 1237 98 1299 de
123 1253 188 1299 sus
210 1240 243 1298 et
266 1237 375 1317 prioris
396 1237 576 1300 correctoris
599 1253 691 1316 opere
710 1234 800 1298 initio
816 1234 898 1310 libri,
923 1235 954 1298 in
971 1235 1113 1317 margine
1129 1233 1196 1300 folii

59 1344 90 1402 1⁷
115 1339 279 1418 inferiore,
313 1336 389 1402 bueo
421 1339 597 1403 ednotuuit:
626 1338 761 1402 Librum
783 1337 866 1402 bunc
890 1338 1040 1418 inprimis
1062 1338 1196 1420 scriptor

56 1442 257 1503 attinuerat.
275 1443 388 1520 posteo
410 1460 481 1503 enrn
502 1439 598 1503 etiarn
612 1440 744 1522 qnidam
758 1441 854 1521 qnasi
868 1443 1022 1505 corrector
1035 1440 1195 1522 deprana-

55 1547 168 1607 ueras.
205 1561 263 1604 nos
283 1545 387 1606 auten
409 1541 607 1625 singulorum
628 1542 841 1624 capitulorum
858 1544 1051 1624 requirentes
1066 1542 1194 1621 reims,

58 1646 256 1726 ubicumque
271 1645 444 1726 potuimus,
467 1664 547 1726 quae
568 1646 702 1709 saniora
717 1645 908 1710 situantur
925 1647 972 1709 ita
987 1646 1069 1710 iussi
1084 1665 1194 1727 super·

56 1747 268 1828 scripsimus.
290 1749 438 1810 nentrum
460 1750 564 1810 aniene
587 1749 727 1828 ipsorum
749 1748 937 1829 abrasimus,
960 1752 996 1812 nt
1010 1747 1103 1813 kotbr
1116 1749 1194 1830 qnid

60 1852 161 1916 mciii
187 1850 299 1934 eligere
312 1848 430 1915 roomo
460 1849 515 1914 iiie
528 1851 612 1913 enirn
621 1852 767 1933 piurima
784 1851 1012 1916 inconsiderate
1027 1849 1193 1929 deteneat,

59 1975 146 2037 quare
169 1974 228 2017 nos
251 1954 373 2031 iterum,
396 1957 431 2016 ut
445 1952 551 2016 utam
565 1958 618 2031 est,
632 1955 864 2037 asscripsinrus.
888 1974 923 2019 en
940 1955 1050 2037 quibus
1065 1957 1192 2037 apparot

62 2077 177 2122 omnes
206 2058 406 2131 conemurus,
435 2076 512 2140 quoe
542 2057 620 2123 rusis
641 2059 746 2123 uerbis
769 2079 788 2125 a
810 2059 935 2124 librario
958 2058 1084 2140 scriptis
1106 2062 1192 2122 ortes

62 2168 151 2235 sunt,
177 2181 195 2224 e
218 2179 313 2224 menn
335 2162 356 2226 2
376 2161 529 2244 proiectus
558 2180 633 2245 esso,
667 2163 700 2226 id
723 2163 803 2244 qnod
826 2163 865 2226 ud
888 2161 1102 2226 diiudicandus
1124 2177 1192 2225 cor·

63 2278 208 2328 rectum
246 2264 317 2328 libri
340 2267 367 2332 G
391 2283 451 2329 non
473 2265 561 2347 perui
584 2267 732 2330 momenti
763 2269 821 2346 est,
850 2283 919 2330 cnm
951 2284 987 2328 cx
1009 2264 1189 2328 litterarum

64 2367 214 2432 dmtibns
239 2371 270 2429 et
292 2367 392 2431 calore
421 2368 588 2432 atramenti
615 2386 846 2450 nonnumquam
870 2386 979 2431 munus
1003 2367 1189 2432 difficillimo

64 2471 291 2535 discernuntur.
320 2472 478 2552 prostaret
499 2471 653 2535 sniucitur
677 2474 863 2536 correcturas
880 2491 920 2534 m.
945 2470 965 2534 3
991 2490 1052 2535 non
1080 2490 1115 2535 sn
1131 2471 1189 2534 ali·

65 2593 127 2654 quo
150 2573 258 2637 codice
282 2574 500 2656 Excerptorum
524 2575 677 2657 Eugippii
706 2579 758 2641 sed
782 2595 817 2639 ex
841 2575 997 2640 codicibus
1018 2573 1189 2657 Augustini

65 2676 142 2758 ipsis
175 2675 291 2759 petitos
318 2695 395 2740 esse.
429 2696 522 2758 quero
551 2681 742 2743 correcturas
765 2678 895 2743 ulterius
920 2677 1104 2742 correctoris
1127 2675 1191 2741 fere

65 2779 184 2860 ubique
207 2779 339 2860 neglexi,
360 2780 421 2844 uisi
442 2782 467 2844 si
490 2780 595 2845 nullus
611 2781 756 2863 Ilngippii
772 2780 866 2846 codex
882 2799 989 2846 senum
1005 2779 1191 2862 scripturum

66 2900 209 2946 seronem
242 2882 415 2946 uidebatur.
449 2883 488 2947 ab
511 2883 684 2947 heumann
708 2884 728 2948 3
756 2891 918 2965 praetereo
940 2885 1022 2946 inter
1046 2884 1144 2947 lineus
1159 2888 1191 2947 ot

66 2985 96 3048 in
118 2983 316 3065 marginibus
344 2984 480 3066 plurime
508 2991 693 3068 arguments
714 2992 807 3069 etque
831 2987 1109 3069 interpretamenta
1136 2989 1190 3052 ad·

66 3088 146 3152 ioctn
173 3088 267 3152 sunt:
297 3107 376 3169 quse
396 3088 577 3172 plerumque
600 3089 724 3155 silentio
748 3092 907 3173 praeterii,
931 3109 1001 3155 cum
1023 3090 1061 3153 ad
1085 3109 1190 3154 emen·

67 3191 169 3254 tsnds
203 3189 302 3254 nerbs
328 3190 496 3274 Augustini
525 3193 643 3257 nullius
672 3195 821 3258 momenti
849 3195 923 3258 sint.
960 3193 1046 3258 uelut
1075 3194 1113 3257 ad
1137 3192 1190 3271 69,

66 3301 104 3364 21
130 3301 209 3365 boec
238 3301 412 3368 ednotsuit:
441 3302 552 3368 Inous
579 3303 716 3369 leoncius
748 3305 945 3370 marrdnoore
976 3307 1063 3368 sertrn
1097 3303 1193 3398 tegern

67 3418 203 3485 taam
229 3425 307 3499 erat
330 3424 477 3488 marinas
501 3424 637 3506 quiden
664 3407 735 3490 nris
763 3426 900 3489 maiores
921 3430 949 3488 et
971 3426 1189 3491 nescibiiiores.

67 3542 162 3604 aiunt
182 3543 281 3606 etiam
302 3543 433 3623 qnidam
455 3543 590 3609 bursas
612 3544 687 3609 arba
708 3548 738 3610 et
757 3546 826 3610 ideo
847 3544 982 3610 lacunas
996 3546 1098 3610 dietas
1112 3547 1190 3627 qnia

68 3698 190 3759 notura
211 3695 258 3759 eis
278 3697 321 3760 sit
340 3696 395 3761 nbi
416 3718 503 3763 nnnc
527 3659 762 3766 interimere
782 3701 827 3766 rbi
848 3702 892 3766 aci
913 3703 1029 3768 iternrn
1050 3703 1194 3768 inueniri

69 3815 119 3879 ar
141 3816 180 3878 iro
195 3816 345 3897 proxim
366 3817 473 3902 atiquo
495 3819 576 3905 loco;
598 3821 696 3885 etita
717 3822 861 3886 saliendo
883 3824 920 3913 de
942 3824 1006 3888 ioco
1028 3824 1071 3887 ari
1093 3822 1193 3888 lorum

68 3927 146 3989 oriri
178 3927 440 4007 qnmndmodum
471 3931 598 3997 noeais
631 3933 825 3999 animalibus
851 3955 916 3999 noos
944 3941 988 4000 est
1017 3939 1046 3998 et
1072 3938 1192 4000 natura

71 4027 197 4092 anne.
223 4032 472 4110 monimini
492 4035 598 4117 ntique
623 4037 755 4117 saporis,
777 4038 858 4102 siem
879 4059 900 4100 a
916 4041 1073 4121 plurimis
1096 4041 1192 4105 andi·

71 4132 183 4205 sinus,
213 4132 270 4213 geri
297 4152 351 4198 cas
372 4133 409 4198 in
430 4134 548 4200 deserto
569 4137 734 4221 Iordanis,
758 4141 812 4205 nbi
833 4139 1029 4223 habundant,
1051 4141 1190 4207 mandu-

71 4253 150 4299 oosse
182 4254 215 4298 se
246 4235 398 4302 amboni.
435 4237 630 4308 discortieote
664 4244 884 4327 (deconioatae
917 4245 967 4310 uel
1001 4246 1192 4311 asinatae

72 4336 148 4418 tort)
171 4337 259 4400 Μ’*
272 4336 303 4401 ⁸5
317 4338 557 4420 manducentur,
579 4347 679 4415 mauis
692 4365 838 4432 saporem
851 4352 1008 4433 prestant,
1032 4353 1066 4412 ut
1088 4349 1191 4414 aiunt.

71 4445 138 4502 uer
158 4444 267 4504 oedem
294 4441 351 4521 cni
372 4439 547 4506 lobannem
566 4448 645 4530 rionis
664 4457 804 4544 panium
831 4453 1010 4534 opinentur.
1047 4455 1101 4519 seri
1122 4453 1192 4518 Au·
