2760 4814
448 465 690 534 Eroerptorum
714 467 876 536 capitula.
1187 471 1232 539 25

86 653 314 722 ccxxnnr.
342 653 416 720 256.
446 655 609 736 Quomodo
643 657 678 720 lu
711 654 855 722 trinitate
885 656 918 721 et
942 660 1033 740 pater
1061 659 1100 724 ad
1129 658 1231 725 filium

196 756 388 841 prineipium
410 759 454 824 sit
475 759 509 823 et
528 760 620 841 pater
642 761 674 824 et
696 758 780 824 lilius
802 763 841 826 ud
863 760 1011 843 spiritum
1033 765 1185 829 sanctum.

86 876 277 944 GCXXXV.
305 877 379 945 257.
411 876 571 957 Quomodo
600 878 635 944 in
663 880 777 963 spiritu
805 881 911 946 saneto
940 882 1036 948 etiam
1060 887 1229 967 antequam

197 981 327 1046 duretur
350 983 449 1064 possit
471 982 544 1049 doni
567 1001 681 1049 nomen
704 985 857 1067 intellegi.

64 1082 291 1151 sccmvl.
320 1084 394 1152 258.
428 1085 476 1151 Ι)6
506 1086 771 1170 appellationibus
804 1088 955 1167 relatiuis,
990 1106 1068 1172 quae
1097 1108 1158 1156 nou
1189 1095 1228 1158 ad

197 1188 302 1268 deum¹
331 1189 387 1254 sed
416 1189 456 1254 ad
485 1192 660 1256 creaturum
684 1189 864 1256 referendae
886 1192 969 1274 suut,
1000 1192 1148 1275 quoniam
1171 1195 1227 1261 deo

197 1291 281 1357 nihil
305 1291 430 1358 suddit.
1020 1314 1023 1321 ’

88 1393 312 1462 ocxxxvn.
335 1394 409 1462 259.
433 1395 480 1460 De
501 1395 631 1478 spiritus
653 1397 753 1462 saneti
775 1394 899 1461 unitate
915 1415 987 1462 oum
1002 1396 1090 1480 patre
1106 1401 1137 1463 et
1152 1397 1228 1464 filio.

89 1514 327 1582 CCXXXVHI.
350 1514 422 1582 260.
453 1517 499 1582 De
527 1516 593 1582 solo
621 1518 677 1583 deo
706 1535 780 1583 uero
808 1521 897 1601 patre
920 1520 951 1582 et
973 1515 1039 1584 filio
1063 1521 1094 1583 66
1116 1517 1229 1601 spiritu

58 1642 83 1680 o
197 1620 316 1685 sancto.
578 1664 581 1669 <

90 1720 340 1789 ocxxxvrm.
363 1721 437 1786 261.
472 1723 519 1788 De
547 1742 582 1790 eo
611 1721 693 1807 quod
722 1723 880 1806 apostolus
908 1721 995 1801 dicit,
1024 1722 1129 1788 uirum
1160 1739 1228 1788 esse

197 1825 371 1909 imaginem
394 1824 452 1904 dei,
476 1826 642 1891 mulierem
664 1826 771 1892 autem
794 1825 928 1910 gloriam
950 1825 1022 1891 uiri.

92 1927 208 1994 CCXL.
233 1927 305 1993 262.
329 1927 449 2008 Quibus
471 1929 687 2013 progressibus
710 1948 799 1994 mens
814 1930 1022 2013 corporalium
1039 1949 1145 1995 rerum
1169 1947 1228 1994 usu

196 2034 232 2095 66
253 2032 389 2116 imagine
417 2030 575 2098 delectata
599 2031 638 2098 ab
663 2036 860 2098 aeternorum
889 2031 1150 2114 contemplatione
1173 2034 1229 2098 de·

63 2162 85 2201 u
195 2132 295 2199 ficiat

92 2236 228 2304 OEXLI.
250 2237 323 2302 266.
346 2236 428 2319 Quid
451 2238 646 2320 disputatum
670 2238 783 2323 quidue
797 2238 839 2305 sit
855 2238 1115 2320 comprehensum
1131 2237 1228 2303 ratio·

196 2340 351 2405 cinatione
373 2340 537 2407 librorum.

93 2442 245 2510 coxon.
270 2442 343 2510 264.
378 2444 424 2509 De
452 2445 559 2509 saneto
586 2444 710 2527 spiritu,
745 2444 798 2528 qni
827 2444 910 2527 patri
939 2445 971 2508 et
998 2443 1063 2508 lilio
1086 2442 1226 2526 aequalis

197 2548 350 2630 aecipitur
373 2546 405 2611 et
426 2547 589 2631 utriusque
611 2548 742 2631 spiritus
757 2548 874 2615 dieitur
888 2548 920 2613 66
935 2546 1080 2611 ueritatis
1100 2545 1225 2611 nomine

62 2680 87 2720 a
198 2649 406 2734 intellegitur,
429 2670 501 2717 oum
516 2652 675 2734 quaelibet
693 2651 726 2717 iu
742 2652 884 2718 trinitate
899 2665 1028 2735 persona
1041 2651 1082 2714 sit
1098 2649 1221 2715 oaritas.

93 2771 262 2840 comm.
285 2773 359 2840 265.
382 2774 429 2839 De
451 2774 695 2860 interrogatione
712 2773 861 2841 haeretiei
885 2777 992 2841 eontra
1013 2789 1064 2838 eos
1085 2770 1139 2855 qui
1155 2769 1226 2835 uui-

197 2877 342 2960 genitum
375 2877 426 2944 dei
455 2897 517 2944 nou
550 2878 697 2960 pateruae
730 2876 937 2951 substantiae,
972 2877 1026 2942 sed
1055 2875 1227 2941 uoluntatis

200 2980 301 3047 lilium
324 2999 388 3048 esse
410 2981 568 3049 diuerunt.

202 3082 286 3168 [266.
320 3085 395 3151 Tria
426 3087 602 3169 quaesunt
629 3083 663 3150 iu
691 3082 827 3168 imagine
849 3083 909 3163 dei,
941 3081 973 3147 id
996 3083 1045 3147 est
1067 3080 1228 3162 memoria,

200 3188 379 3255 intellectus
402 3192 434 3254 et
456 3207 554 3274 emor,
581 3187 675 3254 unius
703 3205 769 3254 esse
797 3203 954 3272 personae,
985 3189 1059 3270 quia
1087 3203 1149 3251 non
1171 3186 1230 3250 hoo

202 3295 250 3357 est
271 3291 301 3356 ei
323 3310 387 3357 esse
410 3291 492 3375 quod
512 3292 589 3358 lraeo
609 3290 744 3378 habere]

201 3408 286 3499 [261.
311 3409 412 3492 Quam
433 3430 508 3479 uera
529 3413 562 3478 in
584 3413 634 3479 dei
656 3410 801 3478 trinitate
824 3410 927 3476 unitas
942 3411 975 3474 et
989 3426 1083 3493 quam
1099 3426 1175 3474 uera
1196 3407 1231 3475 in

200 3513 342 3579 eiusdem
365 3515 488 3581 unitate
511 3514 556 3581 sit
577 3511 729 3601 trinitas}

99 3615 284 3684 ocxtull.
306 3616 379 3684 268.
403 3615 467 3684 Gor
489 3617 536 3686 bis
559 3617 652 3683 datus
674 3615 719 3682 sit
739 3615 868 3700 spiritus
890 3616 1032 3681 sanetus.

68 3736 244 3807 noem
266 3737 341 3807 269.
372 3737 454 3822 Quid
476 3738 612 3821 quodam
635 3754 776 3803 sermone
798 3734 838 3801 ad
860 3734 1012 3818 populum
1034 3733 1230 3818 disputatum

202 3845 245 3909 sit
265 3843 306 3908 de
326 3839 505 3906 differentia
526 3838 738 3925 generationis
760 3837 820 3903 tilii
836 3838 868 3904 et
882 3835 1085 3920 prooessiouis
1100 3835 1232 3918 spiritus

102 3948 351 4114 ccxffioglw
372 4045 463 4127 Quod
478 4046 580 4113 omnis
596 4047 736 4113 doctrina
750 4043 802 4110 uel
817 4062 921 4111 rerum
936 4041 978 4108 sit
993 4043 1045 4108 uel
1060 4041 1231 4126 signorum,

203 4152 236 4214 et
256 4167 306 4215 res
327 4167 388 4233 qua
409 4149 579 4217 fruendum
602 4154 649 4216 est
670 4152 713 4219 sit
736 4150 814 4215 deus
836 4148 973 4241 trinitus.

155 4400 460 4458 omaoetutosar
558 4401 852 4479 sommam
