2760 4814
205 259 269 329 462
690 257 854 338 Eueinuii

206 448 347 532 egerunt,
379 449 525 530 queniam
554 449 637 513 mele
659 449 819 526 uixerunt3
852 447 934 514 maie
958 447 1061 514 auum
1084 447 1240 531 aixerunt,
1264 449 1338 533 quia

205 549 237 621 iu
260 551 362 635 prima
391 569 471 634 quae
502 568 584 615 nune
615 552 663 618 esi
686 551 859 617 animarum
883 550 1109 616 resurreetione
1130 570 1191 617 neu
1214 551 1336 618 reuiue-

206 655 280 719 runt
311 657 367 718 aut
400 653 433 717 in
464 672 499 718 eo
528 654 610 737 quod
644 652 823 719 reuixerunt
852 670 912 719 non
941 657 973 719 in
1000 653 1095 720 finem
1123 673 1221 738 usque
1244 674 1335 722 man·

204 759 321 824 serunt.
360 758 442 823 sieut
472 776 545 842 erge
577 758 655 822 duae
685 757 760 822 eunt
785 757 1046 839 regenerationes,
1077 757 1115 825 de
1137 756 1249 840 quibus
1271 759 1334 825 iam

204 879 297 948 supra
325 861 449 928 loeutus
478 881 557 941 sum,
589 879 652 927 una
680 858 853 926 seeundum
881 858 985 938 fidem,
1016 879 1093 947 quae
1116 878 1200 927 nune
1222 859 1261 930 fir
1281 878 1367 945 pere

204 962 406 1046 baptismum,
436 963 500 1030 alia
529 962 699 1031 seeundum
729 981 863 1039 earnem,
894 981 972 1045 quae
1001 964 1057 1029 fiet
1087 963 1119 1028 in
1142 961 1209 1029 eius
1230 963 1334 1031 ineur-

204 1066 348 1149 ruptione
381 1070 476 1149 neque
507 1064 747 1135 immortalitate
780 1084 836 1148 per
868 1064 1019 1131 iudicium
1054 1083 1203 1148 magnum
1238 1068 1332 1149 atque

204 1171 425 1236 nouissimum:
460 1169 508 1241 iu
537 1172 670 1235 suntet
699 1168 937 1234 resurreetiones
967 1169 1059 1235 duee:
1090 1186 1153 1234 uua
1175 1167 1280 1250 prima
1302 1173 1334 1233 et

203 1292 285 1340 nune
317 1274 367 1339 est
399 1279 432 1337 et
465 1273 642 1338 animarum
676 1276 734 1350 est,
768 1290 846 1357 quae
880 1271 988 1337 uenire
1021 1288 1083 1338 nen
1116 1270 1275 1359 permittit
1303 1274 1333 1338 in

203 1380 336 1445 mertem
369 1374 554 1454 secundam
591 1375 655 1440 alia
688 1373 833 1453 secunda,
872 1390 950 1459 quae
987 1391 1049 1440 nen
1081 1391 1173 1453 nune,
1211 1374 1264 1441 sed
1299 1373 1334 1440 in
1344 1403 1368 1444 ιο

202 1478 321 1549 seeeuli
342 1477 403 1543 fine
425 1476 532 1547 futura
553 1478 611 1558 esi,
636 1496 692 1545 nee
714 1478 900 1554 animarum,
921 1476 975 1543 sed
994 1480 1228 1561 cerneremur,
1253 1495 1333 1560 quae

201 1600 256 1665 per
277 1581 426 1649 ultimum
449 1580 601 1647 iudieium
617 1568 694 1649 ali'os
718 1580 822 1647 muru
842 1581 876 1651 iu
895 1582 1062 1651 secundam
1083 1582 1228 1658 mertem,
1254 1581 1334 1648 alios

201 1685 235 1750 in
257 1703 329 1751 eam
350 1684 461 1760 uitam,
485 1701 564 1766 quae
581 1701 642 1749 nen
664 1681 758 1749 hebet
778 1676 922 1753 moriem.

684 1903 844 1991 cxxvi

201 2077 247 2126 nx
268 2077 374 2127 amno
395 2078 442 2126 nn
465 2076 624 2127 omnm
646 2076 706 2125 unu
728 2078 786 2125 xx.
816 2078 863 2125 nn
885 2076 1021 2128 uvisve
1043 2078 1369 2132 saevissumum-u

568 2182 632 2231 svs
657 2182 701 2230 nr
716 2158 828 2229 ‘menn
850 2179 963 2229 Aruns.

129 2295 191 2361 142
243 2300 361 2369 Dahis
389 2299 509 2381 duabus
537 2301 820 2383 resurreeiieuibus
848 2301 933 2367 idem
956 2300 1111 2369 Iohannes
1134 2302 1332 2390 euangelista

198 2404 234 2469 in
265 2403 354 2484 libre,
389 2404 443 2489 qui
477 2404 594 2472 dieitur
620 2404 833 2490 Apoealypsis,
867 2421 902 2471 ee
931 2404 1023 2472 mode
1052 2405 1177 2473 loeutus
1204 2406 1262 2492 esi,
1296 2409 1333 2475 ut

199 2524 307 2576 earum
328 2505 429 2590 prima
444 2524 463 2570 a
477 2508 667 2592 quibusdam
691 2509 806 2575 nestris
822 2524 881 2575 nen
905 2505 1070 2576 intellecta
1091 2512 1217 2597 insuper
1233 2510 1331 2578 etiam

198 2610 231 2676 iu
255 2611 405 2694 quasdam
429 2611 576 2681 ridiculae
607 2613 732 2680 fabulas
753 2613 939 2678 uerteretur.
978 2614 1023 2679 aii
1054 2601 1167 2698 quippe
1194 2614 1228 2679 in
1251 2615 1365 2682 libres·

198 2716 370 2781 memerato
392 2714 547 2783 Iohannes
578 2716 752 2799 apostolus:
785 2719 823 2781 eb
853 2714 936 2782 uidi
963 2716 1147 2802 angelum
1169 2718 1331 2785 deseen-

198 2819 356 2884 deniem
378 2818 423 2884 de
445 2820 568 2901 eaelo,
596 2820 807 2887 habentem
829 2820 979 2887 elauem
1007 2819 1140 2904 abyssi
1163 2824 1201 2885 et
1224 2825 1330 2890 eate-

198 2937 284 2991 uum
314 2920 354 2989 in
385 2938 499 2987 manu
528 2939 607 2987 sue.
648 2925 685 2987 et
716 2919 848 2987 renuis
875 2921 1089 2987 draconem
1110 2921 1228 2989 illum
1250 2929 1330 2991 ser·

197 3028 357 3109 pentem
386 3023 611 3108 antiquum,
643 3023 709 3107 qui
731 3026 1036 3109 cognominatus
1060 3026 1118 3090 est
1140 3010 1358 3094 diabolus'

197 3130 236 3193 et
265 3132 438 3195 satanae.
481 3128 676 3213 alligauit
708 3126 823 3193 illum
854 3127 970 3193 mille
1001 3127 1116 3195 annis
1146 3129 1186 3194 et
1217 3131 1362 3198 misitne

197 3229 316 3297 illum
338 3230 378 3296 in
399 3233 579 3316 abyssum
600 3233 638 3296 et
660 3230 807 3296 elausit
829 3232 869 3299 et
890 3230 1072 3315 signauit
1093 3251 1210 3319 super
1233 3252 1330 3320 enm,

300 3417 332 3470 21
353 3417 435 3486 Aper.
452 3416 496 3485 20,
516 3417 598 3486 leqq.

248 3588 264 3641 1
280 3589 407 3656 quoniam
425 3588 495 3643 maie
513 3587 606 3644 TW:
632 3604 657 3657 q.
676 3589 748 3645 mala
764 3589 791 3642 u¹
881 3591 977 3658 ineat
994 3590 1212 3649 reuixernntrer.
1225 3599 1259 3651 11
1270 3596 1331 3662 fere

194 3671 338 3728 ΜΛΝ
430 3674 619 3730 3reuixernnt
637 3673 719 3730 PVu:
747 3677 991 3731 resurrexeruntT
1076 3677 1191 3734 eudem
1204 3679 1260 3737 Te:
1278 3682 1330 3738 fide

200 3758 226 3812 V
306 3757 339 3813 10
350 3775 422 3815 nune
436 3760 502 3816 TV:
519 3777 590 3817 nune
601 3764 672 3817 mun
755 3762 991 3818 annuntiare:
1010 3763 1143 3819 miraeus
1221 3769 1256 3822 14
1268 3785 1330 3839 sap.

196 3842 970 3912 cmmlrcxullpuxume;num.om.e
1058 3848 1332 3911 15xxm2n

195 3929 279 3985 situle
297 3930 352 3986 VII
373 3931 414 3988 Ta
501 3934 534 3989 18
550 3934 716 4003 apeaelypsie
735 3935 793 4003 (ys
804 3935 916 3988 nasu
927 3937 995 4002 ree.)
1015 3935 1041 3991 T
1063 3936 1260 4006 epoeeupsiee

193 4014 230 4069 20
246 4018 397 4072 uertuetnr
414 4033 445 4071 ne
473 4022 642 4075 uerterentnr
660 4018 766 4076 MTVr
856 4020 1108 4079 aldenardensem
1129 4022 1184 4078 TV
1185 4042 1193 4076 r
1221 4025 1332 4085 deseen-

82 4126 85 4131 ·
194 4099 289 4157 dene
373 4102 529 4159 auclabem
545 4103 610 4160 MV
694 4102 946 4162 28draehenemV
1028 4107 1157 4165 auruum
1173 4109 1241 4168 TV:
1268 4130 1333 4173 euin

194 4199 212 4242 v
303 4187 337 4242 26
356 4188 455 4243 elausit
476 4187 529 4244 Vn:
555 4189 637 4245 elusit
657 4191 683 4245 T
782 4207 845 4250 euru
866 4192 930 4248 TV:
956 4193 1069 4251 illume
