2760 4814
290 340 456 411 Excerpta
473 356 510 396 ex
527 357 597 413 opp.
615 340 642 397 S.
659 342 848 411 Augustini
869 342 1019 401 CCCXXX.
1136 344 1219 414 1051

87 547 153 597 non
176 530 311 615 iubetur,
334 534 535 614 extorquent:
562 532 608 596 ita
628 549 862 616 nonnumquam
885 532 961 598 mali
984 533 1146 600 obustiani
1168 534 1221 599 uei

87 633 281 701 sebbmatiei
314 636 367 700 nel
395 634 546 700 haeretici
577 653 632 718 per
665 653 779 701 nomen
806 633 924 702 Christi
952 639 1009 701 aut
1040 636 1137 701 uerba
1166 641 1222 701 ant

87 736 286 803 aeramenta
316 738 484 805 christiana
514 737 644 821 exigunt
675 738 793 821 aliquid
822 756 841 803 a
865 739 1086 822 potestatibus,
1110 739 1223 822 quibus

87 840 201 907 honori
224 839 343 907 Christi
366 842 473 907 cedere
496 840 651 907 indictum
673 845 731 906 eet.
770 859 843 906 eum
865 843 973 907 autem
996 842 1088 907 malis
1110 842 1221 909 iuben·

87 942 177 1009 tibus
199 943 362 1034 uoluntate
384 945 506 1024 mount,
530 945 569 1009 ad
585 943 775 1010 seducendos
790 943 931 1009 homines
947 943 1071 1028 cedunt,
1089 962 1221 1026 qnorum

87 1064 195 1112 errore
228 1047 394 1112 laetantur.
440 1049 627 1131 quapropter
659 1047 752 1113 aliter
783 1046 870 1130 magi
904 1046 1026 1112 faciunt
1059 1048 1221 1128 miracula,

87 1149 185 1214 aliter
205 1148 279 1215 boni
302 1148 475 1231 christiani,
498 1149 592 1215 aliter
615 1150 691 1215 mali
709 1149 886 1216 christiani:
909 1152 995 1233 magi
1010 1169 1066 1232 per
1080 1150 1221 1233 priuatos

87 1254 288 1332 eontractna‘
308 1252 381 1318 boni
404 1252 569 1318 christiani
592 1271 646 1335 per
668 1254 825 1336 publicam
848 1252 1015 1331 iustitiam,
1038 1253 1115 1318 mali
1137 1252 1220 1318 chri·

87 1353 184 1420 atiani
205 1374 260 1438 per
282 1357 372 1440 signa
393 1355 521 1438 publiea
541 1355 691 1422 iustitiae.
728 1374 784 1422 nec
814 1355 929 1421 mirum
960 1358 1017 1438 est,
1041 1356 1123 1438 quod
1145 1355 1223 1421 haee

87 1458 183 1542 signa
206 1459 322 1536 ualent,
347 1476 417 1524 oum
440 1459 478 1523 ab
502 1460 546 1524 eis
569 1458 769 1537 adhibentur,
792 1459 914 1541 quando
933 1459 1029 1525 etiam
1044 1477 1116 1524 cum
1131 1464 1237 1523 uenr·'

87 1564 202 1644 pantnr
225 1563 265 1627 ab
277 1562 440 1641 extraneis,
464 1561 518 1643 qui
534 1561 660 1627 omnino
676 1580 767 1628 suum
784 1579 894 1627 nornen
910 1560 950 1626 ad
964 1562 1059 1627 istam
1075 1560 1223 1627 militiam

87 1681 151 1730 non
162 1664 322 1743 dederunt,
335 1668 461 1748 propter
476 1664 625 1730 honorem
638 1669 745 1730 tamen
760 1664 1015 1731 excellentissimi
1026 1661 1224 1747 imperatorie

87 1767 207 1833 ualent.
245 1787 280 1833 er
304 1767 416 1848 quibus
439 1766 501 1832 fuit
524 1768 578 1832 ille
602 1768 640 1832 de
663 1786 723 1850 quo
746 1768 890 1850 discipuli
914 1768 1039 1834 domino
1053 1769 1224 1833 nuntiaue-

87 1874 173 1951 runt,
198 1871 279 1954 quod
302 1871 335 1934 in
358 1871 482 1935 nomine
501 1870 569 1936 eius
592 1871 705 1936 eiceret
727 1874 899 1951 daemonia,
922 1872 1066 1953 quamuis
1089 1889 1162 1936 eum
1177 1869 1222 1936 eie

87 1992 150 2039 non
188 1975 375 2057 sequeretur.
420 1994 492 2040 cum
529 1975 635 2040 autem
669 1993 729 2040 non
763 1977 877 2041 cedunt
910 1975 960 2040 his
994 1975 1092 2057 signis
1128 1972 1222 2038 huius

87 2076 176 2142 modi
205 2081 387 2160 potestates,
418 2079 493 2144 dens
523 2079 589 2161 ipse
620 2078 763 2160 prohibet
792 2078 922 2144 occultis
952 2079 1063 2159 modis,
1088 2095 1160 2143 oum
1189 2075 1222 2140 id
1256 2082 1259 2087 ’

87 2178 212 2244 iustum
245 2183 338 2262 atque
372 2183 450 2248 utile
484 2183 611 2249 iudicat.
646 2183 736 2268 (nam
767 2182 854 2247 nnllo
884 2183 976 2248 modo
1006 2182 1064 2247 ulli
1093 2180 1223 2264 spiritns

88 2281 225 2367 audent>
245 2284 322 2351 haec
336 2286 427 2370 signa
442 2286 656 2364 contemnum
679 2287 928 2351 contremescunt
949 2286 1033 2350 enim
1048 2283 1133 2367 haec,
1149 2282 1224 2348 ubi·

88 2402 225 2468 eumque
262 2386 317 2454 illa
346 2387 573 2471 conspexerint.
611 2388 665 2454 sed
695 2386 901 2454 nescientibus
930 2386 1111 2455 hominibus
1136 2382 1223 2449 aliud

90 2488 218 2554 iubetur
240 2488 392 2556 diuinitus
415 2489 467 2556 uel
491 2492 530 2556 ad
553 2491 783 2557 confundendos
806 2491 915 2568 malos,
939 2511 1011 2557 cum
1034 2509 1085 2555 eos
1100 2487 1224 2573 oportet

88 2588 249 2671 confundi,
272 2593 352 2658 sicut
375 2593 414 2659 de
426 2592 542 2659 Sceuae
564 2592 637 2658 filiis
653 2593 686 2658 in
701 2593 835 2659 Actibus
850 2594 1060 2676 apostolorum
1075 2591 1221 2675 legimus,

88 2692 207 2775 quibus
239 2695 285 2761 uit
317 2697 498 2762 immundus
530 2696 677 2779 spiritus:
712 2697 842 2761 Iesum
876 2697 956 2763 scio
979 2698 1024 2761 et
1053 2695 1224 2762 Paulum

89 2797 201 2882 noni3
229 2816 296 2864 uos
327 2805 461 2866 autem
491 2799 558 2882 qui
589 2798 709 2864 estis?
739 2800 790 2865 uel
821 2800 1030 2866 admonendos
1054 2798 1160 2876 bonos,
1186 2802 1223 2862 nt

88 2898 255 2983 proficiant
275 2902 307 2968 in
330 2900 402 2982 fide,
427 2904 521 2984 atque
543 2903 607 2967 ista
621 2920 682 2968 non
698 2902 860 2979 iactanter,
876 2901 930 2967 sed
947 2902 1069 2966 utiliter
1085 2900 1223 2982 possiut3

89 3003 143 3067 uel
165 3000 206 3067 ad
228 3004 433 3070 discernenda
454 3004 536 3079 dona
557 3004 771 3070 membrorum
792 3004 947 3081 ecclesiae,
963 3002 1048 3069 sient
1063 3002 1223 3086 apostolus

90 3102 188 3169 tioit:
230 3106 420 3189 numquid
457 3126 589 3173 omnes
625 3109 822 3174 uirtutes?
867 3109 1055 3190 numquid
1092 3122 1225 3170 omnes

90 3208 192 3274 riona
220 3208 370 3276 habent
398 3213 676 3277 curationum?
705 3212 832 3294 propter
854 3210 909 3277 has
932 3227 1003 3294 ergo
1027 3227 1137 3275 causas
1160 3206 1224 3291 pie

89 3329 234 3393 rumque,
256 3316 292 3377 ut
315 3312 438 3379 dietum
459 3317 518 3393 est,
541 3314 750 3379 nescientibus
773 3312 952 3379 hominibus
985 3312 1113 3377 iubetur
1140 3309 1224 3374 diui·

88 3413 191 3498 uitus,
224 3414 257 3481 id
290 3416 403 3480 estut
431 3416 481 3482 hia
509 3416 609 3500 signis
640 3415 790 3482 adhibitis
818 3414 912 3480 huius
941 3413 1026 3482 modi
1052 3414 1226 3497 potestates

88 3514 252 3585 uoluntati
274 3516 438 3583 hominnm
461 3537 523 3583 non
545 3518 772 3601 obtemperent.

135 3636 183 3703 Vt
203 3640 311 3703 autem
333 3637 409 3704 mali
432 3637 522 3702 bonis
543 3656 636 3721 saepe
651 3636 866 3720 temporaliter
882 3640 1022 3713 noceant,
1038 3635 1224 3716 potestatem

89 3740 127 3806 in
149 3757 202 3806 soe
225 3741 384 3823 accipiunt
405 3739 445 3806 ud
468 3739 617 3804 maiorem
640 3739 790 3804 bonorum
806 3738 980 3803 utilitatem
995 3739 1121 3820 propter
1135 3753 1222 3801 exer-

198 3924 358 3981 racemo.
376 3926 401 3993 9,
419 3925 453 3979 49
539 3925 573 3978 22
590 3926 652 3979 Aet.
671 3925 713 3991 19,
732 3925 766 3978 15
853 3923 993 3979 261001.
1014 3922 1156 3992 laaeeq.

148 4098 164 4152 1
181 4111 381 4166 nonnumquam
400 4112 431 4150 o:
459 4098 658 4165 omniumqnam
676 4096 712 4150 Μ
719 4095 741 4150 V
843 4095 859 4149 9
878 4095 985 4165 publiea
1003 4094 1037 4148 ot
1042 4094 1078 4149 V:
1104 4094 1227 4164 publicae

91 4199 114 4239 a
207 4184 240 4238 17
259 4200 322 4237 nam
339 4182 559 4238 nullo—undent
576 4200 606 4236 o:
636 4198 687 4237 om.
704 4181 768 4238 MV
861 4182 896 4238 28
914 4182 1021 4237 iubetur
1038 4198 1069 4235 u:
1098 4180 1227 4236 iubentur

91 4268 163 4325 m
262 4269 297 4324 32
314 4269 440 4324 maiorem
458 4285 489 4322 o:
519 4269 648 4323 maiorum
667 4267 732 4323 MV
