<?xml version="1.0" encoding="UTF-8"?>
<!DOCTYPE html PUBLIC "-//W3C//DTD XHTML 1.0 Transitional//EN"
    "http://www.w3.org/TR/xhtml1/DTD/xhtml1-transitional.dtd">
<html xmlns="http://www.w3.org/1999/xhtml" xml:lang="en" lang="en">
 <head>
  <title>
</title>
<meta http-equiv="Content-Type" content="text/html;charset=utf-8" />
  <meta name='ocr-system' content='tesseract 3.04.00' />
  <meta name='ocr-capabilities' content='ocr_page ocr_carea ocr_par ocr_line ocrx_word'/>
</head>
<body>
  <div class='ocr_page' id='page_1' title='image "./evgippiiexcerpt00kngoog/evgippiiexcerpt00kngoog_0899.png"; bbox 0 0 2760 4814; ppageno 0'>
   <div class='ocr_carea' id='block_1_1' title="bbox 207 512 855 585">
    <p class='ocr_par' dir='ltr' id='par_1_1' title="bbox 207 512 855 585">
     <span class='ocr_line' id='line_1_1' title="bbox 207 512 855 585; baseline 0.005 -22"><span class='ocrx_word' id='word_1_1' title='bbox 207 518 271 585; x_wconf 68' lang='lat'>376</span> <span class='ocrx_word' id='word_1_2' title='bbox 689 512 855 583; x_wconf 81' lang='lat' dir='ltr'>Eugippii</span> 
     </span>
    </p>
   </div>
   <div class='ocr_carea' id='block_1_2' title="bbox 196 701 1365 3784">
    <p class='ocr_par' dir='ltr' id='par_1_2' title="bbox 198 701 1365 2835">
     <span class='ocr_line' id='line_1_2' title="bbox 206 701 1340 786; baseline -0.003 -15"><span class='ocrx_word' id='word_1_3' title='bbox 206 706 289 773; x_wconf 89' lang='lat' dir='ltr'>eicut</span> <span class='ocrx_word' id='word_1_4' title='bbox 317 704 463 771; x_wconf 78' lang='lat' dir='ltr'>Christus</span> <span class='ocrx_word' id='word_1_5' title='bbox 486 703 581 785; x_wconf 84' lang='lat' dir='ltr'>caput</span> <span class='ocrx_word' id='word_1_6' title='bbox 602 703 757 778; x_wconf 84' lang='lat' dir='ltr'>ecclesiae,</span> <span class='ocrx_word' id='word_1_7' title='bbox 789 721 868 785; x_wconf 91' lang='lat' dir='ltr'>quae</span> <span class='ocrx_word' id='word_1_8' title='bbox 891 706 937 767; x_wconf 90' lang='lat' dir='ltr'>est</span> <span class='ocrx_word' id='word_1_9' title='bbox 960 719 1070 786; x_wconf 87' lang='lat' dir='ltr'>ocrpue</span> <span class='ocrx_word' id='word_1_10' title='bbox 1092 701 1171 778; x_wconf 84' lang='lat' dir='ltr'>eius,</span> <span class='ocrx_word' id='word_1_11' title='bbox 1195 701 1340 768; x_wconf 85' lang='lat' dir='ltr'>futurum</span> 
     </span>
     <span class='ocr_line' id='line_1_3' title="bbox 206 804 1339 889; baseline -0.002 -14"><span class='ocrx_word' id='word_1_12' title='bbox 206 829 278 875; x_wconf 89' lang='lat' dir='ltr'>cum</span> <span class='ocrx_word' id='word_1_13' title='bbox 308 808 364 872; x_wconf 90' lang='lat' dir='ltr'>illo</span> <span class='ocrx_word' id='word_1_14' title='bbox 393 807 427 871; x_wconf 93' lang='lat' dir='ltr'>in</span> <span class='ocrx_word' id='word_1_15' title='bbox 456 825 590 888; x_wconf 86' lang='lat' dir='ltr'>reguum</span> <span class='ocrx_word' id='word_1_16' title='bbox 620 810 653 871; x_wconf 87' lang='lat' dir='ltr'>et</span> <span class='ocrx_word' id='word_1_17' title='bbox 675 804 807 889; x_wconf 83' lang='lat' dir='ltr'>gloriam</span> <span class='ocrx_word' id='word_1_18' title='bbox 829 805 1060 887; x_wconf 86' lang='lat' dir='ltr'>sempiternam</span> <span class='ocrx_word' id='word_1_19' title='bbox 1104 805 1188 871; x_wconf 85' lang='lat' dir='ltr'>sicut</span> <span class='ocrx_word' id='word_1_20' title='bbox 1211 808 1339 888; x_wconf 89' lang='lat' dir='ltr'>ergoin</span> 
     </span>
     <span class='ocr_line' id='line_1_4' title="bbox 205 908 1338 995; baseline -0.001 -19"><span class='ocrx_word' id='word_1_21' title='bbox 205 914 308 995; x_wconf 89' lang='lat' dir='ltr'>prima</span> <span class='ocrx_word' id='word_1_22' title='bbox 322 911 440 993; x_wconf 88' lang='lat' dir='ltr'>regula,</span> <span class='ocrx_word' id='word_1_23' title='bbox 459 927 554 993; x_wconf 89' lang='lat' dir='ltr'>quam</span> <span class='ocrx_word' id='word_1_24' title='bbox 570 914 661 975; x_wconf 90' lang='lat' dir='ltr'>uocat</span> <span class='ocrx_word' id='word_1_25' title='bbox 679 908 737 989; x_wconf 88' lang='lat' dir='ltr'>,de</span> <span class='ocrx_word' id='word_1_26' title='bbox 753 909 880 974; x_wconf 84' lang='lat' dir='ltr'>domiuo</span> <span class='ocrx_word' id='word_1_27' title='bbox 896 908 1009 973; x_wconf 82' lang='lat' dir='ltr'>eteius</span> <span class='ocrx_word' id='word_1_28' title='bbox 1024 911 1180 992; x_wconf 81' lang='lat' dir='ltr'>corpore“,</span> <span class='ocrx_word' id='word_1_29' title='bbox 1197 908 1338 994; x_wconf 88' lang='lat' dir='ltr'>uigilau-</span> 
     </span>
     <span class='ocr_line' id='line_1_5' title="bbox 206 1011 1337 1097; baseline -0.004 -15"><span class='ocrx_word' id='word_1_30' title='bbox 206 1016 281 1081; x_wconf 86' lang='lat' dir='ltr'>dum</span> <span class='ocrx_word' id='word_1_31' title='bbox 305 1016 361 1093; x_wconf 85' lang='lat' dir='ltr'>est,</span> <span class='ocrx_word' id='word_1_32' title='bbox 384 1018 420 1078; x_wconf 91' lang='lat' dir='ltr'>ut</span> <span class='ocrx_word' id='word_1_33' title='bbox 442 1012 655 1097; x_wconf 73' lang='lat' dir='ltr'>intellegatur,</span> <span class='ocrx_word' id='word_1_34' title='bbox 678 1032 749 1079; x_wconf 93' lang='lat' dir='ltr'>cum</span> <span class='ocrx_word' id='word_1_35' title='bbox 764 1011 802 1076; x_wconf 89' lang='lat' dir='ltr'>de</span> <span class='ocrx_word' id='word_1_36' title='bbox 820 1030 883 1078; x_wconf 88' lang='lat' dir='ltr'>uua</span> <span class='ocrx_word' id='word_1_37' title='bbox 905 1012 1073 1094; x_wconf 89' lang='lat' dir='ltr'>eademqne</span> <span class='ocrx_word' id='word_1_38' title='bbox 1086 1029 1222 1094; x_wconf 89' lang='lat' dir='ltr'>pereoua</span> <span class='ocrx_word' id='word_1_39' title='bbox 1237 1013 1337 1095; x_wconf 83' lang='lat' dir='ltr'>scrip·</span> 
     </span>
     <span class='ocr_line' id='line_1_6' title="bbox 204 1114 1365 1201; baseline -0.004 -18"><span class='ocrx_word' id='word_1_40' title='bbox 204 1122 277 1185; x_wconf 87' lang='lat' dir='ltr'>tura</span> <span class='ocrx_word' id='word_1_41' title='bbox 299 1118 447 1201; x_wconf 84' lang='lat' dir='ltr'>loquitur,</span> <span class='ocrx_word' id='word_1_42' title='bbox 471 1116 546 1198; x_wconf 86' lang='lat' dir='ltr'>quid</span> <span class='ocrx_word' id='word_1_43' title='bbox 562 1115 724 1183; x_wconf 89' lang='lat' dir='ltr'>oouueniat</span> <span class='ocrx_word' id='word_1_44' title='bbox 740 1117 869 1198; x_wconf 76' lang='lat' dir='ltr'><strong>corpori,</strong></span> <span class='ocrx_word' id='word_1_45' title='bbox 893 1118 967 1198; x_wconf 88' lang='lat' dir='ltr'>quid</span> <span class='ocrx_word' id='word_1_46' title='bbox 988 1114 1098 1197; x_wconf 86' lang='lat' dir='ltr'>capiti:</span> <span class='ocrx_word' id='word_1_47' title='bbox 1121 1116 1167 1181; x_wconf 86' lang='lat' dir='ltr'>ita</span> <span class='ocrx_word' id='word_1_48' title='bbox 1182 1115 1264 1181; x_wconf 91' lang='lat' dir='ltr'>etin</span> <span class='ocrx_word' id='word_1_49' title='bbox 1279 1116 1337 1181; x_wconf 84' lang='lat' dir='ltr'>ista</span> <span class='ocrx_word' id='word_1_50' title='bbox 1354 1138 1365 1178; x_wconf 79' lang='lat' dir='ltr'>e</span> 
     </span>
     <span class='ocr_line' id='line_1_7' title="bbox 205 1219 1334 1304; baseline -0.002 -17"><span class='ocrx_word' id='word_1_51' title='bbox 205 1222 375 1288; x_wconf 82' lang='lat' dir='ltr'>nouissima</span> <span class='ocrx_word' id='word_1_52' title='bbox 404 1220 570 1303; x_wconf 87' lang='lat' dir='ltr'>aliquando</span> <span class='ocrx_word' id='word_1_53' title='bbox 599 1220 632 1285; x_wconf 91' lang='lat' dir='ltr'>iu</span> <span class='ocrx_word' id='word_1_54' title='bbox 663 1220 822 1286; x_wconf 78' lang='lat' dir='ltr'>diabolum</span> <span class='ocrx_word' id='word_1_55' title='bbox 853 1219 976 1299; x_wconf 90' lang='lat' dir='ltr'>dicitur,</span> <span class='ocrx_word' id='word_1_56' title='bbox 1007 1220 1088 1301; x_wconf 86' lang='lat' dir='ltr'>quod</span> <span class='ocrx_word' id='word_1_57' title='bbox 1119 1236 1182 1284; x_wconf 92' lang='lat' dir='ltr'>uon</span> <span class='ocrx_word' id='word_1_58' title='bbox 1205 1222 1238 1284; x_wconf 92' lang='lat' dir='ltr'>in</span> <span class='ocrx_word' id='word_1_59' title='bbox 1262 1222 1334 1304; x_wconf 83' lang='lat' dir='ltr'>ipso.</span> 
     </span>
     <span class='ocr_line' id='line_1_8' title="bbox 205 1321 1336 1409; baseline -0.004 -18"><span class='ocrx_word' id='word_1_60' title='bbox 205 1326 260 1391; x_wconf 84' lang='lat' dir='ltr'>een</span> <span class='ocrx_word' id='word_1_61' title='bbox 292 1326 396 1409; x_wconf 80' lang='lat' dir='ltr'>potius</span> <span class='ocrx_word' id='word_1_62' title='bbox 430 1325 463 1389; x_wconf 93' lang='lat' dir='ltr'>iu</span> <span class='ocrx_word' id='word_1_63' title='bbox 497 1324 564 1390; x_wconf 85' lang='lat' dir='ltr'>eius</span> <span class='ocrx_word' id='word_1_64' title='bbox 586 1342 712 1406; x_wconf 83' lang='lat' dir='ltr'>corpore</span> <span class='ocrx_word' id='word_1_65' title='bbox 745 1324 844 1409; x_wconf 78' lang='lat' dir='ltr'>possit</span> <span class='ocrx_word' id='word_1_66' title='bbox 874 1321 1008 1406; x_wconf 78' lang='lat' dir='ltr'>agnosci,</span> <span class='ocrx_word' id='word_1_67' title='bbox 1039 1323 1121 1405; x_wconf 87' lang='lat' dir='ltr'>quod</span> <span class='ocrx_word' id='word_1_68' title='bbox 1150 1321 1248 1389; x_wconf 88' lang='lat' dir='ltr'>habet</span> <span class='ocrx_word' id='word_1_69' title='bbox 1278 1342 1336 1389; x_wconf 92' lang='lat' dir='ltr'>uon</span> 
     </span>
     <span class='ocr_line' id='line_1_9' title="bbox 204 1424 1335 1510; baseline -0.001 -17"><span class='ocrx_word' id='word_1_70' title='bbox 204 1428 307 1493; x_wconf 85' lang='lat' dir='ltr'>solnm</span> <span class='ocrx_word' id='word_1_71' title='bbox 337 1430 370 1492; x_wconf 92' lang='lat' dir='ltr'>in</span> <span class='ocrx_word' id='word_1_72' title='bbox 401 1428 447 1493; x_wconf 89' lang='lat' dir='ltr'>eie</span> <span class='ocrx_word' id='word_1_73' title='bbox 478 1430 530 1510; x_wconf 90' lang='lat' dir='ltr'>qui</span> <span class='ocrx_word' id='word_1_74' title='bbox 552 1426 808 1493; x_wconf 79' lang='lat' dir='ltr'>manifestissime</span> <span class='ocrx_word' id='word_1_75' title='bbox 834 1429 909 1493; x_wconf 84' lang='lat' dir='ltr'>foris</span> <span class='ocrx_word' id='word_1_76' title='bbox 932 1431 1016 1505; x_wconf 89' lang='lat' dir='ltr'>eunt,</span> <span class='ocrx_word' id='word_1_77' title='bbox 1039 1425 1093 1492; x_wconf 88' lang='lat' dir='ltr'>sed</span> <span class='ocrx_word' id='word_1_78' title='bbox 1116 1424 1150 1490; x_wconf 92' lang='lat' dir='ltr'>iu</span> <span class='ocrx_word' id='word_1_79' title='bbox 1172 1427 1218 1493; x_wconf 86' lang='lat' dir='ltr'>eie</span> <span class='ocrx_word' id='word_1_80' title='bbox 1242 1430 1335 1493; x_wconf 88' lang='lat' dir='ltr'>etiam</span> 
     </span>
     <span class='ocr_line' id='line_1_10' title="bbox 204 1529 1336 1616; baseline 0 -20"><span class='ocrx_word' id='word_1_81' title='bbox 204 1532 268 1616; x_wconf 89' lang='lat' dir='ltr'>qui,</span> <span class='ocrx_word' id='word_1_82' title='bbox 298 1550 369 1597; x_wconf 93' lang='lat' dir='ltr'>curn</span> <span class='ocrx_word' id='word_1_83' title='bbox 399 1532 439 1596; x_wconf 87' lang='lat' dir='ltr'>ad</span> <span class='ocrx_word' id='word_1_84' title='bbox 469 1531 573 1613; x_wconf 84' lang='lat' dir='ltr'>ipsum</span> <span class='ocrx_word' id='word_1_85' title='bbox 604 1529 792 1613; x_wconf 90' lang='lat' dir='ltr'>pertineant,</span> <span class='ocrx_word' id='word_1_86' title='bbox 823 1531 929 1595; x_wconf 87' lang='lat' dir='ltr'>temen</span> <span class='ocrx_word' id='word_1_87' title='bbox 958 1531 996 1595; x_wconf 89' lang='lat' dir='ltr'>ad</span> <span class='ocrx_word' id='word_1_88' title='bbox 1020 1533 1143 1611; x_wconf 79' lang='lat' dir='ltr'>tempus</span> <span class='ocrx_word' id='word_1_89' title='bbox 1165 1529 1336 1596; x_wconf 71' lang='lat' dir='ltr'>miscentur</span> 
     </span>
     <span class='ocr_line' id='line_1_11' title="bbox 205 1631 1363 1717; baseline -0.003 -17"><span class='ocrx_word' id='word_1_90' title='bbox 205 1634 363 1707; x_wconf 82' lang='lat' dir='ltr'>ecclesiae,</span> <span class='ocrx_word' id='word_1_91' title='bbox 386 1633 482 1698; x_wconf 88' lang='lat' dir='ltr'>donec</span> <span class='ocrx_word' id='word_1_92' title='bbox 504 1635 716 1717; x_wconf 83' lang='lat' dir='ltr'>unnsquisque</span> <span class='ocrx_word' id='word_1_93' title='bbox 741 1634 779 1698; x_wconf 86' lang='lat' dir='ltr'>de</span> <span class='ocrx_word' id='word_1_94' title='bbox 800 1631 860 1698; x_wconf 87' lang='lat' dir='ltr'>hac</span> <span class='ocrx_word' id='word_1_95' title='bbox 889 1635 954 1698; x_wconf 86' lang='lat' dir='ltr'>uita</span> <span class='ocrx_word' id='word_1_96' title='bbox 970 1638 1059 1698; x_wconf 85' lang='lat' dir='ltr'>exeat</span> <span class='ocrx_word' id='word_1_97' title='bbox 1074 1633 1126 1698; x_wconf 89' lang='lat' dir='ltr'>uel</span> <span class='ocrx_word' id='word_1_98' title='bbox 1141 1650 1161 1697; x_wconf 92' lang='lat' dir='ltr'>a</span> <span class='ocrx_word' id='word_1_99' title='bbox 1176 1633 1333 1700; x_wconf 82' lang='lat' dir='ltr'>frumento</span> <span class='ocrx_word' id='word_1_100' title='bbox 1342 1656 1363 1697; x_wconf 86' lang='grc' dir='ltr'>ιι</span> 
     </span>
     <span class='ocr_line' id='line_1_12' title="bbox 202 1734 1335 1821; baseline 0 -18"><span class='ocrx_word' id='word_1_101' title='bbox 202 1738 294 1821; x_wconf 87' lang='lat' dir='ltr'>palea</span> <span class='ocrx_word' id='word_1_102' title='bbox 338 1736 514 1802; x_wconf 86' lang='lat' dir='ltr'>uentilabro</span> <span class='ocrx_word' id='word_1_103' title='bbox 558 1736 670 1803; x_wconf 89' lang='lat' dir='ltr'>ultimo</span> <span class='ocrx_word' id='word_1_104' title='bbox 713 1738 880 1819; x_wconf 74' lang='lat' dir='ltr'>separetur.</span> <span class='ocrx_word' id='word_1_105' title='bbox 931 1734 1012 1818; x_wconf 88' lang='lat' dir='ltr'>quod</span> <span class='ocrx_word' id='word_1_106' title='bbox 1055 1736 1140 1801; x_wconf 93' lang='lat' dir='ltr'>enim</span> <span class='ocrx_word' id='word_1_107' title='bbox 1184 1738 1335 1821; x_wconf 79' lang='lat' dir='ltr'>scriptum</span> 
     </span>
     <span class='ocr_line' id='line_1_13' title="bbox 203 1839 1334 1924; baseline -0.002 -17"><span class='ocrx_word' id='word_1_108' title='bbox 203 1847 251 1907; x_wconf 89' lang='lat' dir='ltr'>eet</span> <span class='ocrx_word' id='word_1_109' title='bbox 281 1842 363 1924; x_wconf 89' lang='lat' dir='ltr'>apud</span> <span class='ocrx_word' id='word_1_110' title='bbox 386 1840 528 1906; x_wconf 83' lang='lat' dir='ltr'>Esaiam:</span> <span class='ocrx_word' id='word_1_111' title='bbox 564 1840 750 1923; x_wconf 85' lang='lat' dir='ltr'>quomodo</span> <span class='ocrx_word' id='word_1_112' title='bbox 784 1840 827 1903; x_wconf 85' lang='lat' dir='ltr'>de</span> <span class='ocrx_word' id='word_1_113' title='bbox 861 1840 970 1905; x_wconf 90' lang='lat' dir='ltr'>caelo</span> <span class='ocrx_word' id='word_1_114' title='bbox 1000 1839 1151 1905; x_wconf 88' lang='lat' dir='ltr'>cecidit</span> <span class='ocrx_word' id='word_1_115' title='bbox 1173 1842 1334 1907; x_wconf 80' lang='lat' dir='ltr'>Lucifer</span> 
     </span>
     <span class='ocr_line' id='line_1_14' title="bbox 202 1943 1333 2027; baseline 0.001 -18"><span class='ocrx_word' id='word_1_116' title='bbox 202 1962 311 2009; x_wconf 90' lang='lat' dir='ltr'>mane</span> <span class='ocrx_word' id='word_1_117' title='bbox 333 1944 467 2008; x_wconf 85' lang='lat' dir='ltr'>oriens</span> <span class='ocrx_word' id='word_1_118' title='bbox 491 1947 523 2008; x_wconf 94' lang='lat' dir='ltr'>et</span> <span class='ocrx_word' id='word_1_119' title='bbox 545 1946 655 2021; x_wconf 85' lang='lat' dir='ltr'>cetere,</span> <span class='ocrx_word' id='word_1_120' title='bbox 678 1960 757 2025; x_wconf 89' lang='lat' dir='ltr'>quae</span> <span class='ocrx_word' id='word_1_121' title='bbox 780 1944 839 2008; x_wconf 83' lang='lat' dir='ltr'>sub</span> <span class='ocrx_word' id='word_1_122' title='bbox 860 1943 963 2026; x_wconf 90' lang='lat' dir='ltr'>figura</span> <span class='ocrx_word' id='word_1_123' title='bbox 984 1943 1067 2025; x_wconf 88' lang='lat' dir='ltr'>regie</span> <span class='ocrx_word' id='word_1_124' title='bbox 1089 1943 1285 2027; x_wconf 79' lang='lat' dir='ltr'>Babyloniae</span> <span class='ocrx_word' id='word_1_125' title='bbox 1299 1946 1333 2010; x_wconf 86' lang='lat' dir='ltr'>de</span> 
     </span>
     <span class='ocr_line' id='line_1_15' title="bbox 203 2047 1332 2131; baseline 0 -18"><span class='ocrx_word' id='word_1_126' title='bbox 203 2048 312 2114; x_wconf 89' lang='lat' dir='ltr'>eadem</span> <span class='ocrx_word' id='word_1_127' title='bbox 339 2065 470 2130; x_wconf 84' lang='lat' dir='ltr'>persona</span> <span class='ocrx_word' id='word_1_128' title='bbox 500 2048 552 2112; x_wconf 91' lang='lat' dir='ltr'>uel</span> <span class='ocrx_word' id='word_1_129' title='bbox 581 2047 620 2111; x_wconf 92' lang='lat' dir='ltr'>ad</span> <span class='ocrx_word' id='word_1_130' title='bbox 650 2047 778 2111; x_wconf 86' lang='lat' dir='ltr'>eandem</span> <span class='ocrx_word' id='word_1_131' title='bbox 808 2064 969 2128; x_wconf 87' lang='lat' dir='ltr'>personam</span> <span class='ocrx_word' id='word_1_132' title='bbox 993 2047 1186 2125; x_wconf 76' lang='lat' dir='ltr'>dictasunt,</span> <span class='ocrx_word' id='word_1_133' title='bbox 1209 2050 1242 2112; x_wconf 92' lang='lat' dir='ltr'>in</span> <span class='ocrx_word' id='word_1_134' title='bbox 1267 2049 1332 2131; x_wconf 87' lang='lat' dir='ltr'>ipea</span> 
     </span>
     <span class='ocr_line' id='line_1_16' title="bbox 203 2149 1359 2232; baseline 0.001 -16"><span class='ocrx_word' id='word_1_135' title='bbox 203 2152 398 2216; x_wconf 82' lang='lat' dir='ltr'>contextione</span> <span class='ocrx_word' id='word_1_136' title='bbox 420 2152 570 2215; x_wconf 79' lang='lat' dir='ltr'>sermonis</span> <span class='ocrx_word' id='word_1_137' title='bbox 593 2151 630 2215; x_wconf 86' lang='lat' dir='ltr'>de</span> <span class='ocrx_word' id='word_1_138' title='bbox 645 2149 768 2214; x_wconf 87' lang='lat' dir='ltr'>diabolo</span> <span class='ocrx_word' id='word_1_139' title='bbox 785 2150 893 2232; x_wconf 89' lang='lat' dir='ltr'>utique</span> <span class='ocrx_word' id='word_1_140' title='bbox 915 2150 1154 2231; x_wconf 87' lang='lat' dir='ltr'>intelleguntur,</span> <span class='ocrx_word' id='word_1_141' title='bbox 1179 2156 1211 2216; x_wconf 91' lang='lat' dir='ltr'>et</span> <span class='ocrx_word' id='word_1_142' title='bbox 1227 2156 1359 2218; x_wconf 76' lang='lat' dir='ltr'>tamenn</span> 
     </span>
     <span class='ocr_line' id='line_1_17' title="bbox 201 2252 1331 2337; baseline 0 -18"><span class='ocrx_word' id='word_1_143' title='bbox 201 2254 283 2337; x_wconf 89' lang='lat' dir='ltr'>quod</span> <span class='ocrx_word' id='word_1_144' title='bbox 311 2255 353 2320; x_wconf 87' lang='lat' dir='ltr'>ibi</span> <span class='ocrx_word' id='word_1_145' title='bbox 376 2254 496 2319; x_wconf 87' lang='lat' dir='ltr'>dictum</span> <span class='ocrx_word' id='word_1_146' title='bbox 518 2257 582 2319; x_wconf 86' lang='lat' dir='ltr'>eet:</span> <span class='ocrx_word' id='word_1_147' title='bbox 605 2252 810 2317; x_wconf 84' lang='lat' dir='ltr'>contritus</span> <span class='ocrx_word' id='word_1_148' title='bbox 833 2254 894 2318; x_wconf 87' lang='lat' dir='ltr'>eet</span> <span class='ocrx_word' id='word_1_149' title='bbox 915 2253 953 2317; x_wconf 89' lang='lat' dir='ltr'>iu</span> <span class='ocrx_word' id='word_1_150' title='bbox 975 2256 1084 2318; x_wconf 90' lang='lat' dir='ltr'>terra</span> <span class='ocrx_word' id='word_1_151' title='bbox 1105 2255 1171 2336; x_wconf 88' lang='lat' dir='ltr'>qui</span> <span class='ocrx_word' id='word_1_152' title='bbox 1201 2256 1331 2319; x_wconf 89' lang='lat' dir='ltr'>mittit</span> 
     </span>
     <span class='ocr_line' id='line_1_18' title="bbox 201 2356 1330 2441; baseline 0 -18"><span class='ocrx_word' id='word_1_153' title='bbox 201 2358 246 2423; x_wconf 85' lang='lat' dir='ltr'>ad</span> <span class='ocrx_word' id='word_1_154' title='bbox 280 2376 408 2423; x_wconf 88' lang='lat' dir='ltr'>omuee</span> <span class='ocrx_word' id='word_1_155' title='bbox 439 2362 594 2441; x_wconf 82' lang='lat' dir='ltr'>gentes,</span> <span class='ocrx_word' id='word_1_156' title='bbox 623 2373 683 2421; x_wconf 89' lang='lat' dir='ltr'>nou</span> <span class='ocrx_word' id='word_1_157' title='bbox 715 2359 817 2421; x_wconf 89' lang='lat' dir='ltr'>totum</span> <span class='ocrx_word' id='word_1_158' title='bbox 848 2356 910 2438; x_wconf 88' lang='lat' dir='ltr'>ipei</span> <span class='ocrx_word' id='word_1_159' title='bbox 940 2358 1036 2439; x_wconf 88' lang='lat' dir='ltr'>capiti</span> <span class='ocrx_word' id='word_1_160' title='bbox 1059 2358 1214 2440; x_wconf 89' lang='lat' dir='ltr'>congruit.</span> <span class='ocrx_word' id='word_1_161' title='bbox 1261 2376 1330 2423; x_wconf 89' lang='lat' dir='ltr'>nam</span> 
     </span>
     <span class='ocr_line' id='line_1_19' title="bbox 198 2458 1329 2541; baseline 0 -15"><span class='ocrx_word' id='word_1_162' title='bbox 198 2462 260 2526; x_wconf 81' lang='lat' dir='ltr'>etei</span> <span class='ocrx_word' id='word_1_163' title='bbox 291 2460 393 2526; x_wconf 89' lang='lat' dir='ltr'>mittit</span> <span class='ocrx_word' id='word_1_164' title='bbox 422 2461 461 2524; x_wconf 85' lang='lat' dir='ltr'>ed</span> <span class='ocrx_word' id='word_1_165' title='bbox 483 2477 588 2524; x_wconf 85' lang='lat' dir='ltr'>omnes</span> <span class='ocrx_word' id='word_1_166' title='bbox 622 2461 730 2541; x_wconf 88' lang='lat' dir='ltr'>gentes</span> <span class='ocrx_word' id='word_1_167' title='bbox 762 2458 904 2525; x_wconf 84' lang='lat' dir='ltr'>diabolus</span> <span class='ocrx_word' id='word_1_168' title='bbox 941 2459 1068 2541; x_wconf 82' lang='lat' dir='ltr'>angelos</span> <span class='ocrx_word' id='word_1_169' title='bbox 1104 2477 1189 2539; x_wconf 84' lang='lat' dir='ltr'>euos,</span> <span class='ocrx_word' id='word_1_170' title='bbox 1225 2462 1329 2528; x_wconf 79' lang='lat' dir='ltr'>tamm</span> 
     </span>
     <span class='ocr_line' id='line_1_20' title="bbox 200 2562 1328 2647; baseline -0.001 -17"><span class='ocrx_word' id='word_1_171' title='bbox 200 2567 230 2630; x_wconf 89' lang='lat' dir='ltr'>in</span> <span class='ocrx_word' id='word_1_172' title='bbox 253 2567 338 2629; x_wconf 85' lang='lat' dir='ltr'>terra</span> <span class='ocrx_word' id='word_1_173' title='bbox 359 2582 469 2646; x_wconf 87' lang='lat' dir='ltr'>eorpus</span> <span class='ocrx_word' id='word_1_174' title='bbox 490 2564 565 2640; x_wconf 86' lang='lat' dir='ltr'>eine,</span> <span class='ocrx_word' id='word_1_175' title='bbox 590 2581 652 2627; x_wconf 91' lang='lat' dir='ltr'>nou</span> <span class='ocrx_word' id='word_1_176' title='bbox 673 2562 740 2643; x_wconf 90' lang='lat' dir='ltr'>ipse</span> <span class='ocrx_word' id='word_1_177' title='bbox 762 2564 944 2645; x_wconf 89' lang='lat' dir='ltr'>conteritur,</span> <span class='ocrx_word' id='word_1_178' title='bbox 969 2563 1029 2629; x_wconf 85' lang='lat' dir='ltr'>nisi</span> <span class='ocrx_word' id='word_1_179' title='bbox 1051 2564 1125 2647; x_wconf 87' lang='lat' dir='ltr'>quia</span> <span class='ocrx_word' id='word_1_180' title='bbox 1148 2566 1217 2646; x_wconf 88' lang='lat' dir='ltr'>ipse</span> <span class='ocrx_word' id='word_1_181' title='bbox 1237 2567 1328 2631; x_wconf 86' lang='lat' dir='ltr'>cetin</span> 
     </span>
     <span class='ocr_line' id='line_1_21' title="bbox 200 2664 1353 2750; baseline 0 -16"><span class='ocrx_word' id='word_1_182' title='bbox 200 2684 325 2750; x_wconf 89' lang='lat' dir='ltr'>corpore</span> <span class='ocrx_word' id='word_1_183' title='bbox 354 2685 419 2750; x_wconf 78' lang='lat' dir='ltr'>eno,</span> <span class='ocrx_word' id='word_1_184' title='bbox 441 2667 523 2748; x_wconf 88' lang='lat' dir='ltr'>quod</span> <span class='ocrx_word' id='word_1_185' title='bbox 548 2667 715 2731; x_wconf 90' lang='lat' dir='ltr'>contritum</span> <span class='ocrx_word' id='word_1_186' title='bbox 737 2664 774 2728; x_wconf 88' lang='lat' dir='ltr'>fit</span> <span class='ocrx_word' id='word_1_187' title='bbox 796 2666 909 2747; x_wconf 82' lang='lat' dir='ltr'>puluis,</span> <span class='ocrx_word' id='word_1_188' title='bbox 940 2685 1033 2748; x_wconf 86' lang='lat' dir='ltr'>quem</span> <span class='ocrx_word' id='word_1_189' title='bbox 1062 2667 1198 2749; x_wconf 88' lang='lat' dir='ltr'>proiciat</span> <span class='ocrx_word' id='word_1_190' title='bbox 1221 2673 1353 2734; x_wconf 80' lang='lat' dir='ltr'>uenturo</span> 
     </span>
     <span class='ocr_line' id='line_1_22' title="bbox 199 2770 450 2835; baseline -0.004 0"><span class='ocrx_word' id='word_1_191' title='bbox 199 2788 217 2834; x_wconf 90' lang='lat' dir='ltr'>a</span> <span class='ocrx_word' id='word_1_192' title='bbox 239 2770 317 2835; x_wconf 81' lang='lat' dir='ltr'>facie</span> <span class='ocrx_word' id='word_1_193' title='bbox 339 2772 450 2834; x_wconf 88' lang='lat' dir='ltr'>terrae.</span> 
     </span>
    </p>

    <p class='ocr_par' dir='ltr' id='par_1_3' title="bbox 196 2875 1344 3784">
     <span class='ocr_line' id='line_1_23' title="bbox 242 2875 1325 2958; baseline 0.006 -21"><span class='ocrx_word' id='word_1_194' title='bbox 242 2875 310 2938; x_wconf 91' lang='lat' dir='ltr'>Hae</span> <span class='ocrx_word' id='word_1_195' title='bbox 340 2878 444 2939; x_wconf 90' lang='lat' dir='ltr'>autem</span> <span class='ocrx_word' id='word_1_196' title='bbox 475 2892 580 2938; x_wconf 85' lang='lat' dir='ltr'>omnes</span> <span class='ocrx_word' id='word_1_197' title='bbox 611 2875 737 2956; x_wconf 88' lang='lat' dir='ltr'>regulae</span> <span class='ocrx_word' id='word_1_198' title='bbox 767 2880 896 2958; x_wconf 85' lang='lat' dir='ltr'>excepta</span> <span class='ocrx_word' id='word_1_199' title='bbox 922 2894 992 2954; x_wconf 87' lang='lat' dir='ltr'>nna,</span> <span class='ocrx_word' id='word_1_200' title='bbox 1017 2896 1094 2958; x_wconf 91' lang='lat' dir='ltr'>qnae</span> <span class='ocrx_word' id='word_1_201' title='bbox 1117 2882 1250 2943; x_wconf 83' lang='lat' dir='ltr'>uocetur</span> <span class='ocrx_word' id='word_1_202' title='bbox 1273 2878 1325 2958; x_wconf 85' lang='lat' dir='ltr'>,da</span> 
     </span>
     <span class='ocr_line' id='line_1_24' title="bbox 199 2977 1324 3065; baseline 0.001 -22"><span class='ocrx_word' id='word_1_203' title='bbox 199 2977 367 3060; x_wconf 79' lang='lat' dir='ltr'>premissis.</span> <span class='ocrx_word' id='word_1_204' title='bbox 383 2982 414 3043; x_wconf 91' lang='lat' dir='ltr'>et</span> <span class='ocrx_word' id='word_1_205' title='bbox 440 2978 541 3060; x_wconf 84' lang='lat' dir='ltr'>lege“‚</span> <span class='ocrx_word' id='word_1_206' title='bbox 570 2978 655 3043; x_wconf 88' lang='lat' dir='ltr'>aliud</span> <span class='ocrx_word' id='word_1_207' title='bbox 677 2999 713 3044; x_wconf 86' lang='lat' dir='ltr'>er</span> <span class='ocrx_word' id='word_1_208' title='bbox 743 2978 804 3044; x_wconf 88' lang='lat' dir='ltr'>elio</span> <span class='ocrx_word' id='word_1_209' title='bbox 838 2979 958 3046; x_wconf 87' lang='lat' dir='ltr'>faciunt</span> <span class='ocrx_word' id='word_1_210' title='bbox 986 2982 1138 3065; x_wconf 78' lang='lat' dir='ltr'>intellegi,</span> <span class='ocrx_word' id='word_1_211' title='bbox 1170 2984 1253 3064; x_wconf 89' lang='lat' dir='ltr'>quod</span> <span class='ocrx_word' id='word_1_212' title='bbox 1281 2986 1324 3047; x_wconf 86' lang='lat' dir='ltr'>eet</span> 
     </span>
     <span class='ocr_line' id='line_1_25' title="bbox 198 3082 1322 3171; baseline 0.004 -25"><span class='ocrx_word' id='word_1_213' title='bbox 198 3082 358 3167; x_wconf 90' lang='lat' dir='ltr'>proprium</span> <span class='ocrx_word' id='word_1_214' title='bbox 386 3083 522 3163; x_wconf 84' lang='lat' dir='ltr'>tropicae</span> <span class='ocrx_word' id='word_1_215' title='bbox 543 3083 717 3165; x_wconf 87' lang='lat' dir='ltr'>locutionis,</span> <span class='ocrx_word' id='word_1_216' title='bbox 740 3100 819 3165; x_wconf 87' lang='lat' dir='ltr'>quae</span> <span class='ocrx_word' id='word_1_217' title='bbox 842 3085 938 3150; x_wconf 85' lang='lat' dir='ltr'>latius</span> <span class='ocrx_word' id='word_1_218' title='bbox 961 3086 1059 3166; x_wconf 87' lang='lat' dir='ltr'>patet,</span> <span class='ocrx_word' id='word_1_219' title='bbox 1081 3102 1178 3167; x_wconf 85' lang='lat' dir='ltr'>quam</span> <span class='ocrx_word' id='word_1_220' title='bbox 1201 3089 1238 3151; x_wconf 91' lang='lat' dir='ltr'>ut</span> <span class='ocrx_word' id='word_1_221' title='bbox 1259 3104 1322 3171; x_wconf 87' lang='lat' dir='ltr'>pce·</span> 
     </span>
     <span class='ocr_line' id='line_1_26' title="bbox 198 3184 1344 3270; baseline 0 -19"><span class='ocrx_word' id='word_1_222' title='bbox 198 3186 250 3266; x_wconf 88' lang='lat' dir='ltr'>eit,</span> <span class='ocrx_word' id='word_1_223' title='bbox 282 3190 318 3250; x_wconf 91' lang='lat' dir='ltr'>ut</span> <span class='ocrx_word' id='word_1_224' title='bbox 347 3184 425 3250; x_wconf 91' lang='lat' dir='ltr'>mihi</span> <span class='ocrx_word' id='word_1_225' title='bbox 448 3186 582 3262; x_wconf 89' lang='lat' dir='ltr'>uidetur,</span> <span class='ocrx_word' id='word_1_226' title='bbox 613 3185 652 3249; x_wconf 87' lang='lat' dir='ltr'>ab</span> <span class='ocrx_word' id='word_1_227' title='bbox 683 3186 785 3268; x_wconf 87' lang='lat' dir='ltr'>aliquo</span> <span class='ocrx_word' id='word_1_228' title='bbox 815 3188 961 3253; x_wconf 83' lang='lat' dir='ltr'>uniuersa</span> <span class='ocrx_word' id='word_1_229' title='bbox 984 3187 1213 3270; x_wconf 86' lang='lat' dir='ltr'>comprehendi.</span> <span class='ocrx_word' id='word_1_230' title='bbox 1256 3206 1344 3254; x_wconf 77' lang='lat' dir='ltr'>name</span> 
     </span>
     <span class='ocr_line' id='line_1_27' title="bbox 198 3287 1320 3375; baseline 0.002 -22"><span class='ocrx_word' id='word_1_231' title='bbox 198 3287 388 3371; x_wconf 89' lang='lat' dir='ltr'>ubicumque</span> <span class='ocrx_word' id='word_1_232' title='bbox 410 3289 498 3353; x_wconf 90' lang='lat' dir='ltr'>uelut</span> <span class='ocrx_word' id='word_1_233' title='bbox 516 3288 602 3353; x_wconf 76' lang='lat' dir='ltr'>aliucl</span> <span class='ocrx_word' id='word_1_234' title='bbox 617 3287 742 3372; x_wconf 88' lang='lat' dir='ltr'>dicitur,</span> <span class='ocrx_word' id='word_1_235' title='bbox 759 3292 795 3354; x_wconf 91' lang='lat' dir='ltr'>ut</span> <span class='ocrx_word' id='word_1_236' title='bbox 811 3291 898 3355; x_wconf 86' lang='lat' dir='ltr'>aliud</span> <span class='ocrx_word' id='word_1_237' title='bbox 914 3291 1125 3375; x_wconf 88' lang='lat' dir='ltr'>intellegatur,</span> <span class='ocrx_word' id='word_1_238' title='bbox 1141 3294 1203 3358; x_wconf 87' lang='lat' dir='ltr'>etei</span> <span class='ocrx_word' id='word_1_239' title='bbox 1217 3308 1320 3358; x_wconf 89' lang='lat' dir='ltr'>nomeu</span> 
     </span>
     <span class='ocr_line' id='line_1_28' title="bbox 197 3390 1319 3476; baseline 0.002 -21"><span class='ocrx_word' id='word_1_240' title='bbox 197 3392 297 3475; x_wconf 85' lang='lat' dir='ltr'>ipsius</span> <span class='ocrx_word' id='word_1_241' title='bbox 319 3390 401 3472; x_wconf 91' lang='lat' dir='ltr'>tropi</span> <span class='ocrx_word' id='word_1_242' title='bbox 425 3392 455 3455; x_wconf 90' lang='lat' dir='ltr'>in</span> <span class='ocrx_word' id='word_1_243' title='bbox 479 3391 624 3471; x_wconf 85' lang='lat' dir='ltr'>loquendi</span> <span class='ocrx_word' id='word_1_244' title='bbox 646 3394 713 3457; x_wconf 90' lang='lat' dir='ltr'>arte</span> <span class='ocrx_word' id='word_1_245' title='bbox 736 3410 797 3457; x_wconf 89' lang='lat' dir='ltr'>uon</span> <span class='ocrx_word' id='word_1_246' title='bbox 813 3393 980 3473; x_wconf 89' lang='lat' dir='ltr'>inuenitur,</span> <span class='ocrx_word' id='word_1_247' title='bbox 1004 3395 1125 3476; x_wconf 89' lang='lat' dir='ltr'>tropica</span> <span class='ocrx_word' id='word_1_248' title='bbox 1139 3398 1256 3462; x_wconf 92' lang='lat' dir='ltr'>locutio</span> <span class='ocrx_word' id='word_1_249' title='bbox 1270 3398 1319 3462; x_wconf 82' lang='lat' dir='ltr'>eet</span> 
     </span>
     <span class='ocr_line' id='line_1_29' title="bbox 198 3493 1318 3580; baseline 0.007 -22"><span class='ocrx_word' id='word_1_250' title='bbox 198 3512 276 3577; x_wconf 88' lang='lat' dir='ltr'>quae</span> <span class='ocrx_word' id='word_1_251' title='bbox 305 3513 378 3560; x_wconf 92' lang='lat' dir='ltr'>cum</span> <span class='ocrx_word' id='word_1_252' title='bbox 408 3493 451 3568; x_wconf 86' lang='lat' dir='ltr'>lit,</span> <span class='ocrx_word' id='word_1_253' title='bbox 481 3493 534 3557; x_wconf 95' lang='lat' dir='ltr'>ubi</span> <span class='ocrx_word' id='word_1_254' title='bbox 558 3493 624 3558; x_wconf 89' lang='lat' dir='ltr'>lieri</span> <span class='ocrx_word' id='word_1_255' title='bbox 646 3494 732 3572; x_wconf 84' lang='lat' dir='ltr'>solet,</span> <span class='ocrx_word' id='word_1_256' title='bbox 755 3495 821 3560; x_wconf 85' lang='lat' dir='ltr'>siue</span> <span class='ocrx_word' id='word_1_257' title='bbox 844 3496 950 3563; x_wconf 87' lang='lat' dir='ltr'>labore</span> <span class='ocrx_word' id='word_1_258' title='bbox 971 3500 1112 3580; x_wconf 86' lang='lat' dir='ltr'>sequitur</span> <span class='ocrx_word' id='word_1_259' title='bbox 1133 3500 1318 3580; x_wconf 76' lang='lat' dir='ltr'>intellectu,</span> 
     </span>
     <span class='ocr_line' id='line_1_30' title="bbox 197 3597 1316 3684; baseline 0.001 -21"><span class='ocrx_word' id='word_1_260' title='bbox 197 3616 267 3663; x_wconf 89' lang='lat' dir='ltr'>ourn</span> <span class='ocrx_word' id='word_1_261' title='bbox 297 3612 381 3677; x_wconf 91' lang='lat' dir='ltr'>uero,</span> <span class='ocrx_word' id='word_1_262' title='bbox 404 3597 458 3662; x_wconf 93' lang='lat' dir='ltr'>ubi</span> <span class='ocrx_word' id='word_1_263' title='bbox 485 3615 546 3662; x_wconf 93' lang='lat' dir='ltr'>nou</span> <span class='ocrx_word' id='word_1_264' title='bbox 568 3598 658 3681; x_wconf 85' lang='lat' dir='ltr'>solet,</span> <span class='ocrx_word' id='word_1_265' title='bbox 690 3599 860 3682; x_wconf 89' lang='lat' dir='ltr'>laboratur,</span> <span class='ocrx_word' id='word_1_266' title='bbox 892 3604 928 3665; x_wconf 89' lang='lat' dir='ltr'>ut</span> <span class='ocrx_word' id='word_1_267' title='bbox 958 3601 1174 3684; x_wconf 85' lang='lat' dir='ltr'>intellegatur,</span> <span class='ocrx_word' id='word_1_268' title='bbox 1196 3605 1234 3670; x_wconf 90' lang='lat' dir='ltr'>ab</span> <span class='ocrx_word' id='word_1_269' title='bbox 1256 3601 1316 3669; x_wconf 85' lang='lat' dir='ltr'>aliie</span> 
     </span>
     <span class='ocr_line' id='line_1_31' title="bbox 196 3699 1338 3784; baseline 0.006 -19"><span class='ocrx_word' id='word_1_270' title='bbox 196 3702 309 3783; x_wconf 83' lang='lat' dir='ltr'>magle,</span> <span class='ocrx_word' id='word_1_271' title='bbox 338 3701 377 3765; x_wconf 89' lang='lat' dir='ltr'>ab</span> <span class='ocrx_word' id='word_1_272' title='bbox 399 3699 470 3766; x_wconf 87' lang='lat' dir='ltr'>aliie</span> <span class='ocrx_word' id='word_1_273' title='bbox 492 3700 607 3779; x_wconf 86' lang='lat' dir='ltr'>minue,</span> <span class='ocrx_word' id='word_1_274' title='bbox 630 3701 712 3766; x_wconf 84' lang='lat' dir='ltr'>sicet</span> <span class='ocrx_word' id='word_1_275' title='bbox 735 3703 836 3784; x_wconf 86' lang='lat' dir='ltr'>magis</span> <span class='ocrx_word' id='word_1_276' title='bbox 860 3703 1002 3770; x_wconf 87' lang='lat' dir='ltr'>minusue</span> <span class='ocrx_word' id='word_1_277' title='bbox 1026 3705 1104 3770; x_wconf 91' lang='lat' dir='ltr'>dona</span> <span class='ocrx_word' id='word_1_278' title='bbox 1127 3708 1177 3772; x_wconf 84' lang='lat' dir='ltr'>dei</span> <span class='ocrx_word' id='word_1_279' title='bbox 1199 3709 1270 3773; x_wconf 87' lang='lat' dir='ltr'>eunt</span> <span class='ocrx_word' id='word_1_280' title='bbox 1290 3704 1338 3772; x_wconf 82' lang='lat' dir='ltr'>ino</span> 
     </span>
    </p>
   </div>
   <div class='ocr_carea' id='block_1_3' title="bbox 195 3871 1258 4019">
    <p class='ocr_par' dir='ltr' id='par_1_4' title="bbox 195 3871 1258 4019">
     <span class='ocr_line' id='line_1_32' title="bbox 298 3871 1258 3947; baseline 0.008 -22"><span class='ocrx_word' id='word_1_281' title='bbox 298 3872 312 3925; x_wconf 94' lang='grc'><strong>1</strong></span> <span class='ocrx_word' id='word_1_282' title='bbox 340 3871 374 3925; x_wconf 82' lang='lat' dir='ltr'>ct.</span> <span class='ocrx_word' id='word_1_283' title='bbox 393 3871 460 3940; x_wconf 76' lang='lat' dir='ltr'>npn</span> <span class='ocrx_word' id='word_1_284' title='bbox 485 3875 509 3937; x_wconf 97' lang='grc'>1,</span> <span class='ocrx_word' id='word_1_285' title='bbox 528 3872 562 3926; x_wconf 90' lang='grc'>22</span> <span class='ocrx_word' id='word_1_286' title='bbox 668 3875 698 3927; x_wconf 89' lang='grc'>11</span> <span class='ocrx_word' id='word_1_287' title='bbox 726 3874 759 3928; x_wconf 83' lang='lat' dir='ltr'>ci.</span> <span class='ocrx_word' id='word_1_288' title='bbox 778 3874 841 3929; x_wconf 88' lang='lat' dir='ltr'>Luc.</span> <span class='ocrx_word' id='word_1_289' title='bbox 859 3876 884 3939; x_wconf 85' lang='lat'>3,</span> <span class='ocrx_word' id='word_1_290' title='bbox 905 3877 936 3930; x_wconf 79' lang='lat'>17</span> <span class='ocrx_word' id='word_1_291' title='bbox 1041 3878 1074 3932; x_wconf 95' lang='grc'>12</span> <span class='ocrx_word' id='word_1_292' title='bbox 1102 3877 1145 3933; x_wconf 81' lang='lat' dir='ltr'>Er.</span> <span class='ocrx_word' id='word_1_293' title='bbox 1166 3880 1258 3947; x_wconf 81' lang='lat'>14,12</span> 
     </span>
     <span class='ocr_line' id='line_1_33' title="bbox 195 3954 421 4019; baseline 0 -10"><span class='ocrx_word' id='word_1_294' title='bbox 195 3954 231 4009; x_wconf 88' lang='grc'>20</span> <span class='ocrx_word' id='word_1_295' title='bbox 248 3956 281 4009; x_wconf 81' lang='lat' dir='ltr'>ci.</span> <span class='ocrx_word' id='word_1_296' title='bbox 300 3955 344 4009; x_wconf 84' lang='lat' dir='ltr'>Pe.</span> <span class='ocrx_word' id='word_1_297' title='bbox 363 3958 421 4019; x_wconf 83' lang='lat'>1‚4</span> 
     </span>
    </p>
   </div>
   <div class='ocr_carea' id='block_1_4' title="bbox 193 4109 1318 4357">
    <p class='ocr_par' dir='ltr' id='par_1_5' title="bbox 193 4109 1318 4357">
     <span class='ocr_line' id='line_1_34' title="bbox 248 4109 1260 4191; baseline 0.015 -27"><span class='ocrx_word' id='word_1_298' title='bbox 248 4112 260 4164; x_wconf 95' lang='lat' dir='ltr'>l</span> <span class='ocrx_word' id='word_1_299' title='bbox 284 4126 351 4178; x_wconf 84' lang='lat' dir='ltr'>quae</span> <span class='ocrx_word' id='word_1_300' title='bbox 375 4109 408 4164; x_wconf 84' lang='lat' dir='ltr'>V:</span> <span class='ocrx_word' id='word_1_301' title='bbox 438 4111 508 4180; x_wconf 86' lang='lat' dir='ltr'>quod</span> <span class='ocrx_word' id='word_1_302' title='bbox 531 4114 559 4167; x_wconf 89' lang='lat' dir='ltr'><strong><em>P</em></strong></span> <span class='ocrx_word' id='word_1_303' title='bbox 660 4114 677 4169; x_wconf 89' lang='grc'><strong>2</strong></span> <span class='ocrx_word' id='word_1_304' title='bbox 700 4129 813 4186; x_wconf 89' lang='lat' dir='ltr'>reguum</span> <span class='ocrx_word' id='word_1_305' title='bbox 837 4115 922 4186; x_wconf 86' lang='lat' dir='ltr'>V(m.</span> <span class='ocrx_word' id='word_1_306' title='bbox 941 4123 957 4170; x_wconf 90' lang='lat'><strong><em>1</em></strong></span> <span class='ocrx_word' id='word_1_307' title='bbox 974 4123 1001 4172; x_wconf 82' lang='lat' dir='ltr'>et</span> <span class='ocrx_word' id='word_1_308' title='bbox 1018 4121 1062 4183; x_wconf 77' lang='lat'>2):</span> <span class='ocrx_word' id='word_1_309' title='bbox 1094 4136 1180 4191; x_wconf 85' lang='lat' dir='ltr'>reguo</span> <span class='ocrx_word' id='word_1_310' title='bbox 1206 4122 1260 4179; x_wconf 97' lang='lat' dir='ltr'>GP</span> 
     </span>
     <span class='ocr_line' id='line_1_35' title="bbox 194 4196 1316 4279; baseline 0.007 -28"><span class='ocrx_word' id='word_1_311' title='bbox 194 4196 282 4267; x_wconf 82' lang='lat' dir='ltr'>gloria</span> <span class='ocrx_word' id='word_1_312' title='bbox 307 4196 471 4263; x_wconf 72' lang='lat' dir='ltr'>sempiterne</span> <span class='ocrx_word' id='word_1_313' title='bbox 501 4198 555 4252; x_wconf 88' lang='lat' dir='ltr'>GP</span> <span class='ocrx_word' id='word_1_314' title='bbox 662 4203 679 4255; x_wconf 85' lang='lat'>5</span> <span class='ocrx_word' id='word_1_315' title='bbox 706 4202 810 4271; x_wconf 90' lang='lat' dir='ltr'>corpori</span> <span class='ocrx_word' id='word_1_316' title='bbox 836 4202 872 4257; x_wconf 86' lang='lat' dir='ltr'>V:</span> <span class='ocrx_word' id='word_1_317' title='bbox 907 4202 991 4273; x_wconf 88' lang='lat' dir='ltr'>capiti</span> <span class='ocrx_word' id='word_1_318' title='bbox 1020 4203 1076 4259; x_wconf 87' lang='lat' dir='ltr'>GP</span> <span class='ocrx_word' id='word_1_319' title='bbox 1178 4208 1261 4279; x_wconf 83' lang='lat' dir='ltr'>capiti</span> <span class='ocrx_word' id='word_1_320' title='bbox 1285 4206 1316 4263; x_wconf 84' lang='lat' dir='ltr'>V:</span> 
     </span>
     <span class='ocr_line' id='line_1_36' title="bbox 193 4279 1318 4357; baseline 0.011 -22"><span class='ocrx_word' id='word_1_321' title='bbox 193 4280 296 4350; x_wconf 89' lang='lat' dir='ltr'>corpori</span> <span class='ocrx_word' id='word_1_322' title='bbox 323 4279 378 4335; x_wconf 89' lang='lat' dir='ltr'>GP</span> <span class='ocrx_word' id='word_1_323' title='bbox 485 4281 519 4336; x_wconf 87' lang='grc'>12</span> <span class='ocrx_word' id='word_1_324' title='bbox 542 4285 674 4351; x_wconf 87' lang='lat' dir='ltr'>quomodo</span> <span class='ocrx_word' id='word_1_325' title='bbox 699 4286 764 4342; x_wconf 85' lang='lat' dir='ltr'>PV=</span> <span class='ocrx_word' id='word_1_326' title='bbox 794 4288 925 4357; x_wconf 88' lang='lat' dir='ltr'>quomodo</span> <span class='ocrx_word' id='word_1_327' title='bbox 949 4288 1022 4343; x_wconf 88' lang='lat' dir='ltr'>euim</span> <span class='ocrx_word' id='word_1_328' title='bbox 1049 4289 1075 4346; x_wconf 93' lang='lat' dir='ltr'><strong><em>G</em></strong></span> <span class='ocrx_word' id='word_1_329' title='bbox 1179 4294 1276 4350; x_wconf 85' lang='lat' dir='ltr'>cecidit</span> <span class='ocrx_word' id='word_1_330' title='bbox 1291 4292 1318 4347; x_wconf 81' lang='lat' dir='ltr'>dc</span> 
     </span>
    </p>
   </div>
   <div class='ocr_carea' id='block_1_5' title="bbox 192 4366 1321 4521">
    <p class='ocr_par' dir='ltr' id='par_1_6' title="bbox 192 4366 1321 4521">
     <span class='ocr_line' id='line_1_37' title="bbox 192 4366 1321 4454; baseline 0.012 -32"><span class='ocrx_word' id='word_1_331' title='bbox 192 4367 266 4423; x_wconf 81' lang='lat' dir='ltr'>caelo</span> <span class='ocrx_word' id='word_1_332' title='bbox 286 4366 342 4422; x_wconf 91' lang='lat' dir='ltr'>GP</span> <span class='ocrx_word' id='word_1_333' title='bbox 443 4367 476 4421; x_wconf 80' lang='lat'>14</span> <span class='ocrx_word' id='word_1_334' title='bbox 499 4367 610 4424; x_wconf 85' lang='lat' dir='ltr'>eandem</span> <span class='ocrx_word' id='word_1_335' title='bbox 629 4371 695 4428; x_wconf 89' lang='lat' dir='ltr'>GP:</span> <span class='ocrx_word' id='word_1_336' title='bbox 724 4373 814 4429; x_wconf 80' lang='lat' dir='ltr'>eedem</span> <span class='ocrx_word' id='word_1_337' title='bbox 836 4373 920 4444; x_wconf 82' lang='lat' dir='ltr'>V(m.</span> <span class='ocrx_word' id='word_1_338' title='bbox 938 4379 954 4429; x_wconf 88' lang='lat'><em>1</em></span> <span class='ocrx_word' id='word_1_339' title='bbox 971 4380 998 4430; x_wconf 77' lang='lat' dir='ltr'>ot</span> <span class='ocrx_word' id='word_1_340' title='bbox 1016 4377 1047 4443; x_wconf 79' lang='lat'>2)</span> <span class='ocrx_word' id='word_1_341' title='bbox 1152 4380 1190 4436; x_wconf 86' lang='grc'>20</span> <span class='ocrx_word' id='word_1_342' title='bbox 1213 4382 1321 4454; x_wconf 80' lang='lat' dir='ltr'>proiciat</span> 
     </span>
     <span class='ocr_line' id='line_1_38' title="bbox 193 4451 456 4521; baseline -0.004 -13"><span class='ocrx_word' id='word_1_343' title='bbox 193 4452 273 4508; x_wconf 86' lang='lat' dir='ltr'><strong><em>P¹V=</em></strong></span> <span class='ocrx_word' id='word_1_344' title='bbox 303 4451 401 4521; x_wconf 88' lang='lat' dir='ltr'>proicit</span> <span class='ocrx_word' id='word_1_345' title='bbox 417 4452 456 4507; x_wconf 79' lang='lat'>1³¹</span> 
     </span>
    </p>
   </div>
   <div class='ocr_carea' id='block_1_6' title="bbox 0 57 1384 4814">
    <p class='ocr_par' dir='ltr' id='par_1_7' title="bbox 0 57 1384 4814">
     <span class='ocr_line' id='line_1_39' title="bbox 0 57 1384 4814; baseline 0 4"><span class='ocrx_word' id='word_1_346' title='bbox 0 57 1384 4814; x_wconf 95' lang='lat' dir='ltr'> </span> 
     </span>
    </p>
   </div>
  </div>
 </body>
</html>
