2760 4814
153 541 217 607 900
635 538 798 607 augrpprr

152 730 286 795 ueritate
308 734 349 808 et,
373 729 445 812 quia
467 728 527 795 iam
552 730 585 793 in
614 749 687 795 suas
709 729 882 796 sententias
904 729 1096 805 assiderunt,
1119 730 1208 797 uinci
1230 748 1282 795 no·

152 832 299 912 lentium;
314 832 427 913 uidete,
444 834 568 899 obsecro
582 852 647 900 uos.
665 851 735 899 ecoe
745 835 830 899 enim
846 833 966 899 inuenit
981 834 1065 916 quod
1077 832 1205 911 diceret,
1218 835 1281 899 ideo

151 953 206 1000 nos
229 935 346 1000 dicere:
375 955 420 1000 ne
441 954 508 1000 nos
538 936 688 1001 inieras
711 939 748 1002 in
777 936 1071 1011 temtationem,
1101 955 1141 1001 ne
1165 934 1279 1018 aliquid

150 1037 236 1101 nobis
252 1038 414 1123 contingat
430 1040 510 1121 quod
533 1059 594 1105 non
615 1040 766 1104 habemus
788 1039 821 1103 in
844 1042 998 1121 potestate
1020 1040 1192 1104 secundum
1216 1058 1277 1104 cor·

149 1143 230 1224 poris
254 1142 478 1207 temtationem.
516 1142 587 1206 inde
614 1161 684 1225 ergo
712 1142 835 1208 dicebat
859 1142 1017 1207 dominus:
1050 1142 1222 1226 uigilata
1244 1144 1302 1206 ets

150 1244 275 1323 orate,
299 1263 343 1309 ne
366 1246 532 1310 intretis
554 1247 593 1310 in
614 1246 920 1310 temtationem?
943 1246 1000 1311 hoo
1023 1246 1160 1311 dicebat:
1184 1246 1274 1327 uigi-

148 1344 230 1411 lato
254 1351 292 1411 et
314 1352 441 1421 orate,
465 1369 503 1412 na
518 1349 630 1431 pedem
645 1350 799 1432 frangatis
821 1353 876 1414 aut
894 1368 931 1414 ne
953 1354 1046 1432 eaput
1069 1350 1202 1413 doleatis
1224 1350 1273 1412 aut

147 1468 186 1515 ne
199 1452 232 1515 in
255 1451 404 1516 damnum
427 1452 620 1517 incurratis?
642 1471 702 1518 non
724 1452 782 1517 hoo
804 1452 937 1517 dicebat.
969 1453 1025 1517 sed
1040 1451 1117 1533 quid
1131 1452 1272 1517 dicebat?

148 1553 227 1634 quod
250 1555 342 1619 Petro
365 1556 457 1620 dixit:
480 1555 619 1639 rogaui
642 1559 783 1638 prote,
807 1576 852 1619 ne
875 1555 1175 1621 delicistiides
1198 1560 1270 1631 tna,

147 1657 298 1739 rogaui,
326 1657 439 1738 inquit,
468 1676 534 1738 pro
556 1661 614 1738 te,
650 1658 726 1723 dicit
748 1659 823 1723 deus
844 1658 974 1738 homini,
1003 1658 1149 1724 dominus
1178 1676 1296 1735 seruopo

146 1761 295 1842 magister
324 1760 488 1843 discipulo,
517 1761 654 1828 modicus
677 1773 818 1845 aegroto:
842 1762 988 1845 rogaui
1010 1781 1079 1844 pro
1102 1768 1155 1826 to.
1200 1761 1268 1845 quid

145 1881 189 1927 ne
210 1863 400 1929 deficiat?
424 1865 520 1946 quid?
542 1885 652 1930 manus
675 1871 738 1944 tua,
762 1886 815 1949 pes
838 1869 921 1943 tuus,
944 1866 1052 1930 oculus
1069 1869 1153 1945 tuus,
1170 1865 1267 1949 lingua

144 1970 208 2043 tua,
233 1966 338 2048 aliqua
359 1968 519 2051 paralysis,
543 1969 575 2034 id
600 1973 647 2034 est
669 1970 832 2034 dissolutio
862 1970 1097 2034 membrorum?
1120 1987 1192 2047 non,
1218 1966 1265 2032 sed

144 2088 188 2134 ne
203 2071 370 2136 deficiat
392 2072 407 2135 i
410 2072 494 2136 ides
510 2074 588 2137 tua.
612 2072 781 2137 seeundum
797 2074 874 2137 istos
890 2074 922 2137 in
938 2075 1095 2155 potestate
1111 2072 1265 2147 habemus,

143 2192 181 2237 ne
196 2173 321 2238 dafieiat
342 2173 417 2239 fides
440 2180 554 2240 nostra.
1271 2199 1290 2239 n

184 2292 286 2373 Quare
309 2314 362 2378 pro
387 2296 475 2360 nobis
497 2298 624 2379 rogatur
646 2294 730 2375 dens,
746 2298 782 2359 ut
797 2296 945 2361 concedat
959 2313 1067 2379 rogare
1083 2295 1174 2360 nohis
1189 2294 1261 2378 quod

140 2398 195 2461 isti
219 2398 328 2464 diount
349 2418 404 2465 nos
427 2417 488 2463 non
510 2398 622 2463 debere
643 2417 662 2463 a
683 2400 871 2481 sempiterna
893 2399 1068 2477 maiestate,
1090 2399 1146 2464 sed
1160 2400 1262 2465 habero

140 2501 173 2566 in
195 2505 362 2585 potestate.
397 2504 637 2580 benedictiones,
661 2503 773 2568 fratres
795 2503 867 2581 mei,
890 2503 1120 2568 benedictiones
1136 2508 1261 2579 nostras,

140 2626 216 2689 quas
243 2626 337 2690 super
364 2626 418 2672 uos
448 2607 592 2683 facimus,
622 2608 785 2683 euacuant,
816 2606 1004 2683 exinaniunt,
1035 2605 1170 2671 elidunt.
1213 2624 1260 2670 au·

139 2708 229 2774 distis
251 2729 312 2785 me,
336 2710 435 2789 oredo,
459 2711 570 2775 fratres
592 2712 663 2790 mei,
686 2712 808 2791 quando
831 2710 914 2775 dieo:
940 2709 1080 2773 oonuersi
1103 2710 1144 2774 ad
1167 2710 1285 2776 domi-s

138 2831 214 2876 num
236 2812 455 2877 benedicamus
479 2831 592 2876 nomen
616 2813 693 2891 eius,
717 2813 769 2877 det
791 2813 877 2878 nobis
901 2829 1097 2895 perseuerare
1119 2814 1153 2877 in
1176 2831 1258 2878 man·

138 2916 218 2980 datis
241 2916 318 2998 suis,
342 2915 504 2981 ambulare
525 2916 558 2980 in
581 2919 633 2981 uia
655 2917 738 2981 recta
761 2915 943 2981 eruditionis
965 2935 1048 2993 sune,
1072 2917 1196 3000 placere
1216 2911 1257 2979 illi

136 3019 171 3083 in
199 3019 283 3084 omni
312 3037 402 3101 opere
430 3018 511 3084 bono
540 3022 571 3083 et
602 3023 705 3084 uetera
735 3020 819 3083 talia.
865 3036 999 3099 prorsus,
1028 3019 1186 3103 inquiunt,
1208 3019 1258 3083 hoo

136 3124 240 3186 totum
263 3122 296 3186 in
319 3124 474 3205 potestate
496 3126 602 3188 nostra
625 3127 672 3187 est
695 3122 910 3188 constitutum.
955 3139 1028 3204 ergo
1050 3141 1107 3187 nos
1131 3123 1257 3188 inaniter

136 3227 212 3291 talia
241 3225 330 3291 uobis
358 3229 509 3309 optamus.
538 3226 740 3291 defendamus
770 3244 823 3290 nos
852 3230 884 3291 et
911 3244 979 3307 uos,
1001 3244 1040 3290 no
1061 3230 1095 3290 et
1117 3245 1173 3291 nos
1196 3226 1284 3291 sines

136 3347 229 3394 eausa
249 3326 471 3393 benedicamus
493 3334 525 3393 et
548 3347 602 3393 uos
625 3328 692 3392 sine
708 3345 801 3393 eausa
815 3347 906 3392 amen
923 3328 1111 3394 susenbatis.
1151 3328 1259 3394 fratres

134 3432 206 3510 mei,
231 3451 320 3498 amen
343 3435 484 3498 uestrum
507 3433 671 3514 suscriptio
693 3433 798 3497 uestra
820 3435 878 3514 est,
902 3432 1059 3497 consensio
1081 3439 1190 3499 nestra
1206 3438 1258 3516 ost,

235 3644 252 3698 3
270 3644 369 3698 Matth.
387 3646 413 3710 6,
431 3646 464 3699 13
567 3644 700 3698 suetan.
718 3644 761 3701 26.
780 3645 812 3698 41
918 3646 934 3697 o
953 3646 1015 3699 Luc.
1033 3644 1076 3713 22,
1096 3647 1131 3700 32

183 3839 278 3891 lanas
296 3839 363 3893 PV:
393 3854 440 3893 sna
461 3838 487 3892 G
584 3839 736 3893 acciderunt
753 3839 790 3893 V:
821 3839 987 3894 »oeciderunt
1006 3846 1032 3903 (a
1045 3845 1112 3906 ras.)
1133 3842 1162 3896 G
1193 3847 1261 3900 ceei-

132 3923 269 3978 doruntP
351 3924 423 3978 uinci
438 3924 506 3979 GV:
533 3925 641 3978 uinculo
654 3925 682 3979 P
765 3926 923 3994 nolentium]
942 3926 1143 3995 neglegentium
1165 3931 1194 3985 P

130 4006 227 4097 tuito
245 4044 289 4109 (de
306 4045 371 4099 add.
389 4062 424 4099 m.
441 4049 472 4113 2)
495 4047 523 4101 P
632 4062 688 4100 ecoe
705 4046 776 4100 enirn
794 4046 861 4101 PV:
891 4031 1037 4101 eoeniinG
1142 4052 1218 4119 qnod
1237 4056 1263 4122 (o

131 4144 164 4181 en
182 4128 193 4180 i
210 4144 280 4183 corr.
298 4145 333 4185 m.
351 4133 380 4197 2)
407 4131 436 4186 P
537 4134 569 4186 13
596 4132 726 4201 paralysis
754 4132 821 4186 PV:
851 4132 967 4201 paralysi
992 4150 1009 4186 a
1114 4134 1263 4193 dissolutio

128 4212 197 4269 PV:
213 4214 418 4272 dissolutiones
495 4220 528 4273 16
540 4235 632 4288 rogare
643 4218 721 4275 nobis
735 4218 769 4274 V:
788 4234 882 4287 rogare
895 4235 941 4287 pro
953 4219 1032 4274 nobis
1044 4220 1072 4274 P
1157 4226 1191 4278 17
1204 4242 1263 4281 ms·

129 4302 235 4371 gestate
255 4301 310 4356 GP
402 4302 448 4357 ssd
465 4303 562 4359 hebere
579 4306 608 4359 in
626 4307 759 4376 potestate
779 4304 845 4359 GP:
874 4321 924 4359 om.
943 4306 1005 4361 MV
1103 4309 1136 4363 19
1155 4312 1263 4368 auditis

128 4388 156 4442 P
247 4387 282 4441 ᾖ
299 4392 372 4442 reeta
391 4389 460 4444 GP:
490 4390 623 4445 reotsoV
713 4390 934 4445 eruditionisl'
1026 4392 1060 4447 26
1077 4394 1262 4455 subscribatis

129 4474 184 4531 ui>
285 4474 499 4544 etsubscriptio
518 4476 574 4531 GP
