2760 4814
228 337 395 408 Excerpta
412 352 447 392 cx
464 353 533 409 opp.
553 338 579 393 S.
597 337 789 407 Augustini
812 336 910 394 CCLV.
928 336 1044 395 ccbvb
1138 339 1201 408 827

64 526 189 594 tudinis
218 529 352 594 alicuius
382 530 485 612 gratia
513 533 681 614 ponuntur.
727 548 800 596 uam
830 533 862 596 et
892 531 929 595 de
956 534 1096 613 serpente
1119 530 1201 613 quod

64 632 179 697 notum
207 635 255 697 est
287 633 391 697 totum
426 649 536 713 corpus
559 651 630 696 eum
654 650 710 715 pro
736 634 838 715 capite
860 632 981 699 obicere
1006 626 1200 713 ferientibus,

66 742 220 819 quantum
247 736 398 801 inlustrat
420 755 547 801 sensnm
569 736 670 814 illum,
695 736 777 820 quod
800 736 945 802 dominus
967 736 1057 802 iubet
1079 738 1201 802 astutos

65 856 124 905 nos
155 858 222 904 esse
252 841 333 904 sicut
362 844 531 922 serpentes,
566 841 603 905 ut
633 840 753 906 scilicet
775 858 830 924 pro
853 841 957 923 capite
978 843 1095 923 nostro,
1119 844 1201 924 quod

40 946 118 1008 sest
144 941 299 1021 Christus,
322 961 434 1024 corpus
457 943 562 1025 potins
584 944 841 1026 persequentibus
864 943 1038 1021 offeramus,
1063 963 1101 1008 ne
1123 944 1201 1010 fides

65 1044 241 1112 christiana
263 1052 426 1129 tamquam
449 1050 543 1129 caput
567 1048 696 1112 nocetur
718 1048 751 1112 in
774 1048 874 1125 nobis,
898 1049 926 1112 si
947 1050 1109 1129 parcentes
1132 1064 1201 1112 cor·

64 1150 137 1232 pori
166 1168 316 1233 negemus
346 1151 448 1216 doum.
494 1153 545 1216 uel
571 1150 660 1229 illud,
684 1151 765 1234 quod
787 1171 842 1234 por
864 1170 1014 1217 cauernae
1037 1151 1201 1233 angustias

66 1254 228 1319 coartatus
258 1256 399 1337 deposita
427 1256 534 1320 uetere
556 1255 665 1320 tunica
687 1255 770 1320 uires
794 1273 889 1320 nouas
912 1256 1049 1336 accipere
1073 1253 1200 1331 dicitur,

65 1358 224 1439 quantum
247 1358 383 1423 concinit
406 1358 445 1422 ad
468 1357 655 1423 imitandam
676 1360 829 1440 serpentis
844 1357 995 1423 astutiam
1011 1356 1199 1422 eruendum-

28 1479 130 1544 roque
159 1461 264 1542 ipsum
296 1465 434 1526 ueterem
466 1461 633 1540 hominem,
657 1462 739 1527 sicut
761 1463 917 1547 apostolus
940 1460 1026 1539 dicit,
1049 1460 1085 1525 ut
1107 1459 1201 1525 iudu-

64 1582 159 1630 amur
182 1582 272 1642 nouo,
302 1567 333 1629 et
357 1565 529 1630 exuendum
553 1585 608 1649 per
637 1566 798 1648 angustias
827 1565 948 1630 dicente
970 1564 1110 1629 domiuo:
1144 1562 1200 1627 in·

66 1668 177 1732 trata
198 1685 265 1749 per
288 1671 498 1751 angustam
520 1672 688 1750 portam!
711 1671 747 1732 nt
770 1685 843 1753 ergo
860 1668 973 1733 notitia
988 1671 1119 1732 naturae
1135 1684 1202 1731 ser·

64 1770 173 1853 pontis
203 1772 351 1836 inlustrat
381 1770 499 1836 multas
532 1771 768 1855 similitudines,
799 1790 876 1854 quas
899 1773 937 1836 de
960 1770 1017 1837 hcc
1039 1769 1202 1835 animante

65 1874 225 1958 scriptura
237 1874 311 1939 dare
325 1874 497 1954 consueuit,
514 1875 560 1941 sic
575 1876 752 1958 ignorantia
768 1876 988 1940 nonnullorum
1005 1873 1201 1951 animalium,

31 1995 149 2059 requae
172 1994 234 2041 ncn
257 1977 360 2043 minus
383 1998 438 2061 per
455 1979 677 2044 similitudines
700 1981 931 2061 commemorat,
956 1977 1086 2061 impedit
1101 1976 1201 2060 pluri·

66 2099 156 2146 mum
189 2081 432 2162 intellectorem3
467 2083 512 2146 sic
542 2081 692 2164 lapidum,
723 2083 768 2146 sic
797 2081 960 2146 herbarum
990 2081 1041 2145 nel
1064 2097 1202 2162 quaeque

67 2187 215 2249 tenentur
238 2185 405 2250 radicibus.
440 2205 512 2250 nam
540 2188 572 2250 et
602 2184 782 2250 carbunculi
814 2184 935 2261 notitia,
958 2186 1039 2267 quod
1062 2183 1145 2246 lucet
1166 2182 1200 2246 in

67 2285 216 2365 tenebris,
241 2288 341 2353 multa
363 2289 532 2354 inluminat
555 2289 652 2355 ctiam
674 2288 806 2355 obscura
827 2288 990 2361 librorum,
1014 2286 1203 2369 ubicumque

68 2394 198 2475 propter
227 2391 471 2458 similitudinem
494 2393 630 2477 ponitur,
662 2395 695 2457 et
716 2392 895 2476 ignorantia
917 2390 1030 2475 berylli
1053 2389 1104 2455 uel
1127 2389 1200 2453 ada·

36 2493 187 2559 comantis
218 2495 341 2560 claudet
363 2496 544 2579 plerumque
568 2497 801 2580 intellegentiae
827 2497 917 2561 fores.
964 2513 1019 2561 uec
1042 2493 1136 2559 aliam
1160 2491 1200 2558 cb

68 2613 196 2662 causam
221 2597 312 2662 facile
335 2604 382 2662 est
404 2598 587 2683 intellegere
603 2617 712 2682 pacem
727 2601 911 2682 perpetuam
927 2595 1100 2683 significari
1116 2596 1202 2662 oleae

70 2699 205 2774 ramulo,
235 2720 328 2782 quem
358 2703 478 2768 rediens
508 2704 547 2768 ad
577 2722 680 2769 arcam
708 2702 853 2768 columba
876 2701 1018 2785 pertulit,
1043 2699 1103 2765 nisi
1126 2700 1201 2783 quia

66 2802 215 2869 nouimus
250 2809 281 2869 et
309 2806 369 2870 clei
398 2804 502 2871 lenem
532 2807 710 2872 contactum
739 2824 801 2871 non
831 2806 921 2872 facile
949 2805 1049 2870 alieno
1072 2803 1202 2868 humore

66 2906 226 2989 corrumpi
249 2910 280 2971 et
309 2909 450 2973 arborem
473 2910 574 2992 ipsam
597 2909 738 2975 frondere
761 2910 946 2991 perenniter.
977 2907 1070 2972 multi
1094 2908 1201 2972 autem

36 3011 196 3093 eapropter
218 3008 426 3093 ignorantiam
451 3011 569 3096 hysopi,
599 3013 676 3077 dum
697 3013 849 3090 nesciunt,
881 3030 976 3094 quam
998 3011 1063 3076 uim
1087 3010 1202 3074 babeat

63 3114 118 3179 uel
138 3111 179 3177 ad
202 3115 398 3198 purgandum
414 3116 595 3198 pulmonem
610 3114 673 3195 uel,
698 3118 734 3179 nt
753 3114 879 3191 dicitnr,
903 3116 941 3179 ad
957 3132 1029 3178 sara
1044 3112 1201 3177 radicibus

59 3216 272 3301 penetranda,
303 3236 374 3283 cum
403 3220 444 3284 sit
474 3218 569 3285 herba
597 3218 700 3283 breuis
723 3222 817 3300 atque
840 3216 980 3300 humilis,
1003 3216 1129 3282 omnino
1152 3215 1200 3279 in-

173 3436 246 3491 3cl'.
264 3438 363 3493 Macen.
383 3440 423 3503 10,
443 3439 475 3494 16
580 3439 613 3493 10
636 3438 670 3493 cl'.
689 3439 756 3509 Eph.
773 3441 799 3505 4,
816 3438 857 3493 22.
876 3439 910 3494 24
945 3439 1000 3494 Col.
1019 3439 1045 3505 3,
1062 3440 1131 3508 9sq.

60 3525 97 3579 11
120 3522 266 3588 nactur,
285 3524 318 3578 13
420 3524 454 3578 22
476 3524 508 3579 cl.
528 3524 593 3578 Gen.
612 3525 637 3591 8,
655 3525 687 3578 11

117 3727 237 3795 caput
254 3726 289 3782 V:
316 3744 367 3783 cm.
387 3728 458 3783 GPc
550 3731 658 3783 necetur
678 3728 757 3785 0³1⁷:
788 3735 901 3799 negetur
922 3730 1003 3786 G¹Po
1095 3731 1202 3784 8ooar·

57 3812 156 3883 tatus]
186 3816 321 3868 mactatur
350 3814 389 3868 Vc
527 3816 561 3870 15
588 3815 782 3869 similitudines
813 3816 848 3870 V:
883 3816 1091 3871 similitudinem
1116 3833 1132 3871 ιι

58 3918 259 3973 commemorat
290 3916 325 3972 V:
361 3900 466 3972 ιοῖιιιιιι
494 3922 623 3972 memorat
649 3936 666 3974 ιι
771 3919 918 3988 plurimum
949 3920 985 3973 V:
1021 3921 1201 3990 plurimorum

61 4020 80 4057 ιι
190 4003 224 4057 16
246 4004 442 4058 intellectorem
465 4004 501 4058 V:
532 4004 699 4059 intellectum
724 4023 740 4060 o
843 4022 963 4075 quaeque
983 4007 1067 4063 GPo:
1098 4021 1203 4077 quaque

67 4090 97 4146 V
201 4091 234 4144 19
252 4090 374 4145 berillis
476 4090 637 4145 boclanda
659 4091 695 4145 V:
726 4091 918 4147 clauditGPo
1020 4092 1050 4147 21
1071 4092 1144 4147 olcas
1164 4090 1202 4146 V:

66 4176 157 4304 ξεῖν
252 4177 288 4230 22
304 4177 408 4231 ramulo
431 4176 468 4231 V:
495 4177 646 4231 ramusculo
666 4178 707 4233 θι
802 4178 835 4231 25
852 4178 963 4246 ysopic
1061 4178 1094 4232 27
1112 4176 1204 4232 breuis

102 4262 233 4304 ..ηιιιιι
250 4279 267 4304 n
