<?xml version="1.0" encoding="UTF-8"?>
<!DOCTYPE html PUBLIC "-//W3C//DTD XHTML 1.0 Transitional//EN"
    "http://www.w3.org/TR/xhtml1/DTD/xhtml1-transitional.dtd">
<html xmlns="http://www.w3.org/1999/xhtml" xml:lang="en" lang="en">
 <head>
  <title>
</title>
<meta http-equiv="Content-Type" content="text/html;charset=utf-8" />
  <meta name='ocr-system' content='tesseract 3.04.00' />
  <meta name='ocr-capabilities' content='ocr_page ocr_carea ocr_par ocr_line ocrx_word'/>
</head>
<body>
  <div class='ocr_page' id='page_1' title='image "./evgippiiexcerpt00kngoog/evgippiiexcerpt00kngoog_0167.png"; bbox 0 0 2760 4814; ppageno 0'>
   <div class='ocr_carea' id='block_1_1' title="bbox 203 302 863 374">
    <p class='ocr_par' dir='ltr' id='par_1_1' title="bbox 203 302 863 374">
     <span class='ocr_line' id='line_1_1' title="bbox 203 302 863 374; baseline -0.003 -1"><span class='ocrx_word' id='word_1_1' title='bbox 203 306 265 374; x_wconf 80' lang='lat'>126</span> <span class='ocrx_word' id='word_1_2' title='bbox 677 302 863 373; x_wconf 74' lang='lat' dir='ltr'>[Eugippii]</span> 
     </span>
    </p>
   </div>
   <div class='ocr_carea' id='block_1_2' title="bbox 200 490 1338 1195">
    <p class='ocr_par' dir='ltr' id='par_1_2' title="bbox 200 490 1338 1195">
     <span class='ocr_line' id='line_1_2' title="bbox 201 490 1338 574; baseline -0.004 -13"><span class='ocrx_word' id='word_1_3' title='bbox 201 494 350 561; x_wconf 88' lang='lat' dir='ltr'>seruabit.</span> <span class='ocrx_word' id='word_1_4' title='bbox 388 493 419 558; x_wconf 94' lang='lat' dir='ltr'>in</span> <span class='ocrx_word' id='word_1_5' title='bbox 459 493 543 558; x_wconf 89' lang='lat' dir='ltr'>omni</span> <span class='ocrx_word' id='word_1_6' title='bbox 579 495 683 558; x_wconf 86' lang='lat' dir='ltr'>autem</span> <span class='ocrx_word' id='word_1_7' title='bbox 720 492 798 570; x_wconf 87' lang='lat' dir='ltr'>uita,</span> <span class='ocrx_word' id='word_1_8' title='bbox 836 490 913 574; x_wconf 86' lang='lat' dir='ltr'>loco,</span> <span class='ocrx_word' id='word_1_9' title='bbox 950 492 1088 574; x_wconf 87' lang='lat' dir='ltr'>tempore</span> <span class='ocrx_word' id='word_1_10' title='bbox 1124 492 1240 556; x_wconf 88' lang='lat' dir='ltr'>amicos</span> <span class='ocrx_word' id='word_1_11' title='bbox 1280 494 1338 556; x_wconf 90' lang='lat' dir='ltr'>aut</span> 
     </span>
     <span class='ocr_line' id='line_1_3' title="bbox 202 593 1335 677; baseline -0.004 -15"><span class='ocrx_word' id='word_1_12' title='bbox 202 597 338 664; x_wconf 78' lang='lat' dir='ltr'><strong>habeant</strong></span> <span class='ocrx_word' id='word_1_13' title='bbox 366 601 420 662; x_wconf 88' lang='lat' dir='ltr'>aut</span> <span class='ocrx_word' id='word_1_14' title='bbox 454 595 568 661; x_wconf 90' lang='lat' dir='ltr'>habere</span> <span class='ocrx_word' id='word_1_15' title='bbox 603 597 727 660; x_wconf 86' lang='lat' dir='ltr'>instent.</span> <span class='ocrx_word' id='word_1_16' title='bbox 766 595 975 677; x_wconf 77' lang='lat' dir='ltr'><strong>obsequantur</strong></span> <span class='ocrx_word' id='word_1_17' title='bbox 1008 593 1110 675; x_wconf 83' lang='lat' dir='ltr'><strong>dignis</strong></span> <span class='ocrx_word' id='word_1_18' title='bbox 1145 594 1240 659; x_wconf 89' lang='lat' dir='ltr'>etiam</span> <span class='ocrx_word' id='word_1_19' title='bbox 1274 613 1335 659; x_wconf 91' lang='lat' dir='ltr'>non</span> 
     </span>
     <span class='ocr_line' id='line_1_4' title="bbox 204 696 1336 784; baseline -0.004 -18"><span class='ocrx_word' id='word_1_20' title='bbox 204 700 263 766; x_wconf 90' lang='lat' dir='ltr'>hoc</span> <span class='ocrx_word' id='word_1_21' title='bbox 284 698 532 784; x_wconf 85' lang='lat' dir='ltr'>expectantibus;</span> <span class='ocrx_word' id='word_1_22' title='bbox 556 697 705 781; x_wconf 89' lang='lat' dir='ltr'>superbos</span> <span class='ocrx_word' id='word_1_23' title='bbox 727 696 831 763; x_wconf 87' lang='lat' dir='ltr'>miuus</span> <span class='ocrx_word' id='word_1_24' title='bbox 858 700 977 775; x_wconf 91' lang='lat' dir='ltr'>curent,</span> <span class='ocrx_word' id='word_1_25' title='bbox 1001 697 1131 761; x_wconf 92' lang='lat' dir='ltr'>minime</span> <span class='ocrx_word' id='word_1_26' title='bbox 1158 698 1230 762; x_wconf 87' lang='lat' dir='ltr'>sint.</span> <span class='ocrx_word' id='word_1_27' title='bbox 1261 699 1336 778; x_wconf 90' lang='lat' dir='ltr'>apte</span> 
     </span>
     <span class='ocr_line' id='line_1_5' title="bbox 202 798 1335 889; baseline -0.004 -19"><span class='ocrx_word' id='word_1_28' title='bbox 202 807 470 889; x_wconf 76' lang='lat' dir='ltr'>congruenterque</span> <span class='ocrx_word' id='word_1_29' title='bbox 498 801 624 883; x_wconf 82' lang='lat' dir='ltr'>uiuaut3</span> <span class='ocrx_word' id='word_1_30' title='bbox 655 804 748 866; x_wconf 89' lang='lat' dir='ltr'>deum</span> <span class='ocrx_word' id='word_1_31' title='bbox 776 803 887 880; x_wconf 88' lang='lat' dir='ltr'>colant,</span> <span class='ocrx_word' id='word_1_32' title='bbox 918 801 1065 883; x_wconf 80' lang='lat' dir='ltr'>cogitent,</span> <span class='ocrx_word' id='word_1_33' title='bbox 1090 803 1242 882; x_wconf 89' lang='lat' dir='ltr'>quaerant</span> <span class='ocrx_word' id='word_1_34' title='bbox 1264 798 1335 878; x_wconf 85' lang='lat' dir='ltr'>fide,</span> 
     </span>
     <span class='ocr_line' id='line_1_6' title="bbox 200 905 1332 990; baseline -0.004 -18"><span class='ocrx_word' id='word_1_35' title='bbox 200 925 263 990; x_wconf 92' lang='lat' dir='ltr'>spe,</span> <span class='ocrx_word' id='word_1_36' title='bbox 288 908 417 972; x_wconf 86' lang='lat' dir='ltr'>caritate</span> <span class='ocrx_word' id='word_1_37' title='bbox 433 905 575 983; x_wconf 71' lang='lat' dir='ltr'>subnixi,</span> <span class='ocrx_word' id='word_1_38' title='bbox 598 906 705 987; x_wconf 90' lang='lat' dir='ltr'>optent</span> <span class='ocrx_word' id='word_1_39' title='bbox 727 905 992 988; x_wconf 78' lang='lat' dir='ltr'>tranquillitatem</span> <span class='ocrx_word' id='word_1_40' title='bbox 1013 906 1107 986; x_wconf 89' lang='lat' dir='ltr'>atque</span> <span class='ocrx_word' id='word_1_41' title='bbox 1124 906 1241 968; x_wconf 87' lang='lat' dir='ltr'>certum</span> <span class='ocrx_word' id='word_1_42' title='bbox 1259 921 1332 967; x_wconf 89' lang='lat' dir='ltr'>cur·</span> 
     </span>
     <span class='ocr_line' id='line_1_7' title="bbox 201 1006 1334 1090; baseline -0.003 -16"><span class='ocrx_word' id='word_1_43' title='bbox 201 1029 271 1077; x_wconf 90' lang='lat' dir='ltr'>sum</span> <span class='ocrx_word' id='word_1_44' title='bbox 294 1010 405 1075; x_wconf 89' lang='lat' dir='ltr'>studiis</span> <span class='ocrx_word' id='word_1_45' title='bbox 427 1012 491 1075; x_wconf 90' lang='lat' dir='ltr'>suis</span> <span class='ocrx_word' id='word_1_46' title='bbox 514 1011 713 1090; x_wconf 90' lang='lat' dir='ltr'>omniumque</span> <span class='ocrx_word' id='word_1_47' title='bbox 743 1010 897 1073; x_wconf 90' lang='lat' dir='ltr'>sociorum</span> <span class='ocrx_word' id='word_1_48' title='bbox 918 1010 951 1073; x_wconf 88' lang='lat' dir='ltr'>et</span> <span class='ocrx_word' id='word_1_49' title='bbox 973 1007 1034 1072; x_wconf 90' lang='lat' dir='ltr'>sibi</span> <span class='ocrx_word' id='word_1_50' title='bbox 1064 1006 1237 1090; x_wconf 82' lang='lat' dir='ltr'>quibusque</span> <span class='ocrx_word' id='word_1_51' title='bbox 1261 1023 1334 1089; x_wconf 91' lang='lat' dir='ltr'>pos·</span> 
     </span>
     <span class='ocr_line' id='line_1_8' title="bbox 202 1113 929 1195; baseline -0.004 -16"><span class='ocrx_word' id='word_1_52' title='bbox 202 1114 275 1179; x_wconf 88' lang='lat' dir='ltr'>sunt</span> <span class='ocrx_word' id='word_1_53' title='bbox 297 1118 434 1179; x_wconf 89' lang='lat' dir='ltr'>mentem</span> <span class='ocrx_word' id='word_1_54' title='bbox 458 1113 571 1178; x_wconf 88' lang='lat' dir='ltr'>bonam</span> <span class='ocrx_word' id='word_1_55' title='bbox 594 1115 798 1195; x_wconf 89' lang='lat' dir='ltr'>pacatamque</span> <span class='ocrx_word' id='word_1_56' title='bbox 820 1113 929 1177; x_wconf 87' lang='lat' dir='ltr'>uitam.</span> 
     </span>
    </p>
   </div>
   <div class='ocr_carea' id='block_1_3' title="bbox 244 1248 1334 1336">
    <p class='ocr_par' dir='ltr' id='par_1_3' title="bbox 244 1248 1334 1336">
     <span class='ocr_line' id='line_1_9' title="bbox 244 1248 1334 1336; baseline -0.003 -18"><span class='ocrx_word' id='word_1_57' title='bbox 244 1251 391 1336; x_wconf 86' lang='lat' dir='ltr'>Sequitur</span> <span class='ocrx_word' id='word_1_58' title='bbox 420 1255 455 1317; x_wconf 93' lang='lat' dir='ltr'>nt</span> <span class='ocrx_word' id='word_1_59' title='bbox 484 1253 584 1318; x_wconf 90' lang='lat' dir='ltr'>dicam</span> <span class='ocrx_word' id='word_1_60' title='bbox 614 1252 766 1333; x_wconf 91' lang='lat' dir='ltr'>quomodo</span> <span class='ocrx_word' id='word_1_61' title='bbox 800 1250 933 1316; x_wconf 84' lang='lat' dir='ltr'>studiosi</span> <span class='ocrx_word' id='word_1_62' title='bbox 966 1251 1082 1316; x_wconf 87' lang='lat' dir='ltr'>erudiri</span> <span class='ocrx_word' id='word_1_63' title='bbox 1111 1248 1256 1328; x_wconf 91' lang='lat' dir='ltr'>debeant,</span> <span class='ocrx_word' id='word_1_64' title='bbox 1279 1252 1334 1331; x_wconf 92' lang='lat' dir='ltr'>qni</span> 
     </span>
    </p>
   </div>
   <div class='ocr_carea' id='block_1_4' title="bbox 195 1353 1346 3092">
    <p class='ocr_par' dir='ltr' id='par_1_4' title="bbox 195 1353 1346 3092">
     <span class='ocr_line' id='line_1_10' title="bbox 201 1353 1334 1421; baseline -0.001 -1"><span class='ocrx_word' id='word_1_65' title='bbox 201 1357 284 1420; x_wconf 87' lang='lat' dir='ltr'>sicut</span> <span class='ocrx_word' id='word_1_66' title='bbox 320 1355 440 1421; x_wconf 91' lang='lat' dir='ltr'>dictum</span> <span class='ocrx_word' id='word_1_67' title='bbox 479 1361 526 1421; x_wconf 89' lang='lat' dir='ltr'>est</span> <span class='ocrx_word' id='word_1_68' title='bbox 563 1357 668 1421; x_wconf 90' lang='lat' dir='ltr'>uiuere</span> <span class='ocrx_word' id='word_1_69' title='bbox 706 1355 919 1420; x_wconf 85' lang='lat' dir='ltr'>instituerunt.</span> <span class='ocrx_word' id='word_1_70' title='bbox 958 1355 995 1420; x_wconf 88' lang='lat' dir='ltr'>ad</span> <span class='ocrx_word' id='word_1_71' title='bbox 1034 1355 1216 1420; x_wconf 89' lang='lat' dir='ltr'>discendum</span> <span class='ocrx_word' id='word_1_72' title='bbox 1254 1353 1334 1419; x_wconf 86' lang='lat' dir='ltr'>item</span> 
     </span>
     <span class='ocr_line' id='line_1_11' title="bbox 199 1457 1346 1543; baseline -0.003 -18"><span class='ocrx_word' id='word_1_73' title='bbox 199 1459 371 1525; x_wconf 89' lang='lat' dir='ltr'>necessario</span> <span class='ocrx_word' id='word_1_74' title='bbox 394 1459 560 1543; x_wconf 78' lang='lat' dir='ltr'>dupliciter</span> <span class='ocrx_word' id='word_1_75' title='bbox 583 1460 736 1543; x_wconf 89' lang='lat' dir='ltr'>ducimur,</span> <span class='ocrx_word' id='word_1_76' title='bbox 761 1460 948 1525; x_wconf 88' lang='lat' dir='ltr'>anctoritate</span> <span class='ocrx_word' id='word_1_77' title='bbox 971 1461 1065 1541; x_wconf 90' lang='lat' dir='ltr'>atque</span> <span class='ocrx_word' id='word_1_78' title='bbox 1087 1457 1221 1540; x_wconf 78' lang='lat' dir='ltr'>ratioue3</span> <span class='ocrx_word' id='word_1_79' title='bbox 1250 1458 1346 1522; x_wconf 77' lang='lat' dir='ltr'>tem-2</span> 
     </span>
     <span class='ocr_line' id='line_1_12' title="bbox 199 1560 1333 1645; baseline -0.004 -17"><span class='ocrx_word' id='word_1_80' title='bbox 199 1580 271 1645; x_wconf 90' lang='lat' dir='ltr'>pore</span> <span class='ocrx_word' id='word_1_81' title='bbox 295 1563 474 1642; x_wconf 86' lang='lat' dir='ltr'>auotoritas,</span> <span class='ocrx_word' id='word_1_82' title='bbox 497 1582 530 1627; x_wconf 91' lang='lat' dir='ltr'>re</span> <span class='ocrx_word' id='word_1_83' title='bbox 554 1566 659 1627; x_wconf 89' lang='lat' dir='ltr'>antem</span> <span class='ocrx_word' id='word_1_84' title='bbox 682 1562 762 1628; x_wconf 91' lang='lat' dir='ltr'>ratio</span> <span class='ocrx_word' id='word_1_85' title='bbox 785 1564 869 1644; x_wconf 91' lang='lat' dir='ltr'>prior</span> <span class='ocrx_word' id='word_1_86' title='bbox 892 1565 950 1628; x_wconf 84' lang='lat' dir='ltr'>est.</span> <span class='ocrx_word' id='word_1_87' title='bbox 981 1560 1066 1627; x_wconf 92' lang='lat' dir='ltr'>aliud</span> <span class='ocrx_word' id='word_1_88' title='bbox 1082 1562 1131 1626; x_wconf 88' lang='lat' dir='ltr'>eat</span> <span class='ocrx_word' id='word_1_89' title='bbox 1149 1562 1232 1625; x_wconf 91' lang='lat' dir='ltr'>enim</span> <span class='ocrx_word' id='word_1_90' title='bbox 1248 1560 1333 1642; x_wconf 91' lang='lat' dir='ltr'>quod</span> 
     </span>
     <span class='ocr_line' id='line_1_13' title="bbox 199 1664 1334 1750; baseline -0.003 -20"><span class='ocrx_word' id='word_1_91' title='bbox 199 1667 230 1730; x_wconf 95' lang='lat' dir='ltr'>in</span> <span class='ocrx_word' id='word_1_92' title='bbox 254 1666 372 1750; x_wconf 85' lang='lat' dir='ltr'>agendo</span> <span class='ocrx_word' id='word_1_93' title='bbox 400 1667 609 1748; x_wconf 85' lang='lat' dir='ltr'>anteponitur,</span> <span class='ocrx_word' id='word_1_94' title='bbox 638 1666 724 1731; x_wconf 90' lang='lat' dir='ltr'>aliud</span> <span class='ocrx_word' id='word_1_95' title='bbox 754 1665 834 1748; x_wconf 91' lang='lat' dir='ltr'>qnod</span> <span class='ocrx_word' id='word_1_96' title='bbox 863 1665 962 1750; x_wconf 90' lang='lat' dir='ltr'>pluris</span> <span class='ocrx_word' id='word_1_97' title='bbox 986 1666 1018 1730; x_wconf 94' lang='lat' dir='ltr'>in</span> <span class='ocrx_word' id='word_1_98' title='bbox 1041 1665 1212 1749; x_wconf 87' lang='lat' dir='ltr'>appetendo</span> <span class='ocrx_word' id='word_1_99' title='bbox 1235 1664 1334 1728; x_wconf 89' lang='lat' dir='ltr'>aesti-</span> 
     </span>
     <span class='ocr_line' id='line_1_14' title="bbox 199 1766 1333 1853; baseline -0.002 -19"><span class='ocrx_word' id='word_1_100' title='bbox 199 1771 312 1835; x_wconf 87' lang='lat' dir='ltr'>matur.</span> <span class='ocrx_word' id='word_1_101' title='bbox 344 1770 450 1852; x_wconf 91' lang='lat' dir='ltr'>itaque</span> <span class='ocrx_word' id='word_1_102' title='bbox 468 1787 657 1853; x_wconf 89' lang='lat' dir='ltr'>quamquam</span> <span class='ocrx_word' id='word_1_103' title='bbox 673 1769 825 1834; x_wconf 91' lang='lat' dir='ltr'>bonorum</span> <span class='ocrx_word' id='word_1_104' title='bbox 840 1769 1010 1835; x_wconf 84' lang='lat' dir='ltr'>auctoritas</span> <span class='ocrx_word' id='word_1_105' title='bbox 1033 1768 1196 1852; x_wconf 86' lang='lat' dir='ltr'>imperitae</span> <span class='ocrx_word' id='word_1_106' title='bbox 1219 1766 1333 1832; x_wconf 90' lang='lat' dir='ltr'>multi·</span> 
     </span>
     <span class='ocr_line' id='line_1_15' title="bbox 199 1872 1334 1956; baseline -0.003 -18"><span class='ocrx_word' id='word_1_107' title='bbox 199 1874 300 1939; x_wconf 88' lang='lat' dir='ltr'>tudini</span> <span class='ocrx_word' id='word_1_108' title='bbox 322 1875 465 1940; x_wconf 89' lang='lat' dir='ltr'>uideatur</span> <span class='ocrx_word' id='word_1_109' title='bbox 481 1893 546 1938; x_wconf 89' lang='lat' dir='ltr'>csse</span> <span class='ocrx_word' id='word_1_110' title='bbox 561 1873 723 1951; x_wconf 77' lang='lat' dir='ltr'>salubrior,</span> <span class='ocrx_word' id='word_1_111' title='bbox 748 1874 826 1939; x_wconf 88' lang='lat' dir='ltr'>ratio</span> <span class='ocrx_word' id='word_1_112' title='bbox 847 1890 920 1937; x_wconf 89' lang='lat' dir='ltr'>nero</span> <span class='ocrx_word' id='word_1_113' title='bbox 943 1873 1043 1956; x_wconf 88' lang='lat' dir='ltr'>aptior</span> <span class='ocrx_word' id='word_1_114' title='bbox 1058 1872 1199 1950; x_wconf 89' lang='lat' dir='ltr'>eruditis,</span> <span class='ocrx_word' id='word_1_115' title='bbox 1223 1873 1334 1937; x_wconf 90' lang='lat' dir='ltr'>tamen</span> 
     </span>
     <span class='ocr_line' id='line_1_16' title="bbox 199 1975 1345 2061; baseline 0.002 -21"><span class='ocrx_word' id='word_1_116' title='bbox 199 1975 272 2059; x_wconf 89' lang='lat' dir='ltr'>quia</span> <span class='ocrx_word' id='word_1_117' title='bbox 294 1977 398 2041; x_wconf 91' lang='lat' dir='ltr'>nullus</span> <span class='ocrx_word' id='word_1_118' title='bbox 422 1977 584 2043; x_wconf 91' lang='lat' dir='ltr'>hominum</span> <span class='ocrx_word' id='word_1_119' title='bbox 607 1976 669 2041; x_wconf 90' lang='lat' dir='ltr'>nisi</span> <span class='ocrx_word' id='word_1_120' title='bbox 684 1997 720 2042; x_wconf 84' lang='lat' dir='ltr'>ex</span> <span class='ocrx_word' id='word_1_121' title='bbox 735 1978 881 2061; x_wconf 82' lang='lat' dir='ltr'>imperito</span> <span class='ocrx_word' id='word_1_122' title='bbox 897 1977 1016 2059; x_wconf 87' lang='lat' dir='ltr'>peritus</span> <span class='ocrx_word' id='word_1_123' title='bbox 1031 1975 1079 2055; x_wconf 90' lang='lat' dir='ltr'>fit,</span> <span class='ocrx_word' id='word_1_124' title='bbox 1103 1976 1208 2041; x_wconf 87' lang='lat' dir='ltr'>nullus</span> <span class='ocrx_word' id='word_1_125' title='bbox 1224 1977 1345 2042; x_wconf 83' lang='lat' dir='ltr'>autem:</span> 
     </span>
     <span class='ocr_line' id='line_1_17' title="bbox 199 2079 1332 2163; baseline 0 -19"><span class='ocrx_word' id='word_1_126' title='bbox 199 2079 365 2163; x_wconf 89' lang='lat' dir='ltr'>imperitus</span> <span class='ocrx_word' id='word_1_127' title='bbox 388 2081 476 2145; x_wconf 87' lang='lat' dir='ltr'>uouit</span> <span class='ocrx_word' id='word_1_128' title='bbox 500 2082 623 2163; x_wconf 89' lang='lat' dir='ltr'>qualern</span> <span class='ocrx_word' id='word_1_129' title='bbox 647 2099 680 2146; x_wconf 86' lang='lat' dir='ltr'>se</span> <span class='ocrx_word' id='word_1_130' title='bbox 702 2081 814 2146; x_wconf 89' lang='lat' dir='ltr'>debeat</span> <span class='ocrx_word' id='word_1_131' title='bbox 836 2080 984 2163; x_wconf 89' lang='lat' dir='ltr'>praebere</span> <span class='ocrx_word' id='word_1_132' title='bbox 999 2080 1180 2147; x_wconf 87' lang='lat' dir='ltr'>docentibus</span> <span class='ocrx_word' id='word_1_133' title='bbox 1196 2081 1227 2144; x_wconf 92' lang='lat' dir='ltr'>et</span> <span class='ocrx_word' id='word_1_134' title='bbox 1244 2079 1332 2160; x_wconf 89' lang='lat' dir='ltr'>quali</span> 
     </span>
     <span class='ocr_line' id='line_1_18' title="bbox 197 2182 1333 2267; baseline -0.001 -19"><span class='ocrx_word' id='word_1_135' title='bbox 197 2182 266 2249; x_wconf 89' lang='lat' dir='ltr'>uita</span> <span class='ocrx_word' id='word_1_136' title='bbox 292 2202 359 2249; x_wconf 89' lang='lat' dir='ltr'>esse</span> <span class='ocrx_word' id='word_1_137' title='bbox 391 2183 533 2249; x_wconf 91' lang='lat' dir='ltr'>docibilis</span> <span class='ocrx_word' id='word_1_138' title='bbox 557 2184 670 2267; x_wconf 86' lang='lat' dir='ltr'>possit,</span> <span class='ocrx_word' id='word_1_139' title='bbox 696 2185 801 2249; x_wconf 87' lang='lat' dir='ltr'>euenit</span> <span class='ocrx_word' id='word_1_140' title='bbox 831 2187 867 2248; x_wconf 91' lang='lat' dir='ltr'>ut</span> <span class='ocrx_word' id='word_1_141' title='bbox 889 2183 1033 2249; x_wconf 86' lang='lat' dir='ltr'>omuibus</span> <span class='ocrx_word' id='word_1_142' title='bbox 1057 2183 1138 2248; x_wconf 92' lang='lat' dir='ltr'>bona</span> <span class='ocrx_word' id='word_1_143' title='bbox 1160 2201 1275 2267; x_wconf 86' lang='lat' dir='ltr'>magna</span> <span class='ocrx_word' id='word_1_144' title='bbox 1299 2187 1333 2247; x_wconf 91' lang='lat' dir='ltr'>et</span> 
     </span>
     <span class='ocr_line' id='line_1_19' title="bbox 198 2285 1331 2370; baseline 0.001 -21"><span class='ocrx_word' id='word_1_145' title='bbox 198 2285 319 2351; x_wconf 89' lang='lat' dir='ltr'>occulta</span> <span class='ocrx_word' id='word_1_146' title='bbox 341 2285 459 2352; x_wconf 87' lang='lat' dir='ltr'>discere</span> <span class='ocrx_word' id='word_1_147' title='bbox 474 2286 672 2370; x_wconf 91' lang='lat' dir='ltr'>cupientibus</span> <span class='ocrx_word' id='word_1_148' title='bbox 696 2305 755 2352; x_wconf 92' lang='lat' dir='ltr'>non</span> <span class='ocrx_word' id='word_1_149' title='bbox 779 2287 899 2369; x_wconf 90' lang='lat' dir='ltr'>aperiat</span> <span class='ocrx_word' id='word_1_150' title='bbox 921 2285 983 2352; x_wconf 88' lang='lat' dir='ltr'>nisi</span> <span class='ocrx_word' id='word_1_151' title='bbox 999 2289 1167 2352; x_wconf 88' lang='lat' dir='ltr'>auctoritas</span> <span class='ocrx_word' id='word_1_152' title='bbox 1189 2286 1331 2351; x_wconf 90' lang='lat' dir='ltr'>ianuam.</span> 
     </span>
     <span class='ocr_line' id='line_1_20' title="bbox 197 2389 1331 2474; baseline 0.001 -21"><span class='ocrx_word' id='word_1_153' title='bbox 197 2404 289 2470; x_wconf 88' lang='lat' dir='ltr'>quam</span> <span class='ocrx_word' id='word_1_154' title='bbox 325 2390 454 2473; x_wconf 89' lang='lat' dir='ltr'>quisque</span> <span class='ocrx_word' id='word_1_155' title='bbox 488 2391 646 2474; x_wconf 86' lang='lat' dir='ltr'>ingressus</span> <span class='ocrx_word' id='word_1_156' title='bbox 679 2389 744 2455; x_wconf 90' lang='lat' dir='ltr'>sine</span> <span class='ocrx_word' id='word_1_157' title='bbox 773 2390 839 2455; x_wconf 92' lang='lat' dir='ltr'>ulla</span> <span class='ocrx_word' id='word_1_158' title='bbox 867 2390 1062 2455; x_wconf 90' lang='lat' dir='ltr'>dubitatione</span> <span class='ocrx_word' id='word_1_159' title='bbox 1084 2390 1168 2455; x_wconf 88' lang='lat' dir='ltr'>uitae</span> <span class='ocrx_word' id='word_1_160' title='bbox 1191 2390 1331 2473; x_wconf 87' lang='lat' dir='ltr'>optimae</span> 
     </span>
     <span class='ocr_line' id='line_1_21' title="bbox 196 2492 1343 2576; baseline 0.003 -21"><span class='ocrx_word' id='word_1_161' title='bbox 196 2495 362 2575; x_wconf 86' lang='lat' dir='ltr'>praecepte</span> <span class='ocrx_word' id='word_1_162' title='bbox 390 2495 538 2571; x_wconf 87' lang='lat' dir='ltr'>sectatur,</span> <span class='ocrx_word' id='word_1_163' title='bbox 567 2511 622 2576; x_wconf 92' lang='lat' dir='ltr'>per</span> <span class='ocrx_word' id='word_1_164' title='bbox 650 2511 728 2576; x_wconf 91' lang='lat' dir='ltr'>quae</span> <span class='ocrx_word' id='word_1_165' title='bbox 757 2511 828 2558; x_wconf 91' lang='lat' dir='ltr'>cum</span> <span class='ocrx_word' id='word_1_166' title='bbox 858 2493 966 2560; x_wconf 88' lang='lat' dir='ltr'>docilis</span> <span class='ocrx_word' id='word_1_167' title='bbox 996 2493 1095 2559; x_wconf 84' lang='lat' dir='ltr'>factus</span> <span class='ocrx_word' id='word_1_168' title='bbox 1123 2492 1227 2572; x_wconf 88' lang='lat' dir='ltr'>fuerit,</span> <span class='ocrx_word' id='word_1_169' title='bbox 1258 2496 1343 2558; x_wconf 77' lang='lat' dir='ltr'>tum:</span> 
     </span>
     <span class='ocr_line' id='line_1_22' title="bbox 197 2592 1331 2680; baseline 0.004 -24"><span class='ocrx_word' id='word_1_170' title='bbox 197 2592 323 2659; x_wconf 91' lang='lat' dir='ltr'>demum</span> <span class='ocrx_word' id='word_1_171' title='bbox 351 2595 448 2659; x_wconf 90' lang='lat' dir='ltr'>discet</span> <span class='ocrx_word' id='word_1_172' title='bbox 476 2597 509 2660; x_wconf 93' lang='lat' dir='ltr'>et</span> <span class='ocrx_word' id='word_1_173' title='bbox 537 2599 655 2677; x_wconf 91' lang='lat' dir='ltr'>quanta</span> <span class='ocrx_word' id='word_1_174' title='bbox 682 2596 803 2662; x_wconf 90' lang='lat' dir='ltr'>ratione</span> <span class='ocrx_word' id='word_1_175' title='bbox 834 2596 992 2680; x_wconf 87' lang='lat' dir='ltr'>praedicta</span> <span class='ocrx_word' id='word_1_176' title='bbox 1014 2597 1079 2662; x_wconf 89' lang='lat' dir='ltr'>sint</span> <span class='ocrx_word' id='word_1_177' title='bbox 1101 2614 1138 2661; x_wconf 92' lang='lat' dir='ltr'>ea</span> <span class='ocrx_word' id='word_1_178' title='bbox 1158 2596 1226 2678; x_wconf 91' lang='lat' dir='ltr'>ipsa</span> <span class='ocrx_word' id='word_1_179' title='bbox 1248 2615 1331 2678; x_wconf 89' lang='lat' dir='ltr'>quae</span> 
     </span>
     <span class='ocr_line' id='line_1_23' title="bbox 196 2698 1329 2783; baseline 0.005 -23"><span class='ocrx_word' id='word_1_180' title='bbox 196 2700 321 2761; x_wconf 87' lang='lat' dir='ltr'>secutus</span> <span class='ocrx_word' id='word_1_181' title='bbox 352 2698 401 2762; x_wconf 90' lang='lat' dir='ltr'>est</span> <span class='ocrx_word' id='word_1_182' title='bbox 429 2699 501 2763; x_wconf 87' lang='lat' dir='ltr'>ante</span> <span class='ocrx_word' id='word_1_183' title='bbox 524 2699 689 2778; x_wconf 89' lang='lat' dir='ltr'>rationem,</span> <span class='ocrx_word' id='word_1_184' title='bbox 720 2702 751 2765; x_wconf 92' lang='lat' dir='ltr'>et</span> <span class='ocrx_word' id='word_1_185' title='bbox 773 2701 847 2782; x_wconf 91' lang='lat' dir='ltr'>quid</span> <span class='ocrx_word' id='word_1_186' title='bbox 869 2699 912 2765; x_wconf 87' lang='lat' dir='ltr'>sit</span> <span class='ocrx_word' id='word_1_187' title='bbox 934 2699 1003 2783; x_wconf 90' lang='lat' dir='ltr'>ipsa</span> <span class='ocrx_word' id='word_1_188' title='bbox 1025 2699 1115 2778; x_wconf 88' lang='lat' dir='ltr'>ratio,</span> <span class='ocrx_word' id='word_1_189' title='bbox 1139 2718 1234 2783; x_wconf 88' lang='lat' dir='ltr'>quam</span> <span class='ocrx_word' id='word_1_190' title='bbox 1256 2702 1329 2783; x_wconf 89' lang='lat' dir='ltr'>post</span> 
     </span>
     <span class='ocr_line' id='line_1_24' title="bbox 195 2800 1328 2887; baseline 0.005 -23"><span class='ocrx_word' id='word_1_191' title='bbox 195 2800 392 2865; x_wconf 87' lang='lat' dir='ltr'>auctoritatis</span> <span class='ocrx_word' id='word_1_192' title='bbox 426 2800 580 2867; x_wconf 89' lang='lat' dir='ltr'>cunabula</span> <span class='ocrx_word' id='word_1_193' title='bbox 611 2802 720 2867; x_wconf 87' lang='lat' dir='ltr'>firmus</span> <span class='ocrx_word' id='word_1_194' title='bbox 750 2807 782 2868; x_wconf 90' lang='lat' dir='ltr'>et</span> <span class='ocrx_word' id='word_1_195' title='bbox 811 2803 940 2868; x_wconf 88' lang='lat' dir='ltr'>idoneus</span> <span class='ocrx_word' id='word_1_196' title='bbox 971 2804 1035 2868; x_wconf 89' lang='lat' dir='ltr'>iam</span> <span class='ocrx_word' id='word_1_197' title='bbox 1066 2802 1209 2885; x_wconf 85' lang='lat' dir='ltr'>seqnitur</span> <span class='ocrx_word' id='word_1_198' title='bbox 1232 2804 1328 2887; x_wconf 87' lang='lat' dir='ltr'>atque</span> 
     </span>
     <span class='ocr_line' id='line_1_25' title="bbox 197 2903 1329 2990; baseline 0.004 -23"><span class='ocrx_word' id='word_1_199' title='bbox 197 2903 451 2988; x_wconf 82' lang='lat' dir='ltr'>comprehendit3</span> <span class='ocrx_word' id='word_1_200' title='bbox 488 2909 519 2969; x_wconf 93' lang='lat' dir='ltr'>et</span> <span class='ocrx_word' id='word_1_201' title='bbox 548 2905 621 2988; x_wconf 92' lang='lat' dir='ltr'>quid</span> <span class='ocrx_word' id='word_1_202' title='bbox 643 2905 832 2990; x_wconf 87' lang='lat' dir='ltr'>intellectus,</span> <span class='ocrx_word' id='word_1_203' title='bbox 861 2907 895 2970; x_wconf 92' lang='lat' dir='ltr'>in</span> <span class='ocrx_word' id='word_1_204' title='bbox 918 2922 977 2988; x_wconf 92' lang='lat' dir='ltr'>quo</span> <span class='ocrx_word' id='word_1_205' title='bbox 1001 2906 1148 2972; x_wconf 90' lang='lat' dir='ltr'>uniuersa</span> <span class='ocrx_word' id='word_1_206' title='bbox 1169 2909 1252 2981; x_wconf 87' lang='lat' dir='ltr'>sunt,</span> <span class='ocrx_word' id='word_1_207' title='bbox 1277 2908 1329 2972; x_wconf 92' lang='lat' dir='ltr'>uel</span> 
     </span>
     <span class='ocr_line' id='line_1_26' title="bbox 195 3005 1341 3092; baseline 0.004 -20"><span class='ocrx_word' id='word_1_208' title='bbox 195 3007 262 3089; x_wconf 90' lang='lat' dir='ltr'>ipse</span> <span class='ocrx_word' id='word_1_209' title='bbox 291 3007 395 3090; x_wconf 86' lang='lat' dir='ltr'>potius</span> <span class='ocrx_word' id='word_1_210' title='bbox 427 3005 587 3085; x_wconf 81' lang='lat' dir='ltr'>uniuersa3</span> <span class='ocrx_word' id='word_1_211' title='bbox 623 3012 654 3073; x_wconf 92' lang='lat' dir='ltr'>ct</span> <span class='ocrx_word' id='word_1_212' title='bbox 683 3007 755 3090; x_wconf 90' lang='lat' dir='ltr'>quid</span> <span class='ocrx_word' id='word_1_213' title='bbox 788 3013 909 3092; x_wconf 89' lang='lat' dir='ltr'>praeter</span> <span class='ocrx_word' id='word_1_214' title='bbox 940 3009 1085 3075; x_wconf 90' lang='lat' dir='ltr'>uniuersa</span> <span class='ocrx_word' id='word_1_215' title='bbox 1107 3007 1341 3077; x_wconf 76' lang='lat' dir='ltr'>uniuersorum:</span> 
     </span>
    </p>
   </div>
   <div class='ocr_carea' id='block_1_5' title="bbox 191 3297 1331 4297">
    <p class='ocr_par' dir='ltr' id='par_1_5' title="bbox 191 3297 1331 4297">
     <span class='ocr_line' id='line_1_27' title="bbox 248 3297 1258 3366; baseline 0.003 -15"><span class='ocrx_word' id='word_1_216' title='bbox 248 3298 260 3351; x_wconf 94' lang='lat' dir='ltr'>l</span> <span class='ocrx_word' id='word_1_217' title='bbox 289 3298 347 3351; x_wconf 87' lang='lat' dir='ltr'>loca</span> <span class='ocrx_word' id='word_1_218' title='bbox 375 3297 429 3352; x_wconf 89' lang='lat' dir='ltr'>G¹o</span> <span class='ocrx_word' id='word_1_219' title='bbox 458 3297 539 3366; x_wconf 83' lang='lat' dir='ltr'>longo</span> <span class='ocrx_word' id='word_1_220' title='bbox 564 3297 595 3352; x_wconf 89' lang='lat' dir='ltr'><em>D</em></span> <span class='ocrx_word' id='word_1_221' title='bbox 698 3298 798 3353; x_wconf 89' lang='lat' dir='ltr'>amicus</span> <span class='ocrx_word' id='word_1_222' title='bbox 825 3298 931 3355; x_wconf 83' lang='lat' dir='ltr'><strong>DG¹P¹</strong></span> <span class='ocrx_word' id='word_1_223' title='bbox 1036 3299 1053 3352; x_wconf 82' lang='grc'>2</span> <span class='ocrx_word' id='word_1_224' title='bbox 1079 3297 1192 3353; x_wconf 86' lang='lat' dir='ltr'>habiant</span> <span class='ocrx_word' id='word_1_225' title='bbox 1221 3299 1258 3354; x_wconf 77' lang='lat'>0¹</span> 
     </span>
     <span class='ocr_line' id='line_1_28' title="bbox 194 3381 1329 3453; baseline 0.004 -19"><span class='ocrx_word' id='word_1_226' title='bbox 194 3381 289 3435; x_wconf 89' lang='lat' dir='ltr'>hebere</span> <span class='ocrx_word' id='word_1_227' title='bbox 311 3383 347 3437; x_wconf 76' lang='lat'>6¹</span> <span class='ocrx_word' id='word_1_228' title='bbox 451 3383 670 3452; x_wconf 74' lang='lat' dir='ltr'>aspectantibus</span> <span class='ocrx_word' id='word_1_229' title='bbox 690 3383 733 3438; x_wconf 79' lang='lat' dir='ltr'>Ge</span> <span class='ocrx_word' id='word_1_230' title='bbox 832 3384 938 3453; x_wconf 87' lang='lat' dir='ltr'>superb.</span> <span class='ocrx_word' id='word_1_231' title='bbox 956 3385 986 3438; x_wconf 91' lang='lat' dir='ltr'><em>D</em></span> <span class='ocrx_word' id='word_1_232' title='bbox 1013 3384 1119 3452; x_wconf 91' lang='lat' dir='ltr'>superbi</span> <span class='ocrx_word' id='word_1_233' title='bbox 1140 3385 1175 3439; x_wconf 82' lang='lat' dir='ltr'>G¹</span> <span class='ocrx_word' id='word_1_234' title='bbox 1204 3386 1329 3453; x_wconf 89' lang='lat' dir='ltr'>superbis</span> 
     </span>
     <span class='ocr_line' id='line_1_29' title="bbox 194 3467 1259 3539; baseline 0.006 -19"><span class='ocrx_word' id='word_1_235' title='bbox 194 3483 227 3520; x_wconf 91' lang='lat' dir='ltr'>nc</span> <span class='ocrx_word' id='word_1_236' title='bbox 247 3467 301 3521; x_wconf 80' lang='lat' dir='ltr'>G²o</span> <span class='ocrx_word' id='word_1_237' title='bbox 399 3472 508 3522; x_wconf 87' lang='lat' dir='ltr'>current</span> <span class='ocrx_word' id='word_1_238' title='bbox 528 3469 570 3523; x_wconf 64' lang='lat' dir='ltr'>(lo</span> <span class='ocrx_word' id='word_1_239' title='bbox 667 3469 760 3538; x_wconf 89' lang='lat' dir='ltr'>aptio</span> <span class='ocrx_word' id='word_1_240' title='bbox 862 3469 978 3524; x_wconf 82' lang='lat' dir='ltr'>4ddD</span> <span class='ocrx_word' id='word_1_241' title='bbox 1082 3471 1205 3539; x_wconf 83' lang='lat' dir='ltr'>cogitant</span> <span class='ocrx_word' id='word_1_242' title='bbox 1223 3471 1259 3526; x_wconf 91' lang='lat' dir='ltr'>P¹</span> 
     </span>
     <span class='ocr_line' id='line_1_30' title="bbox 193 3553 1329 3625; baseline 0.006 -20"><span class='ocrx_word' id='word_1_243' title='bbox 193 3553 358 3620; x_wconf 77' lang='lat' dir='ltr'>boptantu</span> <span class='ocrx_word' id='word_1_244' title='bbox 436 3554 634 3622; x_wconf 88' lang='lat' dir='ltr'>tranquillitate</span> <span class='ocrx_word' id='word_1_245' title='bbox 652 3555 711 3609; x_wconf 77' lang='grc' dir='ltr'>ΒΤ</span> <span class='ocrx_word' id='word_1_246' title='bbox 788 3555 885 3625; x_wconf 79' lang='lat' dir='ltr'>bsibi]</span> <span class='ocrx_word' id='word_1_247' title='bbox 905 3557 963 3609; x_wconf 90' lang='lat' dir='ltr'>siue</span> <span class='ocrx_word' id='word_1_248' title='bbox 983 3556 1063 3610; x_wconf 79' lang='lat' dir='ltr'>GP¹o</span> <span class='ocrx_word' id='word_1_249' title='bbox 1145 3556 1329 3625; x_wconf 77' lang='lat' dir='ltr'>ipercatam·</span> 
     </span>
     <span class='ocr_line' id='line_1_31' title="bbox 193 3638 1261 3708; baseline 0.005 -17"><span class='ocrx_word' id='word_1_250' title='bbox 193 3653 244 3706; x_wconf 89' lang='lat' dir='ltr'>que</span> <span class='ocrx_word' id='word_1_251' title='bbox 264 3638 289 3691; x_wconf 88' lang='lat' dir='ltr'><em>T</em></span> <span class='ocrx_word' id='word_1_252' title='bbox 314 3643 500 3708; x_wconf 85' lang='lat' dir='ltr'>peccatumque</span> <span class='ocrx_word' id='word_1_253' title='bbox 517 3657 534 3695; x_wconf 88' lang='lat' dir='ltr'>o</span> <span class='ocrx_word' id='word_1_254' title='bbox 620 3642 637 3695; x_wconf 91' lang='lat'>8</span> <span class='ocrx_word' id='word_1_255' title='bbox 649 3641 752 3695; x_wconf 85' lang='lat' dir='ltr'>erudire</span> <span class='ocrx_word' id='word_1_256' title='bbox 766 3642 822 3704; x_wconf 84' lang='lat' dir='ltr'>Go;</span> <span class='ocrx_word' id='word_1_257' title='bbox 845 3641 869 3694; x_wconf 89' lang='lat' dir='ltr'>ri</span> <span class='ocrx_word' id='word_1_258' title='bbox 880 3641 996 3695; x_wconf 85' lang='lat' dir='ltr'>debeant</span> <span class='ocrx_word' id='word_1_259' title='bbox 1008 3660 1027 3696; x_wconf 89' lang='lat' dir='ltr'>o</span> <span class='ocrx_word' id='word_1_260' title='bbox 1038 3658 1072 3696; x_wconf 80' lang='lat' dir='ltr'>aa.</span> <span class='ocrx_word' id='word_1_261' title='bbox 1085 3646 1104 3699; x_wconf 82' lang='lat'><strong><em>2</em></strong></span> <span class='ocrx_word' id='word_1_262' title='bbox 1115 3643 1146 3696; x_wconf 77' lang='lat' dir='ltr'>ia</span> <span class='ocrx_word' id='word_1_263' title='bbox 1157 3658 1213 3696; x_wconf 83' lang='lat' dir='ltr'>ruo.</span> <span class='ocrx_word' id='word_1_264' title='bbox 1234 3643 1261 3696; x_wconf 95' lang='lat' dir='ltr'><strong><em>P</em></strong></span> 
     </span>
     <span class='ocr_line' id='line_1_32' title="bbox 193 3723 1260 3797; baseline 0.006 -21"><span class='ocrx_word' id='word_1_265' title='bbox 193 3724 209 3777; x_wconf 86' lang='lat'>9</span> <span class='ocrx_word' id='word_1_266' title='bbox 227 3723 403 3779; x_wconf 86' lang='lat' dir='ltr'>instituerent</span> <span class='ocrx_word' id='word_1_267' title='bbox 420 3727 447 3780; x_wconf 88' lang='lat' dir='ltr'>o¹</span> <span class='ocrx_word' id='word_1_268' title='bbox 541 3727 571 3779; x_wconf 91' lang='lat'>11</span> <span class='ocrx_word' id='word_1_269' title='bbox 590 3742 619 3780; x_wconf 85' lang='lat' dir='ltr'>re</span> <span class='ocrx_word' id='word_1_270' title='bbox 637 3742 687 3782; x_wconf 83' lang='lat' dir='ltr'>om.</span> <span class='ocrx_word' id='word_1_271' title='bbox 704 3728 735 3783; x_wconf 89' lang='lat' dir='ltr'><em>D</em></span> <span class='ocrx_word' id='word_1_272' title='bbox 822 3728 925 3781; x_wconf 86' lang='lat' dir='ltr'>ratione</span> <span class='ocrx_word' id='word_1_273' title='bbox 944 3729 1059 3797; x_wconf 89' lang='lat' dir='ltr'>priorem</span> <span class='ocrx_word' id='word_1_274' title='bbox 1078 3731 1139 3796; x_wconf 85' lang='lat' dir='ltr'>(cm.</span> <span class='ocrx_word' id='word_1_275' title='bbox 1159 3732 1210 3795; x_wconf 86' lang='lat' dir='ltr'>est)</span> <span class='ocrx_word' id='word_1_276' title='bbox 1230 3729 1260 3782; x_wconf 90' lang='lat' dir='ltr'><em>D</em></span> 
     </span>
     <span class='ocr_line' id='line_1_33' title="bbox 192 3808 1330 3885; baseline 0.008 -24"><span class='ocrx_word' id='word_1_277' title='bbox 192 3808 473 3864; x_wconf 82' lang='lat' dir='ltr'>aliud-aestimatur</span> <span class='ocrx_word' id='word_1_278' title='bbox 490 3828 508 3864; x_wconf 88' lang='lat' dir='ltr'>a</span> <span class='ocrx_word' id='word_1_279' title='bbox 525 3813 591 3866; x_wconf 81' lang='lat' dir='ltr'>oa2</span> <span class='ocrx_word' id='word_1_280' title='bbox 607 3813 640 3867; x_wconf 78' lang='lat' dir='ltr'>in</span> <span class='ocrx_word' id='word_1_281' title='bbox 657 3829 744 3882; x_wconf 68' lang='lat' dir='ltr'>moro.</span> <span class='ocrx_word' id='word_1_282' title='bbox 761 3813 814 3880; x_wconf 76' lang='lat' dir='ltr'>inf.</span> <span class='ocrx_word' id='word_1_283' title='bbox 833 3814 860 3868; x_wconf 89' lang='lat' dir='ltr'><strong><em>P</em></strong></span> <span class='ocrx_word' id='word_1_284' title='bbox 955 3815 988 3869; x_wconf 76' lang='lat'>12</span> <span class='ocrx_word' id='word_1_285' title='bbox 1007 3815 1095 3882; x_wconf 81' lang='lat' dir='ltr'>plures</span> <span class='ocrx_word' id='word_1_286' title='bbox 1116 3813 1171 3869; x_wconf 75' lang='lat' dir='ltr'>ou</span> <span class='ocrx_word' id='word_1_287' title='bbox 1268 3830 1330 3885; x_wconf 88' lang='lat' dir='ltr'>apa·</span> 
     </span>
     <span class='ocr_line' id='line_1_34' title="bbox 192 3893 1258 3970; baseline 0.007 -22"><span class='ocrx_word' id='word_1_288' title='bbox 192 3893 273 3948; x_wconf 89' lang='lat' dir='ltr'>tendo</span> <span class='ocrx_word' id='word_1_289' title='bbox 294 3895 337 3951; x_wconf 79' lang='lat' dir='ltr'>Ga</span> <span class='ocrx_word' id='word_1_290' title='bbox 429 3897 461 3952; x_wconf 85' lang='lat'>13</span> <span class='ocrx_word' id='word_1_291' title='bbox 480 3897 655 3953; x_wconf 88' lang='lat' dir='ltr'>multitudine</span> <span class='ocrx_word' id='word_1_292' title='bbox 673 3899 772 3955; x_wconf 77' lang='lat' dir='ltr'><em>DG¹T</em></span> <span class='ocrx_word' id='word_1_293' title='bbox 857 3901 888 3955; x_wconf 84' lang='lat'>15</span> <span class='ocrx_word' id='word_1_294' title='bbox 907 3901 1008 3969; x_wconf 87' lang='lat' dir='ltr'>peritos</span> <span class='ocrx_word' id='word_1_295' title='bbox 1027 3907 1053 3956; x_wconf 81' lang='lat' dir='ltr'>ct</span> <span class='ocrx_word' id='word_1_296' title='bbox 1071 3900 1209 3970; x_wconf 85' lang='lat' dir='ltr'>imperitos</span> <span class='ocrx_word' id='word_1_297' title='bbox 1228 3902 1258 3955; x_wconf 91' lang='lat' dir='ltr'><em>D</em></span> 
     </span>
     <span class='ocr_line' id='line_1_35' title="bbox 194 3981 1258 4042; baseline 0.006 -7"><span class='ocrx_word' id='word_1_298' title='bbox 194 3981 225 4035; x_wconf 83' lang='grc'>11</span> <span class='ocrx_word' id='word_1_299' title='bbox 248 3981 344 4035; x_wconf 89' lang='lat' dir='ltr'>docilia</span> <span class='ocrx_word' id='word_1_300' title='bbox 367 3997 424 4037; x_wconf 85' lang='lat' dir='ltr'>osae</span> <span class='ocrx_word' id='word_1_301' title='bbox 447 3983 522 4040; x_wconf 74' lang='lat' dir='ltr'>Dav</span> <span class='ocrx_word' id='word_1_302' title='bbox 550 4000 607 4038; x_wconf 86' lang='lat' dir='ltr'>esse</span> <span class='ocrx_word' id='word_1_303' title='bbox 629 3985 718 4039; x_wconf 90' lang='lat' dir='ltr'>docibi</span> <span class='ocrx_word' id='word_1_304' title='bbox 741 4002 760 4041; x_wconf 85' lang='lat' dir='ltr'>a</span> <span class='ocrx_word' id='word_1_305' title='bbox 780 4002 815 4041; x_wconf 83' lang='lat' dir='ltr'>m.</span> <span class='ocrx_word' id='word_1_306' title='bbox 833 3989 854 4040; x_wconf 76' lang='lat'><strong><em>2</em></strong></span> <span class='ocrx_word' id='word_1_307' title='bbox 874 3988 983 4041; x_wconf 72' lang='lat' dir='ltr'>lurae.</span> <span class='ocrx_word' id='word_1_308' title='bbox 1007 3987 1034 4041; x_wconf 89' lang='lat' dir='ltr'><strong><em>P</em></strong></span> <span class='ocrx_word' id='word_1_309' title='bbox 1137 3987 1206 4041; x_wconf 75' lang='lat' dir='ltr'>bona</span> <span class='ocrx_word' id='word_1_310' title='bbox 1228 3987 1258 4042; x_wconf 91' lang='lat' dir='ltr'><em>D</em></span> 
     </span>
     <span class='ocr_line' id='line_1_36' title="bbox 193 4065 1331 4143; baseline 0.007 -22"><span class='ocrx_word' id='word_1_311' title='bbox 193 4065 225 4121; x_wconf 89' lang='grc'>19</span> <span class='ocrx_word' id='word_1_312' title='bbox 248 4067 309 4122; x_wconf 81' lang='lat' dir='ltr'>uita</span> <span class='ocrx_word' id='word_1_313' title='bbox 326 4069 373 4123; x_wconf 89' lang='lat' dir='ltr'>Do</span> <span class='ocrx_word' id='word_1_314' title='bbox 475 4071 510 4124; x_wconf 75' lang='lat'>20</span> <span class='ocrx_word' id='word_1_315' title='bbox 527 4071 581 4141; x_wconf 87' lang='lat' dir='ltr'>par]</span> <span class='ocrx_word' id='word_1_316' title='bbox 601 4086 648 4139; x_wconf 89' lang='lat' dir='ltr'>pre</span> <span class='ocrx_word' id='word_1_317' title='bbox 668 4072 722 4128; x_wconf 78' lang='lat' dir='ltr'>G¹o</span> <span class='ocrx_word' id='word_1_318' title='bbox 808 4073 840 4126; x_wconf 82' lang='lat'>21</span> <span class='ocrx_word' id='word_1_319' title='bbox 865 4073 985 4141; x_wconf 85' lang='lat' dir='ltr'>praedita</span> <span class='ocrx_word' id='word_1_320' title='bbox 1010 4072 1077 4128; x_wconf 78' lang='lat' dir='ltr'>G²P</span> <span class='ocrx_word' id='word_1_321' title='bbox 1161 4073 1196 4126; x_wconf 83' lang='lat'>24</span> <span class='ocrx_word' id='word_1_322' title='bbox 1220 4089 1331 4143; x_wconf 86' lang='lat' dir='ltr'>conpre-</span> 
     </span>
     <span class='ocr_line' id='line_1_37' title="bbox 191 4152 1331 4217; baseline 0.009 -10"><span class='ocrx_word' id='word_1_323' title='bbox 191 4152 318 4208; x_wconf 86' lang='lat' dir='ltr'>henditur</span> <span class='ocrx_word' id='word_1_324' title='bbox 338 4156 364 4210; x_wconf 81' lang='lat' dir='ltr'><em>T</em></span> <span class='ocrx_word' id='word_1_325' title='bbox 465 4156 498 4210; x_wconf 78' lang='grc'>25</span> <span class='ocrx_word' id='word_1_326' title='bbox 520 4163 585 4212; x_wconf 78' lang='lat' dir='ltr'>onte</span> <span class='ocrx_word' id='word_1_327' title='bbox 603 4160 630 4212; x_wconf 90' lang='lat' dir='ltr'>et</span> <span class='ocrx_word' id='word_1_328' title='bbox 647 4156 712 4213; x_wconf 76' lang='lat' dir='ltr'>add.</span> <span class='ocrx_word' id='word_1_329' title='bbox 730 4158 832 4215; x_wconf 83' lang='lat' dir='ltr'>DGPo</span> <span class='ocrx_word' id='word_1_330' title='bbox 853 4161 1037 4215; x_wconf 86' lang='lat' dir='ltr'>uniuersorum</span> <span class='ocrx_word' id='word_1_331' title='bbox 1141 4161 1331 4217; x_wconf 89' lang='lat' dir='ltr'>uniuersorum</span> 
     </span>
     <span class='ocr_line' id='line_1_38' title="bbox 191 4241 372 4297; baseline 0.017 -3"><span class='ocrx_word' id='word_1_332' title='bbox 191 4254 241 4297; x_wconf 89' lang='lat' dir='ltr'>om.</span> <span class='ocrx_word' id='word_1_333' title='bbox 259 4241 372 4297; x_wconf 78' lang='lat' dir='ltr'>DGP¹o</span> 
     </span>
    </p>
   </div>
   <div class='ocr_carea' id='block_1_6' title="bbox 0 0 1384 4814">
    <p class='ocr_par' dir='ltr' id='par_1_6' title="bbox 0 0 1384 4814">
     <span class='ocr_line' id='line_1_39' title="bbox 0 0 1384 4814; baseline 0 3"><span class='ocrx_word' id='word_1_334' title='bbox 0 0 1384 4814; x_wconf 95' lang='lat' dir='ltr'> </span> 
     </span>
    </p>
   </div>
  </div>
 </body>
</html>
