2760 4814
180 310 249 378 520
666 304 828 374 nngrppu

183 514 250 561 esse
272 495 434 569 diceretur,
466 496 502 558 ut
525 491 656 557 terrenis
680 490 857 574 corporibus
880 490 1054 557 animandis
1083 493 1216 574 quodem
1241 495 1316 558 uin·

184 598 256 665 culo
279 597 417 663 mirabili
432 602 638 663 necteremur:
662 616 762 662 nonne
777 597 878 662 multo
893 598 1004 662 fortius
1020 600 1316 679 argumentaremur

184 703 216 769 id
239 702 362 767 credere
386 702 562 766 recusantes
585 703 618 767 et
647 700 819 765 diceremus
843 704 989 764 naturam
1011 719 1071 764 non
1097 702 1169 782 pati,
1201 704 1238 764 ut
1260 720 1313 764 res

184 808 362 887 incorporea
383 804 554 888 ligamento
576 821 719 886 corperea
743 802 940 866 uineireter?
963 804 1123 867 ettamen
1146 802 1239 885 plena
1262 808 1313 867 est

184 913 268 973 terre
299 906 520 989 uegetentibus
555 906 668 970 animis
703 907 777 970 haee
810 904 949 970 membra
985 910 1105 969 terrena
1138 905 1217 969 miro
1252 906 1353 969 sibia

186 1014 276 1076 modo
302 1029 417 1076 conexa
439 1015 470 1075 et
499 1009 670 1092 implicata.
708 1027 762 1073 cnr
792 1025 864 1090 ergo
888 1007 993 1072 eodem
1017 1008 1142 1072 uolente
1165 1006 1231 1084 deo,
1257 1008 1312 1090 qni

185 1114 261 1181 feeit
293 1115 350 1178 hoc
381 1113 509 1191 animal,
543 1131 604 1177 non
638 1112 752 1194 poterit
785 1114 944 1175 terrenum
975 1129 1085 1193 corpus
1116 1113 1147 1175 in
1175 1111 1311 1176 caeleste

185 1236 295 1301 eorpus
318 1216 432 1292 attolli,
456 1217 483 1280 si
506 1216 627 1281 animus
650 1214 735 1280 omni
757 1233 793 1279 ac
815 1232 870 1295 per
891 1215 950 1278 hoc
972 1214 1068 1279 etiam
1090 1213 1217 1278 caelesti
1242 1231 1312 1278 cor-

185 1338 259 1403 pore
280 1319 494 1402 praestabilior
515 1324 638 1383 terreno
662 1318 780 1400 corpori
808 1318 911 1399 potuit
941 1317 1090 1400 inligari?
1123 1336 1163 1380 an
1185 1320 1313 1381 terrena

185 1423 340 1505 particula
368 1426 434 1487 tam
465 1423 575 1504 exigua
604 1421 707 1502 potuit
736 1421 855 1503 aliquid
885 1420 1012 1485 caelesti
1043 1438 1168 1502 corpore
1198 1420 1355 1485 melinsro

185 1525 268 1608 apud
290 1544 321 1589 se
336 1529 451 1603 tenere,
475 1527 511 1588 ut
526 1542 649 1587 sensum
664 1523 793 1589 haberet
808 1526 839 1587 et
855 1524 965 1604 uitam,
989 1528 1020 1587 et
1036 1542 1102 1588 eam
1119 1523 1311 1587 sentientem

185 1630 279 1710 etque
302 1627 459 1691 uiuentem
483 1626 704 1708 dedignabitur
731 1628 852 1691 caelum
876 1629 1031 1707 suscipere
1054 1629 1109 1690 aut
1131 1630 1311 1706 susceptam

186 1748 248 1794 non
270 1729 386 1812 poterit
408 1729 571 1805 sustinere,
597 1747 667 1793 eum
683 1731 720 1793 do
738 1749 771 1792 re
793 1730 910 1793 sentiat
925 1734 957 1793 et
973 1729 1062 1793 uiuat
1085 1730 1146 1793 ista
1170 1727 1311 1804 meliore,

187 1851 279 1915 quam
302 1835 350 1896 est
372 1850 479 1915 corpus
502 1850 591 1896 omne
621 1831 774 1896 caeleste?
807 1832 861 1897 sed
884 1833 953 1896 ideo
976 1851 1058 1897 nuuc
1080 1848 1140 1896 non
1162 1830 1208 1910 fit,
1237 1830 1314 1914 quia

186 1936 324 2001 nondum
348 1938 397 2000 est
419 1939 550 2017 tempus,
575 1953 634 2017 quo
658 1936 689 1999 id
712 1935 777 2001 fieri
796 1936 906 2011 uoluit,
930 1936 982 2018 qui
999 1937 1056 2000 hoc
1080 1936 1161 2018 quod
1176 1935 1353 2003 uidendors

185 2040 249 2103 iam
279 2038 373 2102 uiluit
407 2040 507 2104 multo
540 2038 713 2103 mirabilius
742 2056 835 2120 quam
866 2038 945 2103 illud
980 2041 1059 2120 quod
1083 2040 1121 2103 ab
1154 2038 1226 2103 istis
1250 2056 1313 2103 non

186 2141 323 2207 creditur
352 2141 435 2206 fecit.
472 2160 526 2206 cnr
555 2143 639 2206 enirn
669 2160 729 2207 non
752 2142 967 2207 uehementius
990 2143 1182 2207 admiramur
1204 2142 1311 2206 incor-

186 2262 295 2327 poreos
325 2246 443 2310 animos
473 2246 599 2311 caelesti
630 2262 754 2330 corpore
780 2248 915 2329 potiores
938 2249 1068 2311 terrenis
1091 2244 1219 2329 inligari
1241 2261 1312 2308 eor·

185 2347 312 2429 poribus
340 2368 433 2431 qnam
456 2366 582 2432 corpora
610 2349 683 2415 licet
705 2354 831 2414 terrena
853 2349 978 2415 sedibus
1001 2351 1143 2433 quamuis
1166 2347 1312 2414 caelesti·

186 2451 253 2528 bns,
284 2452 389 2516 tamen
413 2453 565 2535 corporeis
587 2452 761 2530 sublimari,
793 2453 853 2517 nisi
876 2453 1029 2535 quiahoc
1052 2452 1156 2517 uidere
1179 2469 1352 2521 consue-so

186 2554 289 2617 nimus
312 2558 344 2617 et
366 2554 424 2619 hoc
445 2573 562 2636 erimus,
585 2556 664 2620 illud
687 2575 761 2622 uero
784 2554 922 2620 nondum
939 2573 1047 2619 sumus
1064 2573 1120 2619 nec
1142 2554 1313 2635 aliquando

186 2654 287 2721 adhuc
317 2655 477 2721 uidimus?
515 2677 588 2723 nam
616 2660 755 2742 proiecto
786 2659 889 2724 sobria
910 2661 1028 2724 ratione
1052 2657 1191 2723 consulta
1213 2655 1313 2721 mira·

186 2756 307 2823 bilioris
337 2777 404 2823 esso
434 2760 532 2825 diuini
564 2761 664 2843 operis
687 2763 841 2844 reperitur
871 2762 1115 2843 incorporalibus
1138 2759 1313 2844 corporalia

186 2861 321 2945 quodam
344 2864 433 2928 modo
457 2864 594 2929 atterere
616 2881 710 2947 quam
733 2865 807 2930 licet
828 2865 958 2940 diuersa,
981 2865 1055 2948 quia
1076 2864 1132 2928 illa
1152 2861 1312 2944 caelestia,

184 2967 248 3032 ista
278 2966 448 3042 terrestria,
479 2968 585 3032 tamen
616 2985 742 3051 corpora
772 2971 804 3032 et
827 2985 953 3050 corpora
976 2967 1130 3048 copulare.
1174 2965 1229 3030 sed
1252 2965 1352 3037 hocas

186 3068 372 3135 incredibile
395 3069 490 3135 fuerit
511 3069 687 3153 aliquando.

236 3358 254 3411 3
277 3358 421 3412 eren-dere
446 3357 468 3410 V
569 3358 586 3412 4
610 3357 773 3426 incorporea]
799 3357 827 3410 in
847 3372 987 3426 corporea
1009 3358 1035 3411 V
1135 3356 1314 3425 alligamento

184 3458 202 3495 o
305 3444 452 3498 uinciretur
475 3444 541 3498 P‘or
571 3443 723 3497 uinceretur
746 3442 840 3498 P¹TV
940 3442 1034 3497 5aibi
1058 3443 1138 3497 Pro:
1168 3443 1191 3495 si
1219 3442 1245 3494 V

185 3530 202 3581 6
219 3530 357 3598 implicate
378 3531 413 3582 V:
440 3531 573 3599 implicite
591 3530 660 3585 PTo
761 3529 821 3600 deo]
840 3529 904 3583 add.
925 3530 961 3584 T²
977 3545 1053 3598 supr.
1071 3544 1143 3583 aera.
1247 3529 1263 3580 7
1284 3528 1315 3582 in

185 3615 414 3684 caelesticorpore
440 3632 456 3669 o
567 3617 584 3671 8
611 3615 838 3684 attolli-etiam]
866 3632 916 3669 om.
943 3632 959 3669 a
1068 3616 1084 3667 9
1111 3614 1314 3683 praestabiliori

183 3714 201 3752 o
298 3702 412 3772 terrene]
431 3706 599 3757 terrenumo
701 3702 804 3772 corpori
825 3702 850 3756 Τ
856 3702 889 3755 V:
915 3717 1042 3771 corpure
1146 3703 1176 3754 ll
1196 3704 1225 3755 et
1242 3702 1314 3772 mm]

184 3799 270 3840 orae
373 3787 406 3840 12
424 3792 609 3856 susceptumo
708 3789 741 3842 15
758 3803 811 3856 quo
830 3802 860 3841 ar
889 3788 959 3856 qnod
979 3786 1048 3842 TVv
1148 3786 1175 3840 id
1198 3787 1233 3840 T:
1260 3803 1314 3841 oea

189 3870 229 3925 Vc
334 3873 365 3927 16
383 3873 467 3927 nilnit
487 3874 524 3927 V:
551 3874 640 3929 uoluit
659 3877 699 3930 To
801 3874 835 3928 22
853 3874 1030 3928 mirabiliores
1047 3891 1064 3927 o
