2760 4814
177 279 241 346 324
663 279 830 350 Eosiooii

180 488 241 555 quo
263 471 311 537 illi
333 472 394 537 duo
415 471 558 554 parietes,
581 490 660 539 unus
677 492 712 537 er
734 471 978 548 circumcisione,
1001 473 1081 538 alter
1095 491 1133 538 er
1147 476 1311 557 praeputio

145 574 149 581 '
177 574 349 654 uenientes,
383 577 528 658 quamuis
557 575 764 662 inaugurari
798 575 900 658 lapide
935 576 1168 653 concordarent,
1202 584 1308 644 tamen

177 678 242 744 suis
272 678 461 761 quibusdam
490 679 732 764 proprietatibus
766 678 946 744 distinctius
974 680 1161 761 eminebant,
1193 700 1231 747 ao
1254 685 1309 748 ubi

178 782 310 849 ecclesia
340 784 483 868 gentium
511 783 587 849 talis
616 784 728 848 effecta
755 786 811 860 est,
842 784 879 847 ut
900 784 933 848 in
955 802 992 847 ea
1013 783 1121 849 nullus
1144 784 1311 851 israhelita

177 885 313 980 carnalis
336 892 493 972 appareat,
518 889 587 971 quis
602 889 666 954 iam
682 888 740 954 hoo
755 887 943 953 christianus
959 888 1115 967 obserant,
1138 891 1175 953 ut
1197 890 1308 956 tnrdos
1332 911 1346 952 ⁵

177 990 230 1057 uel
262 991 449 1057 minutiores
482 991 622 1057 auiculas
652 1010 714 1056 non
748 992 893 1074 attingat,
928 992 987 1056 nisi
1017 1008 1148 1072 quarum
1179 994 1309 1076 sanguis

178 1095 295 1160 effusus
317 1099 374 1171 est,
398 1098 454 1160 aut
475 1094 615 1177 leporem
637 1113 699 1160 non
717 1095 798 1172 edat,
822 1096 959 1160 simann
975 1111 995 1159 a
1009 1095 1129 1159 ceruice
1144 1113 1309 1178 percussus

175 1198 263 1264 nullo
294 1202 420 1265 cruento
450 1198 580 1264 uulnere
609 1198 728 1264 occisus
757 1200 828 1263 est?
861 1202 894 1262 et
916 1198 970 1281 qui
992 1197 1072 1263 forto
1095 1197 1186 1281 pauci
1208 1199 1310 1266 adhuc

176 1304 305 1386 tongere
325 1304 389 1368 ista
410 1301 591 1381 formidant,
614 1321 634 1367 a
657 1302 768 1367 ceteris
790 1301 969 1368 irridentur.
1007 1303 1054 1367 ita
1077 1305 1216 1369 omnium
1239 1305 1308 1369 ani·

175 1424 242 1472 mos
264 1405 299 1471 in
320 1405 380 1471 hac
402 1423 436 1470 re
457 1405 562 1471 tenuit
583 1404 642 1471 ills
663 1404 818 1470 sententia
840 1405 1004 1471 ueritatis:
1035 1424 1109 1470 non
1131 1406 1231 1489 qnod
1253 1407 1308 1472 in·
1319 1434 1345 1473 ιο

174 1508 383 1575 trutines
410 1509 587 1575 uestrum
616 1526 684 1574 uos
708 1508 964 1591 coinquinat,
999 1508 1063 1574 sed
1085 1510 1184 1592 quod
1207 1510 1306 1588 exit,

174 1612 295 1681 nnllam
328 1611 389 1678 cibi
423 1615 578 1694 naturam,
613 1630 707 1695 qnam
740 1613 874 1678 societas
903 1612 1047 1680 admittit
1069 1613 1217 1696 humana,
1251 1617 1306 1679 sed

173 1733 254 1798 quaa
274 1715 425 1797 iniquitas
447 1715 619 1782 committit
641 1717 769 1799 peccata
789 1715 1008 1784 condemnans.

562 1963 568 1973 ’
665 1983 794 2090 'uun

172 2198 219 2247 DE
240 2198 285 2248 ΕΟ
308 2197 403 2259 Qvon
431 2197 601 2245 semivir
624 2195 695 2258 EST,
726 2197 748 2243 Δ
772 2196 999 2245 vonnmutssvs
1029 2190 1159 2246 MVNDIS
1182 2198 1226 2246 ΕΤ
1248 2200 1306 2248 111·
1317 2207 1343 2247 15

172 2301 303 2350 srvdnls
336 2299 500 2350 INTRASSE
532 2300 571 2349 111
603 2299 731 2348 ΔΒΟΑΜ.
768 2300 814 2347 EX
844 2299 951 2348 tusto
979 2299 1223 2361 QVAESTIONVM
1258 2304 1306 2350 Dm

671 2403 803 2454 umor.

120 2541 163 2608 80
215 2543 303 2624 Quod
318 2544 470 2627 scriptum
486 2548 548 2610 est:
571 2563 591 2611 a
611 2544 856 2611 dolatilibus
879 2544 1032 2610 mundis
1056 2549 1095 2611 ct
1117 2565 1136 2609 a
1158 2545 1304 2610 uolati-

170 2647 281 2716 libus
315 2647 544 2726 immundis,
580 2650 620 2715 ot
648 2666 667 2712 a
695 2647 908 2734 pecoribus
940 2649 1099 2713 mundis
1129 2651 1167 2713 et
1197 2667 1216 2713 a
1244 2667 1305 2734 pe·

170 2753 332 2823 cotibus
362 2753 595 2830 immundis,
628 2756 665 2817 et
694 2750 739 2818 ab
771 2754 950 2818 omnibus
980 2753 1240 2835 serpentibus
1263 2755 1341 2819 inno

169 2864 283 2925 terra
295 2893 340 2906 -
353 2858 435 2940 quod
457 2856 570 2924 deinde
588 2875 650 2922 non
666 2855 801 2937 additur,
825 2856 1028 2923 subauditur:
1051 2856 1178 2923 mundis
1194 2861 1226 2922 et
1242 2856 1304 2924 im·

169 2962 297 3028 mundis
312 2999 355 3010 -
370 2965 403 3026 et
416 2959 616 3046 adiungitur:
639 2961 710 3026 dno
729 2962 801 3027 duo
819 2961 1077 3027 intrauerunt
1095 2959 1141 3026 ad
1156 2960 1188 3027 N
1195 2977 1239 3026 oe
1260 2961 1303 3028 in

170 3084 312 3144 arcam,
336 3064 534 3131 masculus
556 3066 595 3131 et
615 3063 783 3142 femina,
805 3064 967 3146 quaeritur
982 3063 1135 3149 quomodo
1158 3063 1302 3146 superius

170 3169 347 3236 distinxerit
370 3169 431 3234 duo
455 3169 516 3235 duo
538 3167 577 3232 ab
600 3167 783 3252 immundis,
810 3186 893 3232 nunc
915 3172 1021 3234 autem
1044 3167 1111 3233 sine
1134 3185 1152 3232 a
1175 3168 1302 3234 mundis

271 3358 305 3413 10
320 3356 423 3412 Most.
442 3356 482 3422 15,
502 3358 533 3412 11
642 3355 673 3411 18
691 3354 755 3410 Gon.
776 3354 799 3420 7,
818 3356 835 3410 8
853 3359 881 3409 ot
898 3355 915 3408 9

218 3528 235 3583 1
259 3528 322 3598 qno]
346 3526 417 3597 quod
440 3527 507 3582 MV
606 3525 793 3581 3distinotus
820 3526 847 3581 V
946 3542 977 3582 ac
1004 3525 1053 3581 1¹¹:
1084 3528 1114 3579 at
1136 3526 1233 3583 PTV²

166 3612 272 3684 oquin]
291 3613 397 3683 quode
482 3614 666 3670 6minitioros
686 3615 712 3669 T
794 3614 928 3669 subouias
944 3619 970 3679 (n
984 3616 1064 3681 erm.)
1082 3614 1112 3668 P
1202 3614 1302 3684 dedat

167 3703 319 3768 (eam)
342 3700 369 3754 V
450 3701 961 3772 manua(uetsam.2s'nras.)P
1048 3699 1301 3773 8sdhucladhoc

167 3787 211 3841 Pn
313 3787 331 3840 9
357 3787 463 3841 enimus
490 3787 561 3842 PVo
665 3787 699 3842 10
726 3788 826 3842 ueritm
852 3787 891 3841 P¹
994 3787 1026 3841 11
1054 3787 1249 3858 quoinquinant
1272 3790 1302 3856 (n

166 3873 250 3937 ersa)
268 3872 297 3926 P
394 3873 459 3928 exiit
477 3874 514 3928 ΡΙ
540 3873 643 3929 existo
747 3872 781 3928 12
798 3873 906 3928 amittit
924 3874 952 3928 P
1056 3874 1090 3929 13
1107 3878 1302 3944 contempnens

165 3957 203 4012 Ρ1
291 3958 325 4013 14
340 3957 602 4029 oantxxvmr
625 3959 724 4014 LXXX
742 3960 771 4014 P
795 3958 909 4016 LXXXI
926 3976 956 4028 03
974 3961 1065 4017 ono
1152 3962 1184 4017 11
1198 3964 1301 4034 genesi]

164 4058 192 4112 g.
210 4043 283 4098 inter
300 4047 388 4099 oeters
406 4047 445 4112 (et
462 4045 527 4101 add.
544 4049 570 4116 o)
588 4045 624 4102 ad
640 4046 730 4102 locum
748 4048 818 4103 Pia
940 4048 974 4102 18
997 4063 1015 4101 a
1033 4049 1116 4117 potas
1132 4064 1185 4104 om.
1205 4049 1234 4103 P

166 4138 198 4193 19
216 4139 402 4236 escensiones
493 4140 527 4195 22
544 4144 572 4196 et
591 4158 675 4199 om.o
760 4143 814 4197 dno
833 4141 894 4213 duo]
913 4143 966 4199 duo
984 4148 1012 4198 et
1028 4143 1116 4200 duoo
1205 4146 1242 4201 23
1260 4120 1302 4202 (11·

164 4232 289 4287 stinxerit
307 4235 428 4303 superius
446 4235 472 4288 Τ
573 4235 607 4290 24
627 4235 795 4293 distincxcrit
813 4238 841 4292 P
942 4238 994 4294 duo
1012 4242 1040 4295 ot
1057 4239 1144 4296 duos
