2760 4814
379 292 453 339 XXX

380 463 491 536 careat,
526 459 732 544 interpolatae
765 461 901 525 familiae
924 462 980 525 est.
1018 479 1089 525 cum
1126 462 1230 525 autem
1267 463 1363 526 desInt

381 563 554 646 polationes
570 565 707 646 capilum
720 562 816 642 XXV,
833 562 1002 638 LXXXVI,
1018 561 1123 641 exul,
1140 582 1218 645 quae
1233 564 1264 629 in
1280 565 1360 631 libro

381 684 439 731 ano
461 667 618 750 leguntur,
641 685 700 731 non
725 666 822 731 codici
846 669 871 732 Τ
894 666 1115 732 consociandus
1138 673 1195 749 est,
1218 669 1271 732 sed
1295 668 1362 733 adl

380 769 528 835 librorum
552 767 672 834 DGPr
695 767 838 852 pertinet.

423 881 455 962 2)
493 880 590 946 Codex
627 881 1017 964 Cbeltenhamensis,
1051 899 1178 945 numero
1204 882 1362 963 iussus

379 984 417 1061 X,
446 984 513 1051 siue
542 987 643 1069 potius
673 985 719 1051 XI
746 987 865 1051 saeculo
895 989 1039 1069 scriptus.
1063 987 1100 1050 ad
1123 986 1273 1069 originem
1297 985 1361 1050 libr

380 1123 456 1188 quae
482 1106 514 1173 in
543 1108 682 1190 margine
710 1107 803 1188 primi
836 1106 904 1172 folii
932 1108 1089 1190 leguntur,
1112 1109 1266 1188 spectant:
1295 1106 1361 1170 Libo

380 1209 450 1296 δοῗι
470 1226 599 1292 reomcli
621 1207 785 1291 Stoboleba.
809 1227 946 1291 continet
964 1225 1149 1309 Epistulam,
1172 1227 1259 1292 cuius
1275 1228 1361 1291 uaria

378 1352 467 1400 onem
497 1334 529 1396 in
559 1333 757 1396 adnotatione
786 1332 843 1394 sub
874 1332 979 1394 littera
1000 1350 1033 1393 m
1055 1331 1169 1404 addidi,
1191 1331 1326 1395 indicem
1349 1349 1360 1396 e

380 1437 530 1517 Excerpta
557 1436 687 1515 integra.
721 1435 773 1514 qui
803 1433 897 1496 codex
926 1451 995 1497 cum
1019 1434 1121 1515 capita
1142 1433 1250 1498 eadem
1274 1435 1360 1499 babes

378 1537 461 1614 MV,
483 1536 635 1618 capitibus
658 1540 772 1614 autem,
795 1554 872 1618 quae
897 1533 1016 1600 DGPv
1032 1542 1063 1600 et
1087 1535 1112 1598 Τ
1134 1536 1195 1600 soli
1211 1535 1360 1601 exhibent.

380 1642 518 1707 familias
541 1639 681 1704 codicum
696 1639 770 1703 MV
785 1638 1036 1704 adnumerandus
1052 1641 1108 1703 est.
1132 1640 1187 1703 sed
1201 1657 1221 1704 a
1235 1658 1329 1705 manu
1344 1658 1360 1704 c

378 1746 422 1809 ris
454 1744 595 1809 foedatus
624 1750 678 1820 est,
708 1742 761 1825 qui
789 1741 951 1823 scripturis
980 1760 1021 1805 m.
1048 1743 1063 1804 1
1094 1743 1190 1806 erasis
1219 1743 1332 1808 codicis

380 1849 526 1915 lectiones
549 1848 580 1911 in
605 1865 710 1910 eorum
732 1846 833 1910 locum
858 1845 1032 1909 substituit.

420 1960 452 2041 3)
479 1957 578 2023 Codex
608 1956 867 2022 Abrincensis
896 1975 926 2019 n.
957 1957 1008 2039 35,
1040 1957 1085 2020 XI
1114 1954 1236 2020 saeculo
1264 1957 1359 2040 script

378 2063 483 2144 cerpta
520 2060 667 2143 Eugippii
696 2059 727 2123 in
756 2061 819 2123 tres
849 2059 945 2122 libros
974 2059 1143 2124 distributa
1176 2060 1324 2136 continet,
1352 2079 1359 2122 ε

378 2165 540 2240 Solone,
564 2164 617 2245 qui
639 2165 786 2244 quaedem
811 2180 916 2226 meum
930 2164 961 2225 in
979 2180 1066 2228 usum
1083 2162 1244 2244 excerpsit,
1268 2181 1359 2226 mecu

376 2268 559 2334 municauit.
582 2266 712 2332 alterius
735 2265 808 2331 libri
831 2266 955 2330 initium
978 2264 1076 2347 deest,
1106 2284 1177 2330 oum
1200 2265 1281 2330 inter
1305 2265 1359 2330 loli

377 2373 416 2437 sl
440 2373 504 2436 tres
533 2371 662 2435 schedae
694 2371 835 2435 reuulsae
864 2370 936 2433 sint.
971 2369 1123 2452 Excerpta
1144 2374 1250 2434 sutem
1272 2387 1358 2451 prors

376 2477 440 2540 suis
462 2480 548 2539 mota
569 2478 661 2555 atque
684 2475 728 2537 ita
751 2474 933 2537 conturbata
955 2471 1090 2550 exhibet,
1113 2478 1148 2537 ut
1171 2473 1222 2536 uin
1237 2490 1347 2553 operae

376 2580 418 2643 sit
440 2595 590 2651 enarrare,
613 2595 673 2657 quc
696 2574 802 2639 ordine
824 2574 946 2658 singula
973 2576 1076 2656 capIts
1090 2575 1296 2656 seenoipiant,
1313 2595 1358 2657 pre

376 2699 447 2745 cum
470 2681 501 2744 in
524 2681 581 2743 hoc
604 2679 682 2743 libro
703 2678 780 2744 nihil
803 2677 877 2742 boni
900 2680 1083 2743 inueniatur.

417 2799 452 2881 4)
485 2797 587 2864 Codex
620 2800 827 2865 Parisinus
862 2799 987 2878 12328,
1017 2799 1091 2863 oIIm
1119 2798 1358 2882 sangermanens

376 2903 496 2967 saeculo
529 2902 672 2983 scriptus.
713 2905 750 2966 ed
785 2903 936 2986 originem
963 2903 1030 2967 eius
1060 2903 1154 2999 uerba
1181 2903 1214 2967 in
1244 2903 1319 2969 folio
1348 2905 1358 2967 1

375 3024 530 3103 spectantt
555 3022 632 3086 liber
653 3003 698 3085 sce
712 3023 798 3103 petri
812 3023 941 3104 antipae
955 3023 1078 3087 corbeie.
1102 3000 1121 3103 ἁ
1142 3023 1270 3100 furatus
1291 3023 1358 3104 foer

375 3126 478 3190 tbemo
493 3127 543 3190 eit.
571 3125 708 3190 continet
730 3125 813 3191 foliis
831 3129 889 3191 141
907 3145 969 3191 non
985 3129 1086 3191 solum
1102 3127 1212 3208 capita,
1228 3147 1306 3211 quae
1322 3127 1357 3192 Er

374 3249 408 3293 en
436 3229 568 3311 singulis
591 3227 619 3293 S.
643 3229 813 3312 AugustIni
843 3228 933 3293 libris
961 3230 1152 3311 compilauit,
1186 3232 1239 3295 sed
1269 3235 1298 3296 in
1327 3231 1357 3295 fir

373 3332 468 3396 etiam
491 3349 664 3395 sermonem
687 3332 853 3415 Fulgentii,
876 3333 1010 3417 episcopi
1032 3334 1219 3415 Ruspensis:
1246 3335 1357 3400 Ieme

373 3455 443 3514 tate.
482 3451 605 3532 Incipit
638 3471 738 3516 sermo
771 3439 818 3516 εἶτ’
846 3453 1007 3536 Fulgentie‘
1033 3433 1093 3535 eff
1134 3457 1293 3536 Quantum
1323 3475 1357 3520 cu

270 3653 273 3657 Ι
372 3557 429 3635 ω-νε
449 3571 585 3636 debitum
607 3573 732 3638 reddere
746 3579 814 3651 cet,
838 3574 892 3657 qui
908 3578 955 3639 est
971 3595 1070 3641 sermo
1086 3576 1115 3641 V
1131 3579 1176 3642 ed.
1191 3575 1307 3661 Migne.
1331 3596 1357 3659 qr

374 3693 445 3739 cum
468 3677 572 3757 capita
589 3678 629 3741 10
643 3713 685 3724 -
700 3677 754 3753 24,
770 3677 829 3744 351
854 3715 890 3724 -
904 3677 968 3744 355
983 3679 1136 3759 exhibeat,
1153 3680 1192 3743 iis
1209 3686 1313 3744 autem
1330 3697 1357 3744 ca

373 3797 450 3860 quae
482 3779 625 3845 Vaticani
655 3782 687 3844 et
715 3781 957 3846 Mediomonteni
991 3785 1114 3865 propria
1142 3789 1224 3858 sunt,
1253 3783 1357 3848 careat

373 3881 495 3962 polatae
510 3883 645 3948 familiae
660 3885 908 3949 adnumerandus
923 3889 980 3950 est.
999 3905 1067 3953 cum
1080 3892 1183 3952 autom
1200 3887 1302 3968 capita
1318 3904 1357 3951 eo«

372 3985 442 4050 dine
455 3988 546 4068 atque
559 3988 591 4050 in
603 3988 682 4053 libro
691 3987 866 4053 Telleriano
879 3991 1043 4056 decurrant
1055 3993 1087 4055 et
1098 3991 1201 4073 capita
1212 3991 1309 4072 XXV,
1323 3989 1357 4054 Id

373 4087 477 4164 exul,
509 4092 570 4155 alia
596 4091 706 4154 iisdem
730 4091 1026 4175 interpolationibus,
1056 4095 1167 4176 quibus
1190 4095 1221 4158 in
1243 4096 1279 4170 Τ,
1302 4114 1357 4159 aue

373 4208 433 4255 uon
471 4195 508 4257 ad
547 4193 698 4258 familiam
734 4197 872 4260 codicum
906 4195 1027 4263 1)qu
1059 4198 1204 4282 pertinet,
1242 4199 1297 4262 ssd
1334 4217 1358 4263 ar
