2760 4814
200 563 284 632 1042
681 556 849 627 Eugippii

199 752 428 821 commemoret.
462 768 594 833 quornm
617 767 724 813 rursus
746 748 839 813 illum
862 746 1006 830 appellet
1026 745 1206 831 imuginem
1220 746 1328 813 terreni
1376 738 1378 749 '

199 854 347 935 hominis,
370 854 445 936 quie
466 853 639 919 secundum
661 855 825 934 peccatum
848 850 944 933 primi
966 849 1103 915 hominis
1123 849 1259 933 geritur,
1280 847 1329 931 qni

199 962 249 1024 eet
270 958 390 1040 Adem3
412 956 548 1023 alterum
562 955 736 1037 imaginem
751 955 896 1020 ccelesiis
910 953 1058 1028 hominis,
1073 955 1150 1035 quin
1165 953 1330 1019 secundun

199 1061 356 1127 iustitium
388 1058 518 1125 secundi
550 1057 688 1124 hominis
722 1056 854 1140 geritur,
888 1056 942 1138 qni
976 1057 1026 1121 est
1060 1054 1210 1121 Christus
1242 1053 1332 1120 leem

200 1165 332 1231 exterior
361 1164 467 1229 cutem
495 1162 586 1227 homo
616 1177 700 1225 nunc
727 1159 947 1243 corrumpitur,
976 1158 1083 1225 future
1110 1159 1359 1225 resurrectiones

200 1271 379 1355 innonatur,
404 1283 477 1330 cum
498 1266 595 1330 istem
617 1264 753 1328 mortem
775 1262 971 1345 persoluerit,
987 1280 1084 1344 qnam
1099 1262 1233 1327 netnree
1248 1259 1334 1327 debet

202 1371 273 1456 lege
294 1369 360 1450 ille,
383 1367 519 1452 quaein
541 1365 684 1451 paradiso
707 1383 762 1447 per
784 1366 987 1447 praeceptum
1009 1364 1060 1430 dei
1082 1364 1161 1429 dete
1183 1369 1241 1430 est.

245 1488 405 1569 Quomodo
433 1489 538 1554 nutem
567 1487 700 1552 nonsit
733 1489 948 1570 incongruum,
982 1486 1066 1569 qnod
1095 1486 1216 1551 dicitur
1245 1486 1335 1549 etiem

202 1611 314 1677 corpus
351 1592 471 1657 fectum
508 1588 548 1654 ed
586 1589 828 1655 similitudinem
866 1589 927 1669 dei,
961 1589 1054 1655 ieoile
1089 1589 1253 1673 intellegit
1287 1587 1334 1671 qni

203 1695 371 1778 diligenter
401 1693 537 1759 attendit
567 1694 649 1775 quod
672 1693 794 1758 dictum
818 1694 883 1758 eet:
907 1694 943 1757 et
965 1692 1070 1758 iecit
1093 1693 1191 1758 deus
1213 1692 1359 1757 omnies

203 1798 303 1863 bone
335 1797 462 1862 uelde.
507 1814 598 1862 nemo
632 1795 717 1862 enim
746 1794 882 1874 dubitet,
911 1796 994 1879 quod
1023 1796 1066 1862 sit
1094 1799 1163 1878 ipse
1192 1796 1333 1881 primitur

203 1900 314 1965 bonne.
350 1899 461 1964 multis
484 1899 569 1963 enirn
592 1899 693 1965 modis
716 1899 778 1967 dici
798 1901 922 1982 possint
942 1918 992 1965 ree
1014 1898 1137 1965 similes
1160 1899 1236 1966 deo:
1259 1899 1333 1965 cline

203 2001 372 2069 secundnm
405 2003 558 2068 uirtutem
593 2004 626 2067 et
659 2002 848 2085 sapientiem
881 2001 990 2080 factm,
1024 2001 1099 2085 quie
1132 2004 1169 2068 in
1198 2004 1267 2085 ipeo
1293 2004 1335 2067 cst

205 2107 307 2171 uirtus
329 2110 361 2170 et
383 2104 538 2189 sepientis
559 2123 621 2171 non
645 2106 738 2187 iectu,
761 2106 841 2172 elice
863 2108 896 2172 in
919 2107 1071 2188 quantum
1093 2107 1199 2172 solum
1215 2107 1332 2183 uiuunt,

205 2210 279 2293 quie
304 2209 360 2275 ille
386 2228 508 2274 summe
538 2211 571 2275 et
599 2209 748 2293 primitus
775 2210 868 2291 uiuit,
896 2211 976 2276 elice
1004 2209 1037 2275 in
1068 2213 1226 2292 quantum
1258 2212 1361 2288 sunto

206 2311 280 2395 quie
306 2311 362 2378 ille
390 2330 514 2377 summe
545 2330 581 2376 ec
602 2312 748 2395 primitus
771 2314 829 2378 est.
869 2315 903 2378 et
924 2313 994 2379 ideo
1016 2331 1096 2395 qune
1118 2311 1334 2379 tantummodo

205 2416 282 2480 sunt
302 2433 359 2481 noc
380 2415 488 2482 temen
511 2415 626 2482 uiuunt
651 2418 707 2482 ιιι
724 2417 858 2498 sepiunt,
874 2434 935 2480 non
950 2414 1115 2498 perfectae,
1140 2416 1198 2481 sed
1213 2416 1336 2499 erigone

208 2520 282 2584 sunt
304 2521 343 2584 ed
366 2518 606 2585 similitudinem
630 2519 705 2594 eins,
729 2518 802 2601 quia
825 2522 857 2583 et
878 2518 948 2601 ipen
970 2521 1052 2585 bone
1073 2520 1150 2585 eunt
1172 2520 1206 2587 in
1232 2520 1333 2585 ordine

205 2639 271 2701 suo,
294 2638 366 2686 oum
388 2621 432 2686 eit
453 2621 509 2687 ille
532 2639 627 2706 supra
649 2621 756 2687 omnio
778 2620 888 2698 bonus,
905 2639 998 2704 equo
1013 2621 1098 2687 bona
1111 2624 1200 2690 sunt.
1234 2622 1336 2689 omnir

209 2739 292 2802 uero,
315 2741 393 2806 quae
415 2725 529 2789 uiuunt
558 2729 590 2790 et
616 2742 679 2789 non
706 2725 843 2807 sepiunt,
872 2725 964 2807 penlo
986 2724 1124 2807 emplius
1147 2724 1362 2811 perticipnnte

208 2825 458 2892 similitudinem.
483 2827 566 2909 quod
584 2826 670 2892 enim
686 2827 778 2907 uiuit,
795 2827 890 2893 etiem
907 2829 970 2905 est;
988 2847 1050 2893 non
1065 2832 1176 2893 nutem
1191 2827 1336 2912 quidquid

209 2932 266 3007 eet,
289 2928 385 2995 etiem
408 2930 499 2995 uiuit
529 2930 596 2996 iem
624 2947 715 3012 porro
737 2949 816 3013 quoe
838 2930 975 3013 sepiunt,
998 2931 1045 2995 ite
1066 2930 1115 2996 illi
1138 2928 1337 2997 similitudini

208 3036 284 3097 suni
304 3033 453 3114 proxime,
476 3037 514 3100 ιι
537 3037 570 3098 in
593 3033 744 3099 creaturis
761 3033 838 3100 nihil
853 3035 896 3099 sit
910 3035 1123 3119 propinquius.
1160 3036 1244 3119 quod
1258 3035 1336 3100 enirn

211 3136 377 3221 perticipni
398 3139 579 3220 sapientiae,
604 3144 636 3203 et
658 3141 741 3204 uiuit
756 3143 788 3203 et
803 3140 869 3215 est;
888 3139 969 3220 quod
985 3141 1092 3204 entem
1107 3138 1203 3213 uiuit,
1218 3154 1337 3203 necesse

210 3244 258 3304 est
280 3240 390 3317 nteit,
415 3258 476 3305 non
499 3259 628 3307 necesso
650 3243 698 3306 est
720 3247 756 3306 ιι
779 3241 889 3323 sapiat.
928 3259 1022 3324 quere
1048 3258 1120 3306 eum
1135 3241 1229 3305 homo
1245 3240 1362 3323 possitne

211 3341 368 3425 particeps
391 3361 459 3408 esec
477 3344 649 3425 sapienties
663 3345 835 3409 secundum
850 3344 1030 3409 interiorem
1046 3343 1217 3419 hominem,
1232 3360 1337 3409 secun·

209 3447 285 3511 dum
306 3448 411 3528 ipsum
433 3448 479 3512 ite
501 3451 550 3511 eet
573 3450 612 3514 ed
634 3448 815 3531 imaginem,
840 3447 985 3513 utnulla
1011 3447 1125 3512 notura
1153 3447 1337 3529 interposite

210 3549 363 3614 formetur
384 3554 417 3613 ct
439 3550 508 3615 ideo
531 3550 613 3616 nihil
635 3551 678 3615 eit
701 3551 757 3616 deo
780 3550 988 3616 coniunctius.
1025 3551 1057 3614 et
1086 3547 1171 3633 sepit
1198 3550 1282 3615 enim
1309 3552 1338 3612 ct

210 3650 293 3716 uiuit
314 3653 347 3716 et
369 3656 432 3717 eet:
456 3670 518 3735 que
541 3654 686 3718 creature
708 3653 789 3718 nihil
812 3657 860 3718 est
887 3652 1010 3717 melius.

253 3772 341 3853 Quod
370 3772 398 3837 si
426 3773 559 3840 exterior
588 3774 680 3839 homo
711 3774 777 3839 uite
800 3775 856 3838 ille
879 3773 1043 3858 accipitur,
1067 3791 1130 3855 qne
1152 3792 1210 3856 per
1232 3784 1365 3854 corpure

210 3877 364 3942 sentimus
397 3877 534 3960 quinque
567 3876 739 3942 notissimis
779 3876 930 3957 sensibus,
963 3894 1038 3960 quos
1072 3894 1145 3940 cum
1180 3876 1337 3960 pecoribus

314 4105 328 4157 1
352 4104 387 4161 ci.
404 4104 420 4163 I
436 4103 495 4159 (ior.
515 4105 556 4171 15,
575 4107 609 4159 49
714 4107 748 4160 10
765 4104 830 4161 Gen.
851 4108 874 4171 l,
893 4105 925 4159 31

262 4316 362 4386 Bonis
375 4318 440 4375 GP:
467 4336 521 4389 que
536 4321 564 4375 V
652 4321 887 4377 diesuechrietus
906 4322 934 4376 P
1025 4321 1133 4375 inuno
1149 4321 1189 4375 V:
1216 4321 1264 4391 qui
1277 4334 1344 4374 nnnc

216 4401 271 4458 61>
356 4404 432 4459 'idei
454 4405 491 4459 V:
521 4423 571 4462 om.
589 4408 618 4463 P
708 4407 742 4462 12
759 4409 864 4476 possint
885 4407 921 4462 V:
950 4408 1063 4476 porsnnt
1080 4406 1110 4462 P
1199 4408 1232 4462 14
1250 4408 1346 4461 uiuunt

214 4486 284 4545 GP:
312 4488 394 4544 uinnt
414 4491 441 4547 V
540 4493 575 4546 22
592 4492 766 4547 similitudini
785 4493 851 4549 PV:
881 4492 1063 4548 similitudine
1079 4508 1098 4546 a
