<?xml version="1.0" encoding="UTF-8"?>
<!DOCTYPE html PUBLIC "-//W3C//DTD XHTML 1.0 Transitional//EN"
    "http://www.w3.org/TR/xhtml1/DTD/xhtml1-transitional.dtd">
<html xmlns="http://www.w3.org/1999/xhtml" xml:lang="en" lang="en">
 <head>
  <title>
</title>
<meta http-equiv="Content-Type" content="text/html;charset=utf-8" />
  <meta name='ocr-system' content='tesseract 3.04.00' />
  <meta name='ocr-capabilities' content='ocr_page ocr_carea ocr_par ocr_line ocrx_word'/>
</head>
<body>
  <div class='ocr_page' id='page_1' title='image "./evgippiiexcerpt00kngoog/evgippiiexcerpt00kngoog_0402.png"; bbox 0 0 2760 4814; ppageno 0'>
   <div class='ocr_carea' id='block_1_1' title="bbox 319 534 1213 609">
    <p class='ocr_par' dir='ltr' id='par_1_1' title="bbox 319 534 1213 609">
     <span class='ocr_line' id='line_1_1' title="bbox 319 534 1213 609; baseline 0.013 -19"><span class='ocrx_word' id='word_1_1' title='bbox 319 534 486 606; x_wconf 79' lang='lat' dir='ltr'><strong>Excerpta</strong></span> <span class='ocrx_word' id='word_1_2' title='bbox 502 552 538 591; x_wconf 82' lang='lat' dir='ltr'><strong>ex</strong></span> <span class='ocrx_word' id='word_1_3' title='bbox 556 552 626 607; x_wconf 86' lang='lat' dir='ltr'><strong>opp.</strong></span> <span class='ocrx_word' id='word_1_4' title='bbox 646 536 673 593; x_wconf 85' lang='lat' dir='ltr'><strong>S.</strong></span> <span class='ocrx_word' id='word_1_5' title='bbox 691 538 881 607; x_wconf 76' lang='lat' dir='ltr'><strong>Augustini</strong></span> <span class='ocrx_word' id='word_1_6' title='bbox 904 539 973 595; x_wconf 78' lang='lat' dir='ltr'>CVI.</span> <span class='ocrx_word' id='word_1_7' title='bbox 1144 541 1213 609; x_wconf 71' lang='grc'><strong>,371</strong></span> 
     </span>
    </p>
   </div>
   <div class='ocr_carea' id='block_1_2' title="bbox 43 725 1215 2876">
    <p class='ocr_par' dir='ltr' id='par_1_2' title="bbox 43 725 1215 2876">
     <span class='ocr_line' id='line_1_2' title="bbox 79 725 1213 811; baseline 0.004 -19"><span class='ocrx_word' id='word_1_8' title='bbox 79 725 155 809; x_wconf 86' lang='lat' dir='ltr'><strong>quid</strong></span> <span class='ocrx_word' id='word_1_9' title='bbox 189 725 364 792; x_wconf 80' lang='lat' dir='ltr'><strong>euidentius</strong></span> <span class='ocrx_word' id='word_1_10' title='bbox 401 725 522 791; x_wconf 76' lang='lat' dir='ltr'><strong>uultis?</strong></span> <span class='ocrx_word' id='word_1_11' title='bbox 559 729 758 808; x_wconf 78' lang='lat' dir='ltr'><strong>pentecosten</strong></span> <span class='ocrx_word' id='word_1_12' title='bbox 792 726 875 793; x_wconf 88' lang='lat' dir='ltr'><strong>diem</strong></span> <span class='ocrx_word' id='word_1_13' title='bbox 907 727 1025 793; x_wconf 81' lang='lat' dir='ltr'><strong>festum</strong></span> <span class='ocrx_word' id='word_1_14' title='bbox 1057 729 1213 811; x_wconf 78' lang='lat' dir='ltr'><strong>scriptura</strong></span> 
     </span>
     <span class='ocr_line' id='line_1_3' title="bbox 76 829 1213 915; baseline 0.004 -19"><span class='ocrx_word' id='word_1_15' title='bbox 76 831 188 897; x_wconf 60' lang='lat' dir='ltr'><strong>sunm</strong></span> <span class='ocrx_word' id='word_1_16' title='bbox 211 829 249 895; x_wconf 87' lang='lat' dir='ltr'><strong>de</strong></span> <span class='ocrx_word' id='word_1_17' title='bbox 270 830 456 911; x_wconf 83' lang='lat' dir='ltr'><strong>septimanis</strong></span> <span class='ocrx_word' id='word_1_18' title='bbox 480 831 600 899; x_wconf 83' lang='lat' dir='ltr'><strong>fautum</strong></span> <span class='ocrx_word' id='word_1_19' title='bbox 624 835 854 897; x_wconf 78' lang='lat' dir='ltr'><strong>commemorat.</strong></span> <span class='ocrx_word' id='word_1_20' title='bbox 886 831 980 896; x_wconf 88' lang='lat' dir='ltr'><strong>habes</strong></span> <span class='ocrx_word' id='word_1_21' title='bbox 1002 831 1035 896; x_wconf 93' lang='lat' dir='ltr'><strong>in</strong></span> <span class='ocrx_word' id='word_1_22' title='bbox 1057 834 1213 915; x_wconf 71' lang='lat' dir='ltr'><strong>scriptura</strong></span> 
     </span>
     <span class='ocr_line' id='line_1_4' title="bbox 79 932 1212 1015; baseline 0.003 -16"><span class='ocrx_word' id='word_1_23' title='bbox 79 933 206 1015; x_wconf 77' lang='lat' dir='ltr'><strong>Tobiae,</strong></span> <span class='ocrx_word' id='word_1_24' title='bbox 241 932 295 998; x_wconf 87' lang='lat' dir='ltr'><strong>uti</strong></span> <span class='ocrx_word' id='word_1_25' title='bbox 327 932 488 999; x_wconf 84' lang='lat' dir='ltr'><strong>euidenter</strong></span> <span class='ocrx_word' id='word_1_26' title='bbox 510 936 587 1000; x_wconf 84' lang='lat' dir='ltr'><strong>tioit</strong></span> <span class='ocrx_word' id='word_1_27' title='bbox 623 934 721 1001; x_wconf 87' lang='lat' dir='ltr'><strong>istum</strong></span> <span class='ocrx_word' id='word_1_28' title='bbox 754 934 838 999; x_wconf 82' lang='lat' dir='ltr'><strong>diem</strong></span> <span class='ocrx_word' id='word_1_29' title='bbox 871 934 987 999; x_wconf 82' lang='lat' dir='ltr'><strong>festum</strong></span> <span class='ocrx_word' id='word_1_30' title='bbox 1021 932 1140 1001; x_wconf 79' lang='lat' dir='ltr'><strong>fautum</strong></span> <span class='ocrx_word' id='word_1_31' title='bbox 1175 935 1212 1002; x_wconf 82' lang='lat' dir='ltr'><strong>de</strong></span> 
     </span>
     <span class='ocr_line' id='line_1_5' title="bbox 77 1035 1211 1120; baseline 0.004 -18"><span class='ocrx_word' id='word_1_32' title='bbox 77 1037 274 1119; x_wconf 80' lang='lat' dir='ltr'><strong>septimanis.</strong></span> <span class='ocrx_word' id='word_1_33' title='bbox 313 1035 429 1119; x_wconf 88' lang='lat' dir='ltr'><strong>septies</strong></span> <span class='ocrx_word' id='word_1_34' title='bbox 459 1037 543 1102; x_wconf 89' lang='lat' dir='ltr'><strong>enim</strong></span> <span class='ocrx_word' id='word_1_35' title='bbox 573 1040 692 1120; x_wconf 86' lang='lat' dir='ltr'><strong>septeni</strong></span> <span class='ocrx_word' id='word_1_36' title='bbox 714 1056 840 1105; x_wconf 82' lang='lat' dir='ltr'><strong>xnvrm</strong></span> <span class='ocrx_word' id='word_1_37' title='bbox 866 1037 899 1104; x_wconf 94' lang='lat' dir='ltr'><strong>iu</strong></span> <span class='ocrx_word' id='word_1_38' title='bbox 922 1055 1046 1104; x_wconf 88' lang='lat' dir='ltr'><strong>summa</strong></span> <span class='ocrx_word' id='word_1_39' title='bbox 1068 1039 1211 1106; x_wconf 90' lang='lat' dir='ltr'><strong>redeunt.</strong></span> 
     </span>
     <span class='ocr_line' id='line_1_6' title="bbox 57 1139 1214 1224; baseline 0.004 -20"><span class='ocrx_word' id='word_1_40' title='bbox 57 1139 136 1204; x_wconf 72' lang='lat' dir='ltr'><strong>seeo</strong></span> <span class='ocrx_word' id='word_1_41' title='bbox 157 1141 321 1222; x_wconf 78' lang='lat' dir='ltr'><strong>tamquam</strong></span> <span class='ocrx_word' id='word_1_42' title='bbox 343 1144 379 1203; x_wconf 91' lang='lat' dir='ltr'><strong>nt</strong></span> <span class='ocrx_word' id='word_1_43' title='bbox 401 1139 547 1205; x_wconf 82' lang='lat' dir='ltr'><strong>redeatur</strong></span> <span class='ocrx_word' id='word_1_44' title='bbox 566 1141 608 1205; x_wconf 80' lang='lat' dir='ltr'><strong>ad</strong></span> <span class='ocrx_word' id='word_1_45' title='bbox 631 1146 784 1224; x_wconf 83' lang='lat' dir='ltr'><strong>eaput-</strong></span> <span class='ocrx_word' id='word_1_46' title='bbox 805 1141 919 1224; x_wconf 82' lang='lat' dir='ltr'><strong>spiritu</strong></span> <span class='ocrx_word' id='word_1_47' title='bbox 941 1141 1025 1206; x_wconf 87' lang='lat' dir='ltr'><strong>enim</strong></span> <span class='ocrx_word' id='word_1_48' title='bbox 1044 1147 1153 1208; x_wconf 87' lang='lat' dir='ltr'><strong>saneto</strong></span> <span class='ocrx_word' id='word_1_49' title='bbox 1174 1145 1214 1209; x_wconf 84' lang='lat' dir='ltr'><strong>ai</strong></span> 
     </span>
     <span class='ocr_line' id='line_1_7' title="bbox 81 1242 1213 1327; baseline 0.004 -19"><span class='ocrx_word' id='word_1_50' title='bbox 81 1242 238 1309; x_wconf 84' lang='lat' dir='ltr'><strong>unitatem</strong></span> <span class='ocrx_word' id='word_1_51' title='bbox 267 1242 456 1326; x_wconf 85' lang='lat' dir='ltr'><strong>colligimur,</strong></span> <span class='ocrx_word' id='word_1_52' title='bbox 485 1261 546 1309; x_wconf 92' lang='lat' dir='ltr'><strong>non</strong></span> <span class='ocrx_word' id='word_1_53' title='bbox 575 1244 614 1309; x_wconf 88' lang='lat' dir='ltr'><strong>ab</strong></span> <span class='ocrx_word' id='word_1_54' title='bbox 644 1245 764 1309; x_wconf 84' lang='lat' dir='ltr'><strong>unitate</strong></span> <span class='ocrx_word' id='word_1_55' title='bbox 786 1244 996 1327; x_wconf 79' lang='lat' dir='ltr'>dispergimur</span> <span class='ocrx_word' id='word_1_56' title='bbox 1018 1283 1060 1292; x_wconf 90' lang='lat'>—</span> <span class='ocrx_word' id='word_1_57' title='bbox 1082 1244 1151 1310; x_wconf 91' lang='lat' dir='ltr'><strong>ideo</strong></span> <span class='ocrx_word' id='word_1_58' title='bbox 1172 1247 1213 1312; x_wconf 82' lang='lat' dir='ltr'><strong>ati</strong></span> 
     </span>
     <span class='ocr_line' id='line_1_8' title="bbox 80 1346 1212 1433; baseline 0.002 -22"><span class='ocrx_word' id='word_1_59' title='bbox 80 1365 207 1411; x_wconf 83' lang='lat' dir='ltr'><strong>xnvim</strong></span> <span class='ocrx_word' id='word_1_60' title='bbox 231 1346 356 1412; x_wconf 84' lang='lat' dir='ltr'><strong>additur</strong></span> <span class='ocrx_word' id='word_1_61' title='bbox 379 1365 477 1413; x_wconf 89' lang='lat' dir='ltr'><strong>unum</strong></span> <span class='ocrx_word' id='word_1_62' title='bbox 501 1348 631 1412; x_wconf 84' lang='lat' dir='ltr'><strong>unitatis</strong></span> <span class='ocrx_word' id='word_1_63' title='bbox 646 1348 679 1412; x_wconf 92' lang='lat' dir='ltr'><strong>et</strong></span> <span class='ocrx_word' id='word_1_64' title='bbox 696 1347 777 1412; x_wconf 89' lang='lat' dir='ltr'><strong>fiunt</strong></span> <span class='ocrx_word' id='word_1_65' title='bbox 792 1347 1030 1430; x_wconf 77' lang='lat' dir='ltr'><strong>quinquaginta.</strong></span> <span class='ocrx_word' id='word_1_66' title='bbox 1059 1365 1123 1414; x_wconf 89' lang='lat' dir='ltr'><strong>nou</strong></span> <span class='ocrx_word' id='word_1_67' title='bbox 1138 1367 1212 1433; x_wconf 80' lang='lat' dir='ltr'><strong>ergo</strong></span> 
     </span>
     <span class='ocr_line' id='line_1_9' title="bbox 80 1449 1213 1534; baseline 0.003 -20"><span class='ocrx_word' id='word_1_68' title='bbox 80 1451 144 1514; x_wconf 86' lang='lat' dir='ltr'><strong>iam</strong></span> <span class='ocrx_word' id='word_1_69' title='bbox 174 1449 242 1514; x_wconf 90' lang='lat' dir='ltr'><strong>sine</strong></span> <span class='ocrx_word' id='word_1_70' title='bbox 272 1467 365 1515; x_wconf 85' lang='lat' dir='ltr'><strong>causa</strong></span> <span class='ocrx_word' id='word_1_71' title='bbox 394 1449 652 1534; x_wconf 86' lang='lat' dir='ltr'><strong>quinquagesimo</strong></span> <span class='ocrx_word' id='word_1_72' title='bbox 683 1451 733 1515; x_wconf 89' lang='lat' dir='ltr'><strong>die</strong></span> <span class='ocrx_word' id='word_1_73' title='bbox 762 1454 833 1534; x_wconf 86' lang='lat' dir='ltr'><strong>post</strong></span> <span class='ocrx_word' id='word_1_74' title='bbox 859 1451 1071 1517; x_wconf 79' lang='lat' dir='ltr'><strong>ascensionem</strong></span> <span class='ocrx_word' id='word_1_75' title='bbox 1095 1452 1213 1517; x_wconf 87' lang='lat' dir='ltr'><strong>domini</strong></span> 
     </span>
     <span class='ocr_line' id='line_1_10' title="bbox 81 1550 1211 1638; baseline 0.003 -22"><span class='ocrx_word' id='word_1_76' title='bbox 81 1551 173 1617; x_wconf 91' lang='lat' dir='ltr'><strong>uenit</strong></span> <span class='ocrx_word' id='word_1_77' title='bbox 194 1550 324 1635; x_wconf 82' lang='lat' dir='ltr'><strong>spiritus</strong></span> <span class='ocrx_word' id='word_1_78' title='bbox 346 1555 483 1619; x_wconf 81' lang='lat' dir='ltr'><strong>sanutus.</strong></span> <span class='ocrx_word' id='word_1_79' title='bbox 515 1553 682 1619; x_wconf 79' lang='lat' dir='ltr'><strong>resurrexit</strong></span> <span class='ocrx_word' id='word_1_80' title='bbox 704 1554 858 1638; x_wconf 91' lang='lat' dir='ltr'><strong>dominus,</strong></span> <span class='ocrx_word' id='word_1_81' title='bbox 881 1554 1022 1620; x_wconf 84' lang='lat' dir='ltr'><strong>aseendit</strong></span> <span class='ocrx_word' id='word_1_82' title='bbox 1037 1553 1077 1620; x_wconf 87' lang='lat' dir='ltr'><strong>ab</strong></span> <span class='ocrx_word' id='word_1_83' title='bbox 1093 1554 1211 1633; x_wconf 83' lang='lat' dir='ltr'><strong>inieris,</strong></span> 
     </span>
     <span class='ocr_line' id='line_1_11' title="bbox 44 1654 1213 1735; baseline 0.009 -20"><span class='ocrx_word' id='word_1_84' title='bbox 44 1656 223 1722; x_wconf 86' lang='lat' dir='ltr'><strong>onoudum</strong></span> <span class='ocrx_word' id='word_1_85' title='bbox 251 1656 284 1721; x_wconf 93' lang='lat' dir='ltr'><strong>iu</strong></span> <span class='ocrx_word' id='word_1_86' title='bbox 314 1655 450 1735; x_wconf 81' lang='lat' dir='ltr'><strong>eaelum3</strong></span> <span class='ocrx_word' id='word_1_87' title='bbox 483 1654 524 1721; x_wconf 89' lang='lat' dir='ltr'><strong>ab</strong></span> <span class='ocrx_word' id='word_1_88' title='bbox 547 1655 604 1722; x_wconf 92' lang='lat' dir='ltr'><strong>illa</strong></span> <span class='ocrx_word' id='word_1_89' title='bbox 625 1657 862 1732; x_wconf 85' lang='lat' dir='ltr'><strong>resurreetione,</strong></span> <span class='ocrx_word' id='word_1_90' title='bbox 895 1657 935 1722; x_wconf 91' lang='lat' dir='ltr'><strong>ab</strong></span> <span class='ocrx_word' id='word_1_91' title='bbox 963 1657 1022 1722; x_wconf 91' lang='lat' dir='ltr'><strong>illa</strong></span> <span class='ocrx_word' id='word_1_92' title='bbox 1043 1657 1082 1722; x_wconf 89' lang='lat' dir='ltr'><strong>ab</strong></span> <span class='ocrx_word' id='word_1_93' title='bbox 1105 1657 1213 1727; x_wconf 84' lang='lat' dir='ltr'><strong>inferis</strong></span> 
     </span>
     <span class='ocr_line' id='line_1_12' title="bbox 80 1759 1213 1845; baseline 0.002 -19"><span class='ocrx_word' id='word_1_94' title='bbox 80 1759 276 1826; x_wconf 78' lang='lat' dir='ltr'><strong>assumtione</strong></span> <span class='ocrx_word' id='word_1_95' title='bbox 307 1761 512 1826; x_wconf 86' lang='lat' dir='ltr'><strong>numeruntur</strong></span> <span class='ocrx_word' id='word_1_96' title='bbox 541 1760 770 1845; x_wconf 80' lang='lat' dir='ltr'><strong>quinquaginta</strong></span> <span class='ocrx_word' id='word_1_97' title='bbox 799 1760 875 1843; x_wconf 83' lang='lat' dir='ltr'><strong>dies,</strong></span> <span class='ocrx_word' id='word_1_98' title='bbox 905 1763 937 1825; x_wconf 92' lang='lat' dir='ltr'><strong>et</strong></span> <span class='ocrx_word' id='word_1_99' title='bbox 966 1761 1054 1827; x_wconf 90' lang='lat' dir='ltr'><strong>uenit</strong></span> <span class='ocrx_word' id='word_1_100' title='bbox 1083 1760 1213 1843; x_wconf 82' lang='lat' dir='ltr'><strong>spiritus</strong></span> 
     </span>
     <span class='ocr_line' id='line_1_13' title="bbox 79 1863 1215 1948; baseline 0.002 -19"><span class='ocrx_word' id='word_1_101' title='bbox 79 1868 217 1941; x_wconf 87' lang='lat' dir='ltr'><strong>sanetus,</strong></span> <span class='ocrx_word' id='word_1_102' title='bbox 241 1864 275 1929; x_wconf 88' lang='lat' dir='ltr'><strong>in</strong></span> <span class='ocrx_word' id='word_1_103' title='bbox 296 1863 560 1947; x_wconf 79' lang='lat' dir='ltr'><strong>quinquagenario</strong></span> <span class='ocrx_word' id='word_1_104' title='bbox 574 1881 703 1928; x_wconf 87' lang='lat' dir='ltr'><strong>numero</strong></span> <span class='ocrx_word' id='word_1_105' title='bbox 719 1865 880 1946; x_wconf 63' lang='lat' dir='ltr'><strong>umquam</strong></span> <span class='ocrx_word' id='word_1_106' title='bbox 898 1864 1036 1929; x_wconf 63' lang='lat' dir='ltr'><strong>numiam</strong></span> <span class='ocrx_word' id='word_1_107' title='bbox 1052 1864 1114 1930; x_wconf 90' lang='lat' dir='ltr'><strong>sibi</strong></span> <span class='ocrx_word' id='word_1_108' title='bbox 1131 1863 1215 1948; x_wconf 69' lang='lat' dir='ltr'><strong>spuo</strong></span> 
     </span>
     <span class='ocr_line' id='line_1_14' title="bbox 76 1965 1213 2051; baseline 0.003 -19"><span class='ocrx_word' id='word_1_109' title='bbox 76 1984 139 2033; x_wconf 89' lang='lat' dir='ltr'><strong>nos</strong></span> <span class='ocrx_word' id='word_1_110' title='bbox 159 1965 289 2032; x_wconf 62' lang='lat' dir='ltr'><strong>Mens.</strong></span> <span class='ocrx_word' id='word_1_111' title='bbox 314 1985 361 2032; x_wconf 77' lang='grc' dir='ltr'><strong>ιιι</strong></span> <span class='ocrx_word' id='word_1_112' title='bbox 384 1968 469 2033; x_wconf 89' lang='lat' dir='ltr'><strong>euim</strong></span> <span class='ocrx_word' id='word_1_113' title='bbox 490 1966 601 2051; x_wconf 81' lang='lat' dir='ltr'><strong>dietus</strong></span> <span class='ocrx_word' id='word_1_114' title='bbox 621 1966 672 2031; x_wconf 88' lang='lat' dir='ltr'><strong>hio</strong></span> <span class='ocrx_word' id='word_1_115' title='bbox 686 1967 884 2033; x_wconf 72' lang='lat' dir='ltr'><strong>mnuusatus</strong></span> <span class='ocrx_word' id='word_1_116' title='bbox 898 1974 947 2032; x_wconf 89' lang='lat' dir='ltr'><strong>est</strong></span> <span class='ocrx_word' id='word_1_117' title='bbox 962 1985 1037 2033; x_wconf 87' lang='lat' dir='ltr'><strong>oum</strong></span> <span class='ocrx_word' id='word_1_118' title='bbox 1051 1967 1213 2051; x_wconf 76' lang='lat' dir='ltr'><strong>discipulis</strong></span> 
     </span>
     <span class='ocr_line' id='line_1_15' title="bbox 80 2069 1214 2154; baseline 0.002 -18"><span class='ocrx_word' id='word_1_119' title='bbox 80 2070 155 2148; x_wconf 79' lang='lat' dir='ltr'><strong>suls,</strong></span> <span class='ocrx_word' id='word_1_120' title='bbox 192 2070 450 2153; x_wconf 75' lang='lat' dir='ltr'><strong>quadragensimo</strong></span> <span class='ocrx_word' id='word_1_121' title='bbox 480 2070 530 2136; x_wconf 89' lang='lat' dir='ltr'><strong>die</strong></span> <span class='ocrx_word' id='word_1_122' title='bbox 560 2069 700 2135; x_wconf 81' lang='lat' dir='ltr'><strong>aseendit</strong></span> <span class='ocrx_word' id='word_1_123' title='bbox 730 2070 762 2135; x_wconf 91' lang='lat' dir='ltr'><strong>iu</strong></span> <span class='ocrx_word' id='word_1_124' title='bbox 787 2071 908 2137; x_wconf 82' lang='lat' dir='ltr'><strong>eaelum</strong></span> <span class='ocrx_word' id='word_1_125' title='bbox 943 2072 976 2136; x_wconf 89' lang='lat' dir='ltr'><strong>et</strong></span> <span class='ocrx_word' id='word_1_126' title='bbox 999 2072 1135 2154; x_wconf 82' lang='lat' dir='ltr'><strong>peractis</strong></span> <span class='ocrx_word' id='word_1_127' title='bbox 1168 2071 1214 2138; x_wconf 83' lang='lat' dir='ltr'><strong>ibi</strong></span> 
     </span>
     <span class='ocr_line' id='line_1_16' title="bbox 43 2173 1214 2290; baseline 0.008 -58"><span class='ocrx_word' id='word_1_128' title='bbox 43 2175 191 2240; x_wconf 74' lang='lat' dir='ltr'><strong>udewn</strong></span> <span class='ocrx_word' id='word_1_129' title='bbox 224 2173 343 2251; x_wconf 86' lang='lat' dir='ltr'><strong>diebus,</strong></span> <span class='ocrx_word' id='word_1_130' title='bbox 378 2176 542 2257; x_wconf 85' lang='lat' dir='ltr'><strong>tamquam</strong></span> <span class='ocrx_word' id='word_1_131' title='bbox 576 2173 694 2239; x_wconf 88' lang='lat' dir='ltr'><strong>dooimo</strong></span> <span class='ocrx_word' id='word_1_132' title='bbox 727 2175 960 2290; x_wconf 74' lang='lat' dir='ltr'><strong>pmeoeptoruru</strong></span> <span class='ocrx_word' id='word_1_133' title='bbox 992 2176 1091 2258; x_wconf 79' lang='lat' dir='ltr'><strong>signo,</strong></span> <span class='ocrx_word' id='word_1_134' title='bbox 1125 2176 1214 2241; x_wconf 91' lang='lat' dir='ltr'><strong>uenit</strong></span> 
     </span>
     <span class='ocr_line' id='line_1_17' title="bbox 79 2276 1213 2363; baseline 0.003 -21"><span class='ocrx_word' id='word_1_135' title='bbox 79 2277 213 2362; x_wconf 85' lang='lat' dir='ltr'><strong>spiritus</strong></span> <span class='ocrx_word' id='word_1_136' title='bbox 246 2277 382 2354; x_wconf 76' lang='lat' dir='ltr'><strong>enatus</strong></span> <span class='ocrx_word' id='word_1_137' title='bbox 416 2277 492 2363; x_wconf 90' lang='lat' dir='ltr'><strong>quia</strong></span> <span class='ocrx_word' id='word_1_138' title='bbox 523 2293 614 2342; x_wconf 89' lang='lat' dir='ltr'><strong>nemo</strong></span> <span class='ocrx_word' id='word_1_139' title='bbox 645 2277 760 2360; x_wconf 85' lang='lat' dir='ltr'><strong>implet</strong></span> <span class='ocrx_word' id='word_1_140' title='bbox 790 2276 894 2359; x_wconf 84' lang='lat' dir='ltr'><strong>legem</strong></span> <span class='ocrx_word' id='word_1_141' title='bbox 916 2276 977 2343; x_wconf 93' lang='lat' dir='ltr'><strong>nisi</strong></span> <span class='ocrx_word' id='word_1_142' title='bbox 998 2298 1054 2361; x_wconf 84' lang='lat' dir='ltr'><strong>per</strong></span> <span class='ocrx_word' id='word_1_143' title='bbox 1075 2279 1213 2361; x_wconf 80' lang='lat' dir='ltr'><strong>gratiam</strong></span> 
     </span>
     <span class='ocr_line' id='line_1_18' title="bbox 78 2379 1210 2465; baseline 0.002 -19"><span class='ocrx_word' id='word_1_144' title='bbox 78 2379 213 2464; x_wconf 83' lang='lat' dir='ltr'><strong>spiritns</strong></span> <span class='ocrx_word' id='word_1_145' title='bbox 242 2380 353 2446; x_wconf 63' lang='lat' dir='ltr'><strong>sanai</strong></span> <span class='ocrx_word' id='word_1_146' title='bbox 390 2381 508 2463; x_wconf 83' lang='lat' dir='ltr'><strong>itaque,</strong></span> <span class='ocrx_word' id='word_1_147' title='bbox 538 2380 660 2460; x_wconf 84' lang='lat' dir='ltr'><strong>iratres,</strong></span> <span class='ocrx_word' id='word_1_148' title='bbox 692 2381 892 2448; x_wconf 82' lang='lat' dir='ltr'><strong>manifestum</strong></span> <span class='ocrx_word' id='word_1_149' title='bbox 921 2384 968 2446; x_wconf 89' lang='lat' dir='ltr'><strong>ost</strong></span> <span class='ocrx_word' id='word_1_150' title='bbox 996 2382 1210 2465; x_wconf 84' lang='lat' dir='ltr'><strong>septenarium</strong></span> 
     </span>
     <span class='ocr_line' id='line_1_19' title="bbox 76 2481 1212 2566; baseline -0.002 -14"><span class='ocrx_word' id='word_1_151' title='bbox 76 2485 178 2552; x_wconf 87' lang='lat' dir='ltr'><strong>istum</strong></span> <span class='ocrx_word' id='word_1_152' title='bbox 215 2501 381 2549; x_wconf 88' lang='lat' dir='ltr'><strong>numerum</strong></span> <span class='ocrx_word' id='word_1_153' title='bbox 414 2482 454 2547; x_wconf 88' lang='lat' dir='ltr'><strong>ad</strong></span> <span class='ocrx_word' id='word_1_154' title='bbox 490 2481 638 2565; x_wconf 88' lang='lat' dir='ltr'><strong>spiritum</strong></span> <span class='ocrx_word' id='word_1_155' title='bbox 675 2486 765 2549; x_wconf 84' lang='lat' dir='ltr'><strong>sanct</strong></span> <span class='ocrx_word' id='word_1_156' title='bbox 766 2501 822 2548; x_wconf 89' lang='lat' dir='ltr'><strong>unu</strong></span> <span class='ocrx_word' id='word_1_157' title='bbox 858 2483 1024 2565; x_wconf 84' lang='lat' dir='ltr'><strong>pertinere.</strong></span> <span class='ocrx_word' id='word_1_158' title='bbox 1070 2484 1212 2566; x_wconf 89' lang='lat' dir='ltr'><strong>quisquis</strong></span> 
     </span>
     <span class='ocr_line' id='line_1_20' title="bbox 80 2585 1212 2671; baseline -0.002 -17"><span class='ocrx_word' id='word_1_159' title='bbox 80 2590 190 2654; x_wconf 86' lang='lat' dir='ltr'><strong>autem</strong></span> <span class='ocrx_word' id='word_1_160' title='bbox 219 2604 281 2653; x_wconf 87' lang='lat' dir='ltr'><strong>non</strong></span> <span class='ocrx_word' id='word_1_161' title='bbox 303 2586 449 2653; x_wconf 72' lang='lat' dir='ltr'><strong>whaerot</strong></span> <span class='ocrx_word' id='word_1_162' title='bbox 476 2587 591 2653; x_wconf 89' lang='lat' dir='ltr'><strong>unitati</strong></span> <span class='ocrx_word' id='word_1_163' title='bbox 614 2585 733 2651; x_wconf 80' lang='lat' dir='ltr'><strong>Christi</strong></span> <span class='ocrx_word' id='word_1_164' title='bbox 755 2587 787 2651; x_wconf 91' lang='lat' dir='ltr'><strong>et</strong></span> <span class='ocrx_word' id='word_1_165' title='bbox 808 2586 947 2655; x_wconf 85' lang='lat' dir='ltr'><strong>oblatrat</strong></span> <span class='ocrx_word' id='word_1_166' title='bbox 967 2586 1118 2671; x_wconf 63' lang='lat' dir='ltr'><strong>muamus</strong></span> <span class='ocrx_word' id='word_1_167' title='bbox 1141 2587 1212 2652; x_wconf 92' lang='lat' dir='ltr'><strong>uni-</strong></span> 
     </span>
     <span class='ocr_line' id='line_1_21' title="bbox 43 2688 1213 2775; baseline -0.002 -17"><span class='ocrx_word' id='word_1_168' title='bbox 43 2695 181 2758; x_wconf 69' lang='lat' dir='ltr'><strong>»uun</strong></span> <span class='ocrx_word' id='word_1_169' title='bbox 199 2689 325 2773; x_wconf 79' lang='lat' dir='ltr'><strong>Christi,</strong></span> <span class='ocrx_word' id='word_1_170' title='bbox 355 2689 581 2775; x_wconf 81' lang='lat' dir='ltr'><strong>intellegendus</strong></span> <span class='ocrx_word' id='word_1_171' title='bbox 603 2693 650 2756; x_wconf 88' lang='lat' dir='ltr'><strong>est</strong></span> <span class='ocrx_word' id='word_1_172' title='bbox 671 2708 733 2756; x_wconf 92' lang='lat' dir='ltr'><strong>non</strong></span> <span class='ocrx_word' id='word_1_173' title='bbox 754 2688 868 2757; x_wconf 85' lang='lat' dir='ltr'><strong>habere</strong></span> <span class='ocrx_word' id='word_1_174' title='bbox 890 2688 1037 2774; x_wconf 81' lang='lat' dir='ltr'><strong>spiritum</strong></span> <span class='ocrx_word' id='word_1_175' title='bbox 1059 2693 1213 2756; x_wconf 61' lang='lat' dir='ltr'><strong>eandum.</strong></span> 
     </span>
     <span class='ocr_line' id='line_1_22' title="bbox 80 2792 1213 2876; baseline -0.001 -16"><span class='ocrx_word' id='word_1_176' title='bbox 80 2793 297 2860; x_wconf 79' lang='lat' dir='ltr'><strong>contentiones</strong></span> <span class='ocrx_word' id='word_1_177' title='bbox 327 2793 411 2859; x_wconf 90' lang='lat' dir='ltr'><strong>enim</strong></span> <span class='ocrx_word' id='word_1_178' title='bbox 434 2794 467 2858; x_wconf 89' lang='lat' dir='ltr'><strong>et</strong></span> <span class='ocrx_word' id='word_1_179' title='bbox 488 2793 694 2860; x_wconf 88' lang='lat' dir='ltr'><strong>dissensiones</strong></span> <span class='ocrx_word' id='word_1_180' title='bbox 718 2811 780 2860; x_wconf 93' lang='lat' dir='ltr'><strong>non</strong></span> <span class='ocrx_word' id='word_1_181' title='bbox 810 2793 930 2865; x_wconf 78' lang='lat' dir='ltr'><strong>faoun</strong></span> <span class='ocrx_word' id='word_1_182' title='bbox 959 2792 1023 2861; x_wconf 86' lang='lat' dir='ltr'><strong>nisi</strong></span> <span class='ocrx_word' id='word_1_183' title='bbox 1049 2792 1213 2876; x_wconf 81' lang='lat' dir='ltr'><strong>animales,</strong></span> 
     </span>
    </p>
   </div>
   <div class='ocr_carea' id='block_1_3' title="bbox 80 2895 1215 3187">
    <p class='ocr_par' dir='ltr' id='par_1_3' title="bbox 80 2895 1215 3187">
     <span class='ocr_line' id='line_1_23' title="bbox 81 2895 1214 2983; baseline 0.002 -22"><span class='ocrx_word' id='word_1_184' title='bbox 81 2897 119 2963; x_wconf 84' lang='lat' dir='ltr'><strong>de</strong></span> <span class='ocrx_word' id='word_1_185' title='bbox 153 2895 268 2981; x_wconf 89' lang='lat' dir='ltr'><strong>quibus</strong></span> <span class='ocrx_word' id='word_1_186' title='bbox 299 2896 460 2979; x_wconf 79' lang='lat' dir='ltr'><strong>apostolus</strong></span> <span class='ocrx_word' id='word_1_187' title='bbox 493 2895 586 2983; x_wconf 75' lang='lat' dir='ltr'><strong>uiuit:</strong></span> <span class='ocrx_word' id='word_1_188' title='bbox 619 2896 805 2963; x_wconf 87' lang='lat' dir='ltr'><strong>animalis</strong></span> <span class='ocrx_word' id='word_1_189' title='bbox 839 2900 968 2964; x_wconf 89' lang='lat' dir='ltr'><strong>autem</strong></span> <span class='ocrx_word' id='word_1_190' title='bbox 1000 2896 1110 2962; x_wconf 89' lang='lat' dir='ltr'><strong>homo</strong></span> <span class='ocrx_word' id='word_1_191' title='bbox 1140 2915 1214 2963; x_wconf 86' lang='lat' dir='ltr'><strong>non</strong></span> 
     </span>
     <span class='ocr_line' id='line_1_24' title="bbox 80 2999 1214 3084; baseline 0 -18"><span class='ocrx_word' id='word_1_192' title='bbox 80 2999 258 3083; x_wconf 79' lang='lat' dir='ltr'><strong>percipit</strong></span> <span class='ocrx_word' id='word_1_193' title='bbox 290 3017 389 3082; x_wconf 88' lang='lat' dir='ltr'><strong>quae</strong></span> <span class='ocrx_word' id='word_1_194' title='bbox 418 3002 509 3065; x_wconf 88' lang='lat' dir='ltr'><strong>eunt</strong></span> <span class='ocrx_word' id='word_1_195' title='bbox 540 2999 711 3084; x_wconf 80' lang='lat' dir='ltr'><strong>spiritus</strong></span> <span class='ocrx_word' id='word_1_196' title='bbox 742 2999 814 3065; x_wconf 86' lang='lat' dir='ltr'><strong>dei.</strong></span> <span class='ocrx_word' id='word_1_197' title='bbox 852 2999 962 3066; x_wconf 82' lang='lat' dir='ltr'><strong>deinde</strong></span> <span class='ocrx_word' id='word_1_198' title='bbox 992 3000 1145 3084; x_wconf 82' lang='lat' dir='ltr'><strong>seriptum</strong></span> <span class='ocrx_word' id='word_1_199' title='bbox 1167 3002 1214 3066; x_wconf 86' lang='lat' dir='ltr'><strong>est</strong></span> 
     </span>
     <span class='ocr_line' id='line_1_25' title="bbox 82 3100 1215 3187; baseline -0.001 -19"><span class='ocrx_word' id='word_1_200' title='bbox 82 3103 117 3168; x_wconf 91' lang='lat' dir='ltr'><strong>iu</strong></span> <span class='ocrx_word' id='word_1_201' title='bbox 139 3104 278 3187; x_wconf 84' lang='lat' dir='ltr'><strong>epistula</strong></span> <span class='ocrx_word' id='word_1_202' title='bbox 293 3101 390 3168; x_wconf 88' lang='lat' dir='ltr'><strong>iudas</strong></span> <span class='ocrx_word' id='word_1_203' title='bbox 412 3100 563 3185; x_wconf 82' lang='lat' dir='ltr'><strong>apostoli:</strong></span> <span class='ocrx_word' id='word_1_204' title='bbox 586 3102 625 3168; x_wconf 91' lang='lat' dir='ltr'><strong>hi</strong></span> <span class='ocrx_word' id='word_1_205' title='bbox 648 3104 741 3168; x_wconf 90' lang='lat' dir='ltr'><strong>eunt</strong></span> <span class='ocrx_word' id='word_1_206' title='bbox 763 3101 829 3185; x_wconf 91' lang='lat' dir='ltr'><strong>qui</strong></span> <span class='ocrx_word' id='word_1_207' title='bbox 852 3100 1067 3186; x_wconf 76' lang='lat' dir='ltr'><strong>segregant</strong></span> <span class='ocrx_word' id='word_1_208' title='bbox 1089 3107 1215 3169; x_wconf 87' lang='lat' dir='ltr'><strong>semet</strong></span> 
     </span>
    </p>
   </div>
   <div class='ocr_carea' id='block_1_4' title="bbox 184 3355 1073 3424">
    <p class='ocr_par' dir='ltr' id='par_1_4' title="bbox 184 3355 1073 3424">
     <span class='ocr_line' id='line_1_26' title="bbox 184 3355 1073 3424; baseline -0.002 -12"><span class='ocrx_word' id='word_1_209' title='bbox 184 3356 418 3424; x_wconf 55' lang='lat' dir='ltr'><strong>unusual</strong></span> <span class='ocrx_word' id='word_1_210' title='bbox 523 3357 668 3416; x_wconf 64' lang='lat' dir='ltr'><strong>mcor.</strong></span> <span class='ocrx_word' id='word_1_211' title='bbox 684 3357 711 3422; x_wconf 79' lang='lat'><strong>2,</strong></span> <span class='ocrx_word' id='word_1_212' title='bbox 729 3357 763 3412; x_wconf 81' lang='lat'><strong>14</strong></span> <span class='ocrx_word' id='word_1_213' title='bbox 864 3355 977 3412; x_wconf 77' lang='lat' dir='ltr'><strong>utini.</strong></span> <span class='ocrx_word' id='word_1_214' title='bbox 997 3359 1021 3423; x_wconf 83' lang='lat'><strong>1,</strong></span> <span class='ocrx_word' id='word_1_215' title='bbox 1040 3357 1073 3411; x_wconf 82' lang='lat'><strong>19</strong></span> 
     </span>
    </p>
   </div>
   <div class='ocr_carea' id='block_1_5' title="bbox 82 3598 1220 4567">
    <p class='ocr_par' dir='ltr' id='par_1_5' title="bbox 82 3598 1220 4567">
     <span class='ocr_line' id='line_1_27' title="bbox 133 3598 1215 3674; baseline -0.002 -18"><span class='ocrx_word' id='word_1_216' title='bbox 133 3601 331 3674; x_wconf 70' lang='lat' dir='ltr'><strong>iseptemunis</strong></span> <span class='ocrx_word' id='word_1_217' title='bbox 347 3601 378 3656; x_wconf 91' lang='lat' dir='ltr'><em>D</em></span> <span class='ocrx_word' id='word_1_218' title='bbox 467 3601 569 3659; x_wconf 81' lang='lat' dir='ltr'><strong>habeus</strong></span> <span class='ocrx_word' id='word_1_219' title='bbox 585 3601 644 3656; x_wconf 76' lang='lat' dir='ltr'><strong>D‘a</strong></span> <span class='ocrx_word' id='word_1_220' title='bbox 672 3600 781 3657; x_wconf 60' lang='lat' dir='ltr'><strong>habens</strong></span> <span class='ocrx_word' id='word_1_221' title='bbox 799 3599 966 3669; x_wconf 80' lang='lat' dir='ltr'><strong>(tirus.)1&#39;</strong></span> <span class='ocrx_word' id='word_1_222' title='bbox 1054 3598 1215 3668; x_wconf 64' lang='lat' dir='ltr'><strong>saepturum</strong></span> 
     </span>
     <span class='ocr_line' id='line_1_28' title="bbox 82 3686 1214 3758; baseline -0.003 -14"><span class='ocrx_word' id='word_1_223' title='bbox 82 3693 145 3757; x_wconf 74' lang='lat' dir='ltr'><strong>(on.</strong></span> <span class='ocrx_word' id='word_1_224' title='bbox 164 3689 259 3757; x_wconf 79' lang='lat' dir='ltr'><strong>in)&#39;1&#39;</strong></span> <span class='ocrx_word' id='word_1_225' title='bbox 359 3688 501 3744; x_wconf 78' lang='lat' dir='ltr'><strong>itiesturu</strong></span> <span class='ocrx_word' id='word_1_226' title='bbox 529 3705 579 3744; x_wconf 78' lang='lat' dir='ltr'><strong>om.</strong></span> <span class='ocrx_word' id='word_1_227' title='bbox 608 3690 635 3744; x_wconf 92' lang='lat' dir='ltr'><strong><em>P</em></strong></span> <span class='ocrx_word' id='word_1_228' title='bbox 735 3687 941 3758; x_wconf 74' lang='lat' dir='ltr'><strong>iseptemuuis</strong></span> <span class='ocrx_word' id='word_1_229' title='bbox 968 3687 998 3742; x_wconf 90' lang='lat' dir='ltr'><strong><em>D</em></strong></span> <span class='ocrx_word' id='word_1_230' title='bbox 1101 3686 1214 3757; x_wconf 81' lang='lat' dir='ltr'><strong>septeni]</strong></span> 
     </span>
     <span class='ocr_line' id='line_1_29' title="bbox 84 3772 1215 3845; baseline -0.003 -13"><span class='ocrx_word' id='word_1_231' title='bbox 84 3781 185 3845; x_wconf 60' lang='lat' dir='ltr'><strong>umam</strong></span> <span class='ocrx_word' id='word_1_232' title='bbox 202 3775 246 3831; x_wconf 90' lang='lat' dir='ltr'><strong>D¹</strong></span> <span class='ocrx_word' id='word_1_233' title='bbox 339 3775 481 3844; x_wconf 75' lang='lat' dir='ltr'><strong>bspiritui</strong></span> <span class='ocrx_word' id='word_1_234' title='bbox 499 3774 611 3830; x_wconf 84' lang='lat' dir='ltr'><strong><em>D¹TVo</em></strong></span> <span class='ocrx_word' id='word_1_235' title='bbox 703 3775 896 3844; x_wconf 75' lang='lat' dir='ltr'><strong>teolleginuur</strong></span> <span class='ocrx_word' id='word_1_236' title='bbox 913 3772 943 3827; x_wconf 89' lang='lat' dir='ltr'><strong><em>D</em></strong></span> <span class='ocrx_word' id='word_1_237' title='bbox 1035 3772 1215 3844; x_wconf 80' lang='lat' dir='ltr'><strong>axuvlm]</strong></span> 
     </span>
     <span class='ocr_line' id='line_1_30' title="bbox 83 3859 1148 3934; baseline -0.004 -14"><span class='ocrx_word' id='word_1_238' title='bbox 83 3862 266 3934; x_wconf 67' lang='lat' dir='ltr'><strong>qnadraginta</strong></span> <span class='ocrx_word' id='word_1_239' title='bbox 277 3871 349 3918; x_wconf 88' lang='lat' dir='ltr'><strong>nonu</strong></span> <span class='ocrx_word' id='word_1_240' title='bbox 362 3866 390 3929; x_wconf 83' lang='lat' dir='ltr'><strong>(u</strong></span> <span class='ocrx_word' id='word_1_241' title='bbox 402 3879 421 3917; x_wconf 88' lang='lat' dir='ltr'><strong>o</strong></span> <span class='ocrx_word' id='word_1_242' title='bbox 432 3879 467 3917; x_wconf 77' lang='lat' dir='ltr'><strong>m.</strong></span> <span class='ocrx_word' id='word_1_243' title='bbox 479 3864 500 3918; x_wconf 77' lang='lat'><strong><em>2</em></strong></span> <span class='ocrx_word' id='word_1_244' title='bbox 510 3863 544 3917; x_wconf 76' lang='lat' dir='ltr'><strong>io</strong></span> <span class='ocrx_word' id='word_1_245' title='bbox 554 3866 620 3928; x_wconf 79' lang='lat' dir='ltr'><strong>rou.)</strong></span> <span class='ocrx_word' id='word_1_246' title='bbox 637 3861 667 3916; x_wconf 90' lang='lat' dir='ltr'><strong><em>D</em></strong></span> <span class='ocrx_word' id='word_1_247' title='bbox 770 3860 890 3930; x_wconf 75' lang='lat' dir='ltr'><strong>additur]</strong></span> <span class='ocrx_word' id='word_1_248' title='bbox 904 3876 998 3917; x_wconf 81' lang='lat' dir='ltr'><strong>monas</strong></span> <span class='ocrx_word' id='word_1_249' title='bbox 1008 3859 1148 3916; x_wconf 76' lang='lat' dir='ltr'><strong>additura</strong></span> 
     </span>
     <span class='ocr_line' id='line_1_31' title="bbox 83 3946 1149 4021; baseline -0.004 -15"><span class='ocrx_word' id='word_1_250' title='bbox 83 3967 167 4007; x_wconf 84' lang='lat' dir='ltr'><strong>unum</strong></span> <span class='ocrx_word' id='word_1_251' title='bbox 184 3950 310 4021; x_wconf 73' lang='lat' dir='ltr'><strong>unitatis]</strong></span> <span class='ocrx_word' id='word_1_252' title='bbox 329 3965 413 4006; x_wconf 75' lang='lat' dir='ltr'><strong>onae</strong></span> <span class='ocrx_word' id='word_1_253' title='bbox 501 3948 761 4018; x_wconf 61' lang='lat' dir='ltr'><strong>nouerca-eausa]</strong></span> <span class='ocrx_word' id='word_1_254' title='bbox 778 3963 863 4003; x_wconf 56' lang='lat' dir='ltr'><strong>orum</strong></span> <span class='ocrx_word' id='word_1_255' title='bbox 949 3947 1021 4018; x_wconf 76' lang='lat' dir='ltr'><strong>ergo]</strong></span> <span class='ocrx_word' id='word_1_256' title='bbox 1034 3946 1149 4003; x_wconf 82' lang='lat' dir='ltr'><strong>suinuD</strong></span> 
     </span>
     <span class='ocr_line' id='line_1_32' title="bbox 82 4027 1215 4126; baseline -0.004 -14"><span class='ocrx_word' id='word_1_257' title='bbox 82 4027 344 4126; x_wconf 63' lang='lat' dir='ltr'><strong>tqunqminino</strong></span> <span class='ocrx_word' id='word_1_258' title='bbox 366 4058 396 4117; x_wconf 89' lang='lat' dir='ltr'><strong>(n</strong></span> <span class='ocrx_word' id='word_1_259' title='bbox 413 4051 480 4108; x_wconf 70' lang='lat' dir='ltr'><strong>aaa</strong></span> <span class='ocrx_word' id='word_1_260' title='bbox 496 4068 532 4108; x_wconf 71' lang='lat' dir='ltr'><strong>n.</strong></span> <span class='ocrx_word' id='word_1_261' title='bbox 551 4055 578 4117; x_wconf 74' lang='lat'><strong>2)</strong></span> <span class='ocrx_word' id='word_1_262' title='bbox 602 4052 630 4107; x_wconf 83' lang='lat' dir='ltr'><em>T</em></span> <span class='ocrx_word' id='word_1_263' title='bbox 660 4052 903 4122; x_wconf 74' lang='lat' dir='ltr'><strong>quinquaginssrno</strong></span> <span class='ocrx_word' id='word_1_264' title='bbox 924 4054 950 4118; x_wconf 86' lang='lat' dir='ltr'><strong>(e</strong></span> <span class='ocrx_word' id='word_1_265' title='bbox 966 4053 999 4108; x_wconf 80' lang='lat' dir='ltr'><strong>in</strong></span> <span class='ocrx_word' id='word_1_266' title='bbox 1018 4053 1026 4106; x_wconf 92' lang='lat' dir='ltr'><strong>i</strong></span> <span class='ocrx_word' id='word_1_267' title='bbox 1045 4067 1115 4107; x_wconf 81' lang='lat' dir='ltr'><strong>corr.</strong></span> <span class='ocrx_word' id='word_1_268' title='bbox 1132 4067 1167 4105; x_wconf 75' lang='lat' dir='ltr'><strong>sa</strong></span> <span class='ocrx_word' id='word_1_269' title='bbox 1185 4054 1215 4118; x_wconf 77' lang='lat'><strong>2)</strong></span> 
     </span>
     <span class='ocr_line' id='line_1_33' title="bbox 85 4137 1216 4203; baseline -0.004 -6"><span class='ocrx_word' id='word_1_270' title='bbox 85 4141 113 4197; x_wconf 93' lang='lat' dir='ltr'><strong><em>D</em></strong></span> <span class='ocrx_word' id='word_1_271' title='bbox 212 4138 645 4198; x_wconf 68' lang='lat' dir='ltr'><strong>torrentium-inierisotuu.T¹</strong></span> <span class='ocrx_word' id='word_1_272' title='bbox 743 4137 947 4194; x_wconf 78' lang='lat' dir='ltr'><strong>utitiuoeao</strong></span> <span class='ocrx_word' id='word_1_273' title='bbox 1041 4137 1216 4203; x_wconf 64' lang='lat' dir='ltr'><strong>nimios</strong></span> 
     </span>
     <span class='ocr_line' id='line_1_34' title="bbox 83 4223 1151 4296; baseline -0.005 -11"><span class='ocrx_word' id='word_1_274' title='bbox 83 4227 130 4296; x_wconf 70' lang='lat' dir='ltr'><strong>ab)</strong></span> <span class='ocrx_word' id='word_1_275' title='bbox 150 4228 178 4283; x_wconf 77' lang='lat' dir='ltr'><strong><em>V</em></strong></span> <span class='ocrx_word' id='word_1_276' title='bbox 263 4226 297 4282; x_wconf 75' lang='lat' dir='ltr'><strong>li</strong></span> <span class='ocrx_word' id='word_1_277' title='bbox 313 4225 540 4296; x_wconf 74' lang='lat' dir='ltr'><strong>quinquaginerio</strong></span> <span class='ocrx_word' id='word_1_278' title='bbox 557 4224 624 4282; x_wconf 76' lang='lat' dir='ltr'><strong>DT¹</strong></span> <span class='ocrx_word' id='word_1_279' title='bbox 717 4225 750 4280; x_wconf 81' lang='lat' dir='ltr'><strong>uu</strong></span> <span class='ocrx_word' id='word_1_280' title='bbox 767 4225 840 4295; x_wconf 84' lang='lat' dir='ltr'><strong>ourn]</strong></span> <span class='ocrx_word' id='word_1_281' title='bbox 858 4223 983 4279; x_wconf 74' lang='lat' dir='ltr'><strong>dominns</strong></span> <span class='ocrx_word' id='word_1_282' title='bbox 999 4238 1061 4278; x_wconf 84' lang='lat' dir='ltr'><strong>nuru</strong></span> <span class='ocrx_word' id='word_1_283' title='bbox 1077 4223 1151 4280; x_wconf 78' lang='lat' dir='ltr'><strong>Dru</strong></span> 
     </span>
     <span class='ocr_line' id='line_1_35' title="bbox 88 4309 1220 4384; baseline -0.003 -17"><span class='ocrx_word' id='word_1_284' title='bbox 88 4314 119 4369; x_wconf 82' lang='lat'><strong>14</strong></span> <span class='ocrx_word' id='word_1_285' title='bbox 134 4313 360 4384; x_wconf 65' lang='lat' dir='ltr'><strong>qndngimeno</strong></span> <span class='ocrx_word' id='word_1_286' title='bbox 375 4312 407 4368; x_wconf 90' lang='lat' dir='ltr'><strong><em>D</em></strong></span> <span class='ocrx_word' id='word_1_287' title='bbox 494 4312 526 4368; x_wconf 79' lang='lat' dir='ltr'><strong>it</strong></span> <span class='ocrx_word' id='word_1_288' title='bbox 543 4313 646 4383; x_wconf 77' lang='lat' dir='ltr'><strong>dotem]</strong></span> <span class='ocrx_word' id='word_1_289' title='bbox 663 4311 749 4366; x_wconf 65' lang='lat' dir='ltr'><strong>deoru</strong></span> <span class='ocrx_word' id='word_1_290' title='bbox 765 4311 797 4368; x_wconf 88' lang='lat' dir='ltr'><strong><em>D</em></strong></span> <span class='ocrx_word' id='word_1_291' title='bbox 885 4310 917 4365; x_wconf 78' lang='lat' dir='ltr'><strong>li</strong></span> <span class='ocrx_word' id='word_1_292' title='bbox 935 4310 1021 4364; x_wconf 83' lang='lat' dir='ltr'><strong>istoru</strong></span> <span class='ocrx_word' id='word_1_293' title='bbox 1037 4309 1220 4382; x_wconf 71' lang='lat' dir='ltr'><strong>uptamrinn</strong></span> 
     </span>
     <span class='ocr_line' id='line_1_36' title="bbox 84 4396 1156 4468; baseline -0.002 -15"><span class='ocrx_word' id='word_1_294' title='bbox 84 4414 102 4453; x_wconf 75' lang='lat' dir='ltr'><strong>u</strong></span> <span class='ocrx_word' id='word_1_295' title='bbox 202 4397 498 4468; x_wconf 64' lang='lat' dir='ltr'><strong>summanr</strong></span> <span class='ocrx_word' id='word_1_296' title='bbox 591 4397 823 4468; x_wconf 76' lang='lat' dir='ltr'><strong>estlertsuurs</strong></span> <span class='ocrx_word' id='word_1_297' title='bbox 922 4396 1156 4459; x_wconf 65' lang='lat' dir='ltr'><strong>iiuuinaieaw</strong></span> 
     </span>
     <span class='ocr_line' id='line_1_37' title="bbox 83 4479 1082 4567; baseline -0.011 -13"><span class='ocrx_word' id='word_1_298' title='bbox 83 4483 393 4555; x_wconf 67' lang='lat' dir='ltr'><strong>quloeqmr</strong></span> <span class='ocrx_word' id='word_1_299' title='bbox 491 4482 763 4567; x_wconf 62' lang='lat' dir='ltr'><strong>Dorsennus</strong></span> <span class='ocrx_word' id='word_1_300' title='bbox 865 4479 1082 4554; x_wconf 67' lang='lat' dir='ltr'><strong>opusnest</strong></span> 
     </span>
    </p>
   </div>
   <div class='ocr_carea' id='block_1_6' title="bbox 0 152 1388 4814">
    <p class='ocr_par' dir='ltr' id='par_1_6' title="bbox 0 152 1388 4814">
     <span class='ocr_line' id='line_1_38' title="bbox 0 152 1388 4814; baseline 0 0"><span class='ocrx_word' id='word_1_301' title='bbox 0 152 1388 4814; x_wconf 95' lang='lat' dir='ltr'><strong> </strong></span> 
     </span>
    </p>
   </div>
  </div>
 </body>
</html>
