2760 4814
276 346 444 418 Exasrpta
460 362 497 402 ax
514 363 585 418 opp.
604 348 630 403 S.
647 347 840 421 Augustini
865 347 1054 405 cccxxxvl.
1150 351 1233 419 1069
1255 334 1260 345 ’

95 554 180 613 mus,
208 541 315 603 utrum
342 537 486 604 dubitare
509 537 689 604 debeamus.
728 535 766 603 ds
788 536 892 603 dubiis
915 539 1027 623 qnippe
1050 539 1142 605 rebus
1164 543 1230 607 sius

96 639 297 707 dubitatione
324 641 532 707 dubitandum
561 644 619 706 est.
652 640 751 719 uides,
780 641 1041 722 quemadmodum
1071 645 1228 726 apostolus

95 747 137 811 da
166 745 296 827 seipso
327 743 472 811 dubitare
500 762 561 809 nou
591 741 726 822 dubitet,
755 745 889 809 uirum
922 746 961 809 in
991 763 1158 829 eorpora
1180 764 1228 812 an

95 849 210 913 exire
231 864 368 929 eorpus
383 849 490 928 rapius
505 845 548 910 sit
563 846 601 911 in
622 847 791 911 tertium
813 847 981 931 oaelum3
1004 848 1072 913 siue
1086 849 1144 914 hoe
1159 848 1230 915 siue

95 948 189 1031 illud,
213 950 362 1028 neseio,
390 949 504 1030 inquii,
526 948 621 1013 dous
644 949 736 1015 soit.
774 967 846 1015 oum
869 967 940 1030 ergo
963 950 1052 1028 mihi,
1074 951 1225 1033 quamdiu

95 1051 212 1128 neseio,
236 1050 379 1117 dubitare
396 1069 457 1116 uon
479 1050 581 1129 liceat,
605 1053 713 1116 uirum
735 1052 840 1116 anima
861 1070 932 1117 mea
953 1051 985 1117 iu
1007 1052 1103 1119 istam
1126 1054 1228 1119 uitam

96 1173 134 1221 ax
163 1153 329 1238 propagine
359 1172 399 1220 un
429 1155 496 1219 sins
525 1154 693 1239 propagine
723 1155 856 1235 uenerit,
888 1173 961 1220 oum
983 1173 1052 1222 eam
1075 1154 1227 1223 utrolibet

96 1259 230 1323 modoa
257 1274 381 1321 summo
409 1261 442 1322 et
471 1275 545 1322 uero
576 1258 633 1323 deo
661 1257 777 1323 iactam
805 1274 871 1322 esse
900 1275 962 1322 nou
992 1257 1143 1337 dubitem,
1172 1277 1230 1323 eur

96 1359 178 1426 mihi
206 1378 266 1425 non
293 1360 336 1425 sii
366 1358 414 1424 ias
446 1358 562 1426 disere:
599 1360 662 1425 seio
693 1360 832 1425 animam
861 1378 963 1445 meam
992 1382 1028 1427 er
1057 1380 1147 1446 opera
1177 1360 1226 1427 dei

96 1463 267 1529 subsistere
295 1464 328 1528 et
357 1479 481 1545 prorsus
505 1480 583 1545 opus
606 1463 656 1527 dsi
684 1482 760 1543 esse,
791 1463 858 1530 siue
881 1482 917 1528 ax
939 1465 1117 1549 propagine,
1140 1465 1224 1530 siout
1257 1480 1260 1486 ·

99 1564 240 1651 (eorpus,
256 1566 325 1631 sius
340 1569 429 1631 arira
444 1570 655 1650 propaginem,
679 1566 780 1651 sioni>
805 1567 861 1632 illa
883 1585 962 1649 quae
983 1570 1082 1651 primo
1105 1568 1225 1633 homini

96 1667 243 1749 dotasse,
263 1669 411 1746 nescio,
434 1671 529 1734 deus
544 1669 647 1735 soii?
679 1686 777 1733 unum
793 1668 906 1734 horum
921 1669 970 1735 uis
985 1674 1021 1734 ui
1036 1669 1225 1738 confirmem.

96 1790 229 1857 possem,
259 1773 287 1838 si
315 1790 450 1838 nossem.
489 1776 570 1855 quod
594 1773 622 1838 si
645 1774 713 1856 ipse
736 1773 829 1852 nosti,
853 1792 892 1839 en
914 1772 1009 1840 habes
1030 1794 1081 1839 ms
1104 1775 1225 1857 eupidi-

96 1894 184 1943 orem
207 1875 325 1941 disoers
347 1875 429 1958 quod
449 1875 562 1951 nescio,
586 1894 680 1958 quam
702 1876 810 1942 dooere
833 1876 914 1958 quod
932 1877 1045 1940 neseio.
1069 1877 1097 1941 si
1117 1877 1225 1941 auiam

87 1979 199 2046 ‚neseis
231 1980 314 2043 siout
348 1994 414 2063 ego,
449 1996 503 2044 ora
535 1978 616 2043 sicui
650 1982 681 2042 et
714 1995 780 2061 ego,
809 1983 845 2043 ut
873 1978 941 2043 siue
970 1996 1025 2062 psr
1051 1977 1225 2061 quamlibet

95 2100 224 2149 seruum
247 2099 340 2146 suum
363 2082 429 2145 sins
452 2099 506 2163 per
528 2100 561 2146 se
583 2080 686 2165 ipsum
708 2080 860 2163 magister
881 2082 935 2146 ille
957 2099 1011 2145 nos
1034 2083 1153 2160 dooeai,
1169 2080 1223 2164 qui

97 2186 178 2252 dixit
213 2183 375 2268 discipulis
418 2185 498 2250 suis:
542 2205 586 2249 ne
623 2183 762 2249 uelitis
798 2183 876 2249 diei
914 2186 960 2249 ab
998 2182 1226 2248 hominibus

96 2287 228 2365 rabbi3
253 2306 350 2353 unus
373 2292 432 2353 esi
455 2287 559 2352 enim
582 2287 773 2371 magister
797 2292 947 2368 uester,
970 2285 1175 2364 Chrisius3
1198 2287 1225 2351 si

96 2395 203 2457 umen
226 2392 286 2456 soii
309 2391 453 2475 expedire
475 2390 574 2471 nobis,
597 2390 634 2454 ut
655 2389 751 2455 eiiam
772 2389 851 2454 talia
866 2392 1053 2471 uouerimus,
1069 2389 1123 2471 qui
1136 2387 1228 2455 nouit

95 2510 160 2559 uon
196 2494 299 2559 solum
338 2494 413 2577 quid
451 2494 569 2573 doceat,
606 2512 717 2559 uerum
754 2493 850 2558 eiiam
886 2491 1073 2574 quidnobis
1110 2491 1226 2557 disosre

95 2596 251 2680 expediat.

139 2717 224 2784 Nam
247 2717 394 2784 ooufiieor
416 2717 580 2784 dileetioni
602 2719 674 2783 tuae
697 2718 902 2799 cupiditatem
917 2733 1035 2781 meam:
1051 2715 1141 2798 oupio
1157 2716 1228 2798 qui·

94 2821 169 2887 dem
199 2824 231 2885 ei
261 2820 318 2888 hoo
347 2821 426 2886 seira
457 2823 536 2904 quod
566 2821 704 2904 quaeris3
734 2821 789 2885 sed
820 2819 920 2885 mulio
949 2819 1052 2902 magis
1082 2835 1228 2901 euperem

94 2924 187 3001 seire,
210 2924 238 2988 si
260 2922 329 2988 fieri
352 2929 463 3007 posset,
487 2925 610 3007 quaudo
633 2925 851 3008 praesentetur
873 2921 1065 2987 desideratus
1080 2919 1226 2985 omnibus

94 3026 243 3111 gentibus
273 3030 304 3091 et
335 3027 458 3108 quaudo
489 3045 620 3110 regnum
650 3030 828 3091 sanctorum
868 3025 1011 3089 futurum
1040 3022 1092 3101 sii,
1131 3041 1226 3105 quam

95 3131 179 3195 unde
209 3129 243 3194 in
275 3130 354 3196 hane
384 3134 501 3196 torrem
528 3129 634 3195 uenire
662 3129 827 3213 coeperim.
863 3132 894 3192 ai
917 3130 1021 3191 tamen
1050 3126 1130 3190 illud
1152 3143 1224 3192 enm

94 3231 136 3298 ab
167 3232 222 3297 illo
249 3234 302 3315 qui
325 3233 386 3299 seii
409 3232 513 3297 omnia
534 3232 680 3316 discipuli
703 3233 762 3307 sui,
797 3230 896 3296 nostri
918 3230 1061 3313 apostoli,
1096 3247 1228 3312 quaara-

94 3336 178 3416 reni,
202 3353 383 3418 responsum
406 3340 609 3419 acceperuut:
633 3355 706 3402 non
729 3340 788 3401 est
809 3333 986 3401 uestrum
1008 3334 1111 3399 seira
1129 3335 1225 3396 iem·

93 3455 201 3522 pora,
232 3456 328 3520 quas
357 3443 471 3522 pater
500 3440 540 3503 in
571 3457 640 3505 sna
669 3439 805 3521 posuit
835 3437 1046 3521 potestate.
1080 3434 1165 3519 qnid,
1196 3433 1223 3499 si

93 3544 128 3607 ei
148 3541 209 3607 hoo
231 3544 291 3607 seit
312 3561 373 3608 non
390 3562 455 3609 esse
477 3547 619 3609 nostrum
642 3542 731 3620 seire,
754 3540 835 3606 sicui
857 3541 890 3605 ei
911 3540 1102 3621 tempora,
1126 3554 1226 3619 quaa

199 3747 217 3801 a
234 3746 263 3802 11
281 3746 341 3803 cor.
363 3746 403 3813 ιι,
420 3746 486 3816 usq.
591 3747 623 3800 ιι
641 3744 741 3800 uren.
760 3744 838 3811 aas
941 3741 976 3797 aa
992 3741 1053 3796 ιιι.
1072 3741 1096 3807 1,
1113 3738 1130 3793 ι

148 3934 182 3990 10
205 3936 233 3989 at
256 3935 372 4004 prorsus]
396 3937 424 3987 at
441 3936 470 3988 ei
492 3949 599 4002 prorsus
621 3932 648 3988 V
748 3931 778 3986 11
805 3945 900 4000 eorpus
918 3930 1092 3984 siue-sieut
1114 3945 1145 3982 u:
1175 3942 1226 3983 orn.

91 4019 160 4077 MV
262 4020 294 4074 12
311 4036 395 4074 unum
412 4019 451 4075 V:
480 4022 571 4073 uirum
590 4036 609 4072 α
709 4019 793 4087 utini
810 4016 964 4072 confirmem
982 4015 1009 4070 V
1106 4014 1141 4069 28
1159 4014 1228 4069 aooi·

90 4110 192 4180 parunt
219 4106 245 4160 V
344 4106 379 4160 30
401 4110 465 4174 post
487 4108 608 4159 nostrum
631 4104 698 4158 seira
720 4102 787 4160 odd.
811 4119 843 4157 ιιι
878 4104 926 4170 qui
948 4101 1068 4171 proiecto
1091 4100 1144 4155 seit
1160 4099 1227 4169 quid

90 4193 174 4251 nobis
197 4193 234 4247 sit
256 4193 324 4247 utils
346 4192 437 4248 seire?
467 4195 495 4246 ai
518 4191 588 4245 illud
611 4189 718 4260 quidem
740 4206 786 4260 par
808 4190 886 4244 illum
905 4189 972 4254 seio,
995 4204 1048 4242 non
1065 4201 1122 4242 essa
1139 4184 1225 4242 nostri

90 4280 177 4343 seire;
205 4292 257 4334 om.
275 4276 339 4333 MV
439 4275 647 4332 sienisiMV:
675 4290 726 4330 om.
744 4292 762 4329 u
