2760 4814
182 297 247 366 508
669 296 832 366 uegrpprr

183 488 295 571 inquit,
332 485 451 551 uobis
488 486 653 570 peccata
689 487 836 552 uestra.
882 485 1121 569 qualiacumque
1156 504 1229 571 ergo
1264 489 1317 553 uel

182 591 434 673 quantacumque
463 591 538 667 sint,
569 591 666 655 etiam
697 589 810 656 cotidie
835 591 863 655 si
885 591 1104 673 perpetrentur
1126 606 1184 654 nec
1207 588 1246 655 ab
1272 591 1318 657 eis

182 694 251 760 uita
285 693 422 760 discedat
455 692 489 758 in
518 693 632 760 melius
654 693 857 774 commutata,
891 713 946 776 per
969 694 1182 777 elemosynam
1205 693 1317 761 ueniae

182 815 244 865 non
276 802 407 882 negatam
433 797 561 863 remitti
590 815 681 883 posse
703 800 917 882 praesumunt.
956 798 1010 864 sed
1032 797 1121 879 bene,
1156 797 1239 879 quod
1262 797 1318 863 isti

181 903 293 986 dignas
328 919 383 986 pro
417 902 553 985 peocotie
586 902 778 986 elemosynae
813 902 1013 967 commonent
1046 919 1113 967 esse
1142 899 1356 983 iaciendas3r

181 1007 340 1090 quoniam,
370 1006 398 1071 si
427 1003 568 1070 dicerent
592 1004 833 1089 qualescumque
865 1003 1056 1088 elemosynas
1088 1022 1144 1086 pro
1178 1004 1317 1087 peccatis

119 1098 137 1123 ’“’
181 1110 346 1176 cotidianis
368 1109 401 1173 et
424 1107 548 1193 magnis
571 1109 603 1173 et
625 1108 877 1191 quantacumque
906 1108 1058 1173 scelerum
1088 1106 1316 1174 consuetudine

181 1211 427 1279 misericordiam
457 1229 547 1296 posse
578 1210 746 1294 impetrare
777 1209 928 1287 diuinam,
960 1212 995 1276 ut
1027 1228 1064 1276 ea
1085 1209 1244 1276 cotidiana
1266 1228 1317 1276 ro·

181 1316 288 1381 missio
306 1315 513 1398 aequaretur,
547 1310 692 1380 uiderent
720 1331 754 1379 ee
784 1332 852 1380 rem
881 1313 985 1379 dicere
1019 1310 1186 1380 absurdam
1218 1312 1318 1397 atque

180 1417 359 1485 ridiculam.
393 1418 438 1482 sic
467 1417 551 1482 enim
571 1417 758 1502 cogerentur
787 1415 882 1482 fateri
911 1415 979 1482 fieri
999 1433 1099 1500 posse,
1123 1418 1160 1482 ut
1181 1416 1315 1500 opulen-
1328 1447 1357 1488 ro

180 1522 324 1587 tissimus
353 1519 446 1585 homo
475 1519 583 1584 decem
613 1519 784 1585 nummulis
815 1517 934 1585 diurnis
968 1520 1000 1585 in
1033 1518 1224 1604 elemosynae
1254 1519 1317 1585 im·

180 1627 285 1707 pensis
314 1620 486 1688 homicidia
515 1624 546 1688 et
567 1614 723 1688 adulteria
744 1626 776 1688 et
798 1621 918 1689 nefaria
947 1639 1086 1707 quaeque
1115 1622 1200 1689 facta
1228 1623 1315 1690 redi·

180 1727 290 1793 meret.
325 1727 407 1809 quod
431 1727 457 1792 si
480 1724 742 1793 absurdissimum
757 1728 850 1810 atque
873 1726 1107 1802 insanissimum
1130 1728 1178 1792 eet
1200 1726 1315 1805 dicere,

179 1828 329 1916 prolecto,
342 1829 369 1897 si
382 1831 548 1913 quaeratur
561 1846 639 1913 qnae
652 1829 766 1914 dignae
777 1831 842 1897 sint
853 1849 909 1916 pro
921 1831 1053 1915 peccatis
1065 1830 1316 1915 elemosynae—

180 1936 218 2002 de
240 1933 354 2018 quibus
376 1934 471 1999 etiam
488 1926 607 1998 Christi
624 1950 807 2017 praecursor
827 1933 883 1999 ille
905 1934 1048 2001 dicebat:
1070 1932 1196 2000 facite
1219 1950 1354 2017 ergon

179 2037 339 2104 fruetus
369 2037 508 2120 dignos
537 2036 819 2120 paenitentiae
846 2037 1017 2122 -procul
1047 2037 1140 2105 dnbio
1170 2055 1232 2103 non
1264 2037 1314 2102 in·

180 2141 346 2208 uertentur
382 2159 434 2208 eos
472 2140 573 2208 faeere
609 2140 664 2225 qui
701 2140 802 2207 uitam
839 2159 929 2208 suam
965 2159 1064 2225 usque
1101 2139 1142 2208 ed
1176 2136 1314 2205 mortem

179 2243 410 2311 cotidianorum
433 2243 601 2311 criminum
622 2245 853 2330 perpetratione
878 2244 1069 2313 confodiunt.
1107 2245 1209 2328 primo
1238 2241 1315 2327 quia

178 2349 211 2414 in
236 2349 412 2416 auferendis
443 2348 535 2416 rebus
565 2348 678 2415 alienis
708 2349 801 2433 longe
831 2350 923 2434 plura
945 2348 1108 2434 diripiunt,
1139 2344 1313 2430 exquibus

177 2453 345 2538 perexigua
376 2451 562 2538 pauperibus
594 2451 755 2539 largiendo
778 2450 937 2519 Obristum
966 2470 999 2519 se
1028 2454 1066 2520 ad
1096 2451 1155 2518 hoc
1187 2466 1352 2535 pascerem

178 2555 368 2634 existmant,
406 2558 443 2620 nt
475 2554 639 2622 licentiam
672 2554 913 2622 malefactorum
951 2553 991 2622 ab
1023 2555 1080 2621 illo
1113 2555 1225 2622 emisse
1259 2552 1313 2620 nol

177 2655 291 2722 cotidie
319 2657 425 2741 potius
456 2675 557 2724 emere
587 2660 748 2725 eredentes
771 2658 872 2726 securi
895 2659 1091 2726 damnabilia
1112 2658 1203 2725 tanta
1224 2673 1312 2723 eom·

177 2760 317 2828 mittant.
361 2760 415 2846 qni
448 2761 476 2828 si
508 2778 564 2845 pro
598 2780 661 2828 uno
697 2763 814 2829 scelere
849 2764 954 2829 omnia
990 2780 1047 2829 sua
1084 2760 1314 2830 distribuerent

177 2860 391 2949 indigentibus
412 2866 563 2933 membris
585 2864 714 2952 Christi,
743 2866 803 2959 nisi
827 2867 1015 2934 desisterent
1035 2885 1055 2933 a
1076 2864 1195 2933 talibus
1218 2864 1311 2932 factis

214 3134 217 3140 .
280 3078 314 3134 lo
330 3076 430 3134 uach.
449 3076 474 3144 3,
490 3076 508 3133 8

227 3275 367 3331 teotidie
390 3275 413 3330 si
435 3274 472 3330 V:
498 3275 523 3330 si
545 3275 643 3331 cotidie
669 3277 710 3333 To
812 3275 912 3332 auiae
937 3275 1001 3333 Νι
1028 3275 1058 3331 in
1074 3275 1125 3331 lrae
1143 3275 1240 3333 uitae

173 3361 296 3418 dumet
315 3361 380 3420 TV:
402 3361 575 3417 discedente
660 3363 852 3417 commutatio
950 3362 1044 3418 ueniae
1062 3357 1176 3419 dM'V:
1199 3362 1310 3418 neumm

175 3448 238 3502 ΜΨ
356 3448 512 3518 tnegatae
537 3447 592 3505 TV
612 3449 667 3516 (tae
690 3447 1024 3516 eurocorr.m.1V):
1059 3464 1157 3517 negare
1180 3447 1226 3504 Μ
1262 3465 1310 3504 ne·

174 3534 234 3602 gari
257 3534 303 3588 Μ’
332 3537 473 3604 nogento
582 3533 699 3605 remitti]
723 3548 755 3589 ac
777 3533 882 3589 remitti
905 3551 922 3590 o
1025 3535 1133 3589 remitti
1150 3535 1235 3606 posse]
1255 3535 1309 3591 det.

174 3617 223 3672 Μ’
317 3620 710 3690 praesumunt-elemosynas]
730 3635 780 3674 oen.
798 3619 844 3676 Μ·
931 3619 1134 3675 beornmoueut
1151 3619 1218 3689 esse]
1237 3635 1310 3675 com·

174 3707 312 3758 monentes
330 3705 404 3761 sel·
505 3706 831 3776 lquantumoumquel'
933 3704 967 3761 10
983 3705 1043 3760 fleri
1062 3705 1127 3762 TV:
1153 3720 1241 3762 osec

173 3789 408 3858 opu-lectissimus
436 3791 463 3847 Τ
558 3793 594 3846 ⁴ll
623 3791 728 3846 diurnis
756 3792 820 3848 TV:
851 3790 1028 3848 diuturnius
1132 3792 1165 3846 la
1191 3791 1216 3846 si
1242 3793 1309 3850 TV:

125 3900 127 3905 ⁸
172 3888 260 3931 om.o
351 3879 432 3946 atque
449 3876 651 3933 lnsmiuimum
668 3877 797 3934 MPTV=
821 3893 907 3935 cm
1001 3878 1035 3933 16
1051 3878 1239 3935 inuenietnrc

175 3960 209 4016 18
232 3960 392 4017 eoniodiunt
415 3962 480 4019 TVe
509 3965 717 4021 confundente
826 3964 862 4020 20
883 3964 1025 4035 langlando
1051 3965 1105 4021 Tc:
1134 3964 1310 4035 largiendum

176 4046 205 4102 V
304 4047 339 4102 cd
360 4047 412 4104 boe
436 4048 503 4105 TV:
530 4049 658 4106 abaco
760 4051 793 4106 tl
818 4050 1037 4107 emistimautV
1136 4052 1247 4108 ambae
1270 4059 1310 4120 (m

169 4133 295 4201 ΜΗ
396 4136 431 4191 23
456 4136 503 4205 qul
525 4134 578 4190 Vo:
606 4135 670 4206 qula
697 4137 724 4192 T
822 4151 874 4192 rua
900 4135 953 4193 Vct
980 4135 1084 4192 ΜΤ
1182 4136 1219 4193 24
1241 4146 1310 4209 poet

173 4217 362 4289 indigentibus
379 4221 502 4290 opacae
519 4222 537 4275 d
553 4219 608 4274 litt.
626 4223 658 4276 in
679 4221 706 4277 V
