2760 4814
200 287 269 356 814
688 282 852 354 uugrpprt

204 475 316 542 mortua
338 473 546 559 praescriptus
568 475 727 557 appareat,
749 473 795 538 ita
816 475 854 538 ut
868 474 972 538 ootora
991 472 1025 537 iu
1047 472 1142 538 illum
1165 472 1329 547 oonfluant,

201 579 244 645 de
272 578 437 644 dilectione
466 578 524 643 tua
545 576 626 643 nihil
648 577 769 642 dietum
792 574 926 654 utetur,
955 575 1009 640 sed
1031 592 1103 641 enm
1126 575 1251 642 dietum
1272 581 1328 642 eet:

203 680 355 766 diligen
376 680 592 765 proximum
614 681 723 747 tuum
745 680 853 746 sieut
875 683 913 745 te
937 680 1081 763 ipsum,
1111 678 1213 745 simul
1235 681 1268 746 ot
1287 680 1327 743 tui

201 783 260 848 abe
280 786 313 850 te
335 782 460 850 dileetio
483 802 546 850 non
567 783 786 866 praetermissa
808 783 867 848 est.

246 885 307 951 Illo
328 890 435 970 autom
448 885 532 951 irate
553 888 586 951 et
600 887 707 951 eanote
725 886 809 950 uiuit
822 885 876 967 qui
891 904 994 950 rerum
1009 886 1134 970 integer
1150 887 1351 952 aestimatore

201 993 270 1075 est;
302 989 367 1072 ipae
396 988 445 1054 eet
466 989 572 1054 antem
594 989 647 1071 qui
670 988 845 1054 ordinatam
866 988 963 1055 habet
983 988 1194 1065 dilectionem,
1216 1010 1257 1056 uo
1278 993 1325 1055 ant

199 1091 318 1175 diligat
347 1093 428 1174 quod
457 1108 518 1156 non
547 1093 596 1156 eet
625 1090 821 1176 diligendum
846 1095 901 1156 aut
935 1110 996 1158 non
1018 1093 1132 1177 diligat
1154 1095 1240 1176 qnod
1260 1093 1323 1161 dili·

201 1196 343 1278 gendum
367 1197 415 1260 est
437 1198 494 1261 aut
526 1195 661 1279 amplior
695 1196 810 1280 diligat
832 1197 913 1279 quod
935 1197 1039 1261 minue
1061 1196 1262 1282 diligendum
1281 1200 1323 1260 est

200 1300 259 1364 aut
288 1316 384 1381 aeque
414 1298 529 1381 diligat
558 1298 639 1380 quod
669 1299 721 1365 uel
751 1299 853 1365 minuo
883 1302 938 1364 aut
968 1298 1103 1382 amplius
1133 1298 1321 1386 diligendum

197 1402 251 1467 -eet
276 1404 332 1466 aut
361 1401 464 1467 minue
497 1401 550 1468 uel
570 1403 707 1485 amplius
730 1402 809 1485 quod
832 1421 928 1486 aeque
950 1402 1145 1486 diligendum
1168 1407 1228 1468 eat.
1265 1420 1348 1468 ont-1·

202 1504 252 1570 nie
274 1508 427 1588 peooator‚
450 1503 484 1569 in
506 1509 656 1588 qnantum
678 1509 822 1590 peoeator
845 1511 903 1590 eet,
925 1524 987 1570 non
1010 1510 1058 1571 eet
1080 1505 1276 1590 diligendue3
1295 1509 1322 1568 ot

201 1607 305 1672 omnio
334 1605 437 1686 homo,
467 1609 499 1672 in
529 1612 683 1691 quantum
711 1609 803 1674 homo
833 1613 891 1689 eet,
923 1608 1098 1692 diligendus
1128 1611 1178 1674 est
1207 1609 1322 1694 proptor

199 1708 307 1786 deum,
338 1711 413 1775 deus
443 1728 516 1775 uero
540 1712 666 1795 propter
687 1730 719 1777 se
742 1713 854 1795 ipsum.
899 1715 931 1777 et
952 1712 979 1777 si
1001 1713 1077 1777 deus
1098 1711 1184 1776 omui
1208 1712 1321 1777 homino

196 1812 340 1895 amplius
370 1813 551 1897 diligendus
579 1819 637 1895 eet,
662 1816 799 1898 amplius
821 1818 951 1898 quiaque
971 1815 1063 1882 deum
1085 1813 1179 1879 debet
1202 1814 1320 1898 diligero

201 1933 297 1998 quam
321 1935 355 1982 so
376 1916 491 2000 ipsum.
520 1917 598 1982 item
621 1919 755 2002 amplius
778 1918 858 1984 alius
875 1919 966 1984 homo
980 1917 1158 2002 diligendus
1174 1921 1224 1983 eet
1238 1934 1344 2000 quomo

200 2035 314 2102 oorpue
336 2021 486 2099 nostrum,
510 2021 731 2103 quiapropter
754 2022 845 2086 deum
868 2021 973 2086 omnia
993 2021 1053 2086 ista
1071 2019 1317 2104 diligendueuut

198 2120 235 2186 et
263 2124 366 2205 potest
394 2122 554 2188 nobiseum
587 2122 668 2189 aliua
697 2124 788 2189 homo
810 2124 867 2189 deo
889 2122 1015 2206 perfrui,
1038 2123 1119 2204 qnod
1143 2139 1206 2188 non
1228 2124 1317 2207 potest

196 2241 322 2307 eorpus,
346 2226 418 2308 quia
441 2243 549 2310 corpus
572 2244 627 2309 por
650 2227 786 2293 animam
809 2225 900 2307 uiuit,
923 2243 986 2309 qua
1007 2224 1141 2291 fruimur
1164 2226 1234 2291 deo.

244 2327 359 2394 Omnes
385 2332 490 2395 autem
513 2347 608 2412 aequo
630 2329 782 2413 diligendi
804 2332 887 2395 aunt.
916 2331 972 2396 eod
994 2348 1067 2395 oum
1088 2330 1235 2397 omnibus
1256 2343 1316 2414 pro-

199 2430 288 2496 deeeo
317 2448 378 2496 non
405 2432 514 2514 poesis,
542 2433 592 2497 hie
628 2434 827 2516 potissimum
857 2432 1079 2498 consulendum
1109 2434 1160 2497 eet
1189 2434 1243 2516 qni
1270 2446 1341 2514 pror

194 2531 338 2598 iooorum
361 2537 392 2598 ot
414 2538 588 2618 temporum
610 2536 663 2601 uel
686 2535 898 2618 quarumlibet
919 2554 1023 2600 rerum
1038 2531 1315 2619 opportunitatibus

194 2634 399 2701 constrictius
430 2636 488 2702 tibi
518 2637 606 2722 quasi
628 2639 763 2722 quadam
793 2639 874 2704 sorte
901 2639 1084 2722 iunguntur.
1129 2639 1214 2704 siout
1244 2636 1316 2703 onim

193 2736 228 2802 ei
256 2738 316 2803 tibi
340 2736 511 2805 abundaret
532 2740 659 2823 aliquid,
685 2741 767 2824 quod
789 2742 856 2807 dari
878 2744 1034 2825 oporteret
1056 2739 1086 2805 ei
1108 2741 1163 2823 qui
1185 2758 1249 2806 non
1269 2739 1315 2804 Ιιι·

199 2840 294 2921 beret,
318 2860 376 2907 neo
398 2842 517 2909 duobus
540 2843 607 2909 dari
628 2844 790 2928 potuisset,
813 2845 842 2908 si
863 2843 923 2910 tibi
945 2848 1140 2911 ooourreront
1162 2845 1235 2923 duo,
1251 2859 1316 2928 quo

198 2962 268 3010 rum
297 2946 407 3011 neuter
435 2946 532 3011 alium
561 2946 614 3011 uel
640 2946 816 3032 indigentia
837 2949 887 3013 uel
910 2966 983 3031 erga
1005 2950 1036 3012 te
1059 2946 1168 3029 aliqua
1190 2945 1344 3013 naemei-⁵

197 3048 308 3113 tudine
331 3052 500 3132 superaret,
524 3049 601 3115 nihil
625 3050 740 3116 iustius
762 3051 886 3127 noeros,
910 3070 1003 3133 quam
1026 3051 1063 3115 ut
1084 3051 1170 3116 sorte
1195 3050 1322 3136 eligeres

193 3149 250 3214 eui
271 3149 407 3216 dandum
430 3153 512 3218 osset
534 3155 615 3237 quod
637 3152 703 3217 dari
718 3153 843 3237 utrique
860 3171 922 3218 uou
936 3157 1056 3237 posset:
1079 3152 1125 3219 rio
1139 3157 1174 3219 iu
1188 3154 1329 3220 homini‘

195 3253 265 3336 buo,
296 3254 409 3338 quibus
439 3255 582 3321 omnibns
612 3256 772 3322 consulere
794 3275 936 3340 nequeas,
960 3275 1014 3340 pro
1036 3259 1119 3324 rorte
1144 3255 1335 3324 habendum

299 3434 316 3490 a
334 3434 432 3490 ιιιιιι.
451 3433 495 3504 ae,
512 3434 546 3491 eo

248 3599 263 3652 1
280 3601 460 3670 praescriptus
476 3600 560 3657 GPo:
589 3601 752 3671 perroribtua
768 3602 794 3659 V
882 3601 959 3673 ere]
978 3617 1029 3658 oon.
1051 3601 1088 3656 0¹
1182 3602 1270 3673 nihil]
1287 3596 1347 3655 nil

191 3679 240 3737 (ιιι
334 3685 440 3740 trient
460 3686 496 3742 V:
524 3689 662 3758 tamquam
681 3687 751 3745 θΡυ
842 3688 924 3744 itaut
941 3689 1057 3759 amplior
1078 3687 1116 3743 V:
1145 3688 1191 3743 nal
1206 3690 1340 3759 amplius

194 3765 240 3821 Ge
332 3770 366 3824 10
383 3771 469 3826 omnia
486 3772 508 3838 (i
520 3788 555 3829 a
566 3789 581 3828 e
592 3789 661 3833 corr.
673 3790 708 3829 aa
721 3776 752 3842 2)
771 3774 798 3832 G
891 3775 923 3831 1³
940 3773 1056 3844 homine]
1075 3774 1181 3829 homini
1200 3774 1258 3832 G'o

196 3867 229 3922 14
246 3867 368 3942 diligere]
386 3872 535 3943 deligaret
632 3877 667 3933 20
684 3867 766 3948 poroi'
785 3882 809 3943 (r
825 3876 891 3933 odd.
909 3894 944 3933 aa
958 3879 989 3945 2)
1011 3876 1039 3933 G
1132 3878 1327 3935 oonrolendurn

198 3952 225 4008 V
315 3955 350 4011 er
363 3960 591 4027 oportunitatibus
601 3963 668 4019 roro
761 3963 923 4034 aequarem
935 3963 1213 4033 (amatam-t
1228 3965 1258 4022 θ

191 4038 511 4113 23ai1oi0(0rao.)0
596 4049 765 4106 habundaret
783 4050 837 4107 G’o
866 4048 1069 4106 habundaretur
1087 4050 1126 4108 θ’
1212 4052 1250 4108 24
1266 4053 1325 4108 dari

191 4125 216 4194 (i
238 4140 272 4181 aa
294 4141 309 4181 e
330 4141 401 4185 oorr.
422 4146 457 4186 ιιι.
474 4134 503 4200 2)
528 4133 554 4189 0
655 4136 690 4192 26
713 4138 746 4191 nt
773 4136 858 4193 GVo:
888 4139 937 4192 ant
959 4137 988 4193 P
1086 4137 1203 4208 eligerer
1227 4137 1325 4196 0⁸Vo:

189 4210 293 4282 tegerer
312 4212 389 4271 ΟΨ
417 4215 514 4288 legatia
532 4218 571 4274 Ρ1
672 4222 708 4277 27
726 4222 806 4293 emet}
824 4224 866 4278 eat
886 4223 941 4280 G'o
