2760 4814
211 295 275 360 602
692 289 855 359 lagiarii

211 486 248 546 ut
271 484 413 561 petamus
435 479 587 555 hortatur,
611 478 721 543 dabit
743 477 841 541 bona
863 477 1117 557 poscentibus
1140 481 1204 544 se?
1233 479 1341 562 itaque

211 582 291 648 illud
321 583 461 665 superius
491 599 589 665 genus
619 582 666 646 bis
695 580 800 645 uerbis
832 579 958 662 adiungi
989 582 1107 660 potest:
1142 582 1225 646 siout
1247 581 1337 661 illud,

212 686 257 751 ita
279 687 310 750 et
331 684 426 760 illnd;
449 683 508 749 hoc
530 689 637 749 autem
659 683 812 765 posterius
835 682 884 746 his
908 681 1029 747 uerbis:
1058 683 1084 746 si
1108 683 1197 766 illud,
1222 688 1336 767 quanto

211 788 312 872 magis
335 788 437 853 illud?
466 788 536 851 aut:
568 786 596 850 si
616 785 705 866 illud,
736 784 979 868 quantominus
1009 783 1115 849 illud?
1143 787 1196 850 sed
1219 786 1335 851 alicubi

212 892 349 969 obscure,
373 889 487 955 alicubi
509 892 615 971 aperte
638 887 700 953 ista
721 892 885 970 ponuntur.
923 887 975 951 bic
1003 905 1076 971 ergo
1098 890 1223 971 iniquus
1247 890 1362 954 iudeus

210 1012 270 1060 non
295 1013 330 1058 en
354 993 569 1071 similitudine,
600 994 654 1056 sed
677 1009 712 1055 en
741 990 998 1055 dissimilitudine
1022 991 1181 1057 adbibitus
1214 996 1273 1069 est,
1301 998 1335 1057 ut

211 1097 389 1161 ostenderet
421 1096 574 1171 dominus,
606 1098 720 1176 quanto
752 1094 896 1158 certiores
919 1112 985 1158 esse
1007 1093 1139 1159 debeant
1168 1098 1334 1179 quidcem

211 1203 445 1281 perseueranter
469 1199 581 1280 rogant
611 1197 730 1262 fontem
760 1198 900 1262 institiae
922 1200 1015 1278 atque
1037 1199 1266 1265 misericordiae
1287 1199 1334 1264 nel

211 1303 238 1367 si
261 1302 336 1385 quid
358 1300 558 1367 excellentius
581 1300 641 1365 dici
663 1303 717 1365 aut
740 1301 840 1366 audiri
855 1303 968 1383 potest,
991 1319 1063 1366 cum
1078 1302 1160 1385 apud
1178 1303 1333 1385 iniquissi-

211 1425 296 1470 mum
330 1406 462 1471 iudicem
493 1423 589 1487 usque
620 1405 658 1468 ad
683 1404 826 1469 effectum
857 1404 1009 1485 implendi
1032 1403 1177 1469 desiderii
1202 1405 1378 1470 ualuerituc

213 1507 444 1589 perseuerantia
466 1507 668 1588 deprecantis.

256 1627 328 1707 Ipsa
351 1645 423 1690 uero
445 1629 540 1691 uidua
562 1632 664 1710 potest
687 1627 801 1691 habere
820 1628 1059 1692 similitudinem
1076 1627 1233 1709 ecclesiae,
1257 1630 1335 1711 quod

213 1733 353 1796 desolata
376 1731 510 1807 uidetur,
541 1731 637 1795 donec
661 1732 764 1795 ueniat
786 1730 938 1808 dominus,
962 1731 1015 1813 qui
1037 1730 1142 1795 tamen
1165 1732 1196 1795 in
1220 1734 1335 1797 secreto

214 1835 310 1898 etiam
333 1850 415 1898 nuno
438 1851 545 1898 curam
568 1833 635 1897 eius
659 1835 748 1917 gerit.
787 1832 815 1896 si
838 1833 943 1897 autem
966 1835 1073 1898 mouet
1094 1851 1150 1897 our
1172 1833 1265 1899 electi
1288 1834 1336 1898 dei

213 1953 246 2001 se
274 1937 424 2002 uindicari
455 1937 665 2019 deprecentur,
696 1935 896 2019 quodetiam
925 1935 957 1999 in
980 1934 1166 2018 Apocalypsi
1189 1937 1378 2002 lobannisr-

212 2039 251 2103 de
285 2039 474 2122 martyribus
508 2039 633 2114 dieitur,
669 2056 739 2103 cum
772 2038 967 2120 apertissime
1001 2056 1191 2116 moneamur,
1216 2044 1253 2105 ut
1283 2061 1335 2124 pro

212 2143 327 2208 nostris
356 2142 493 2207 inimicis
524 2143 556 2206 et
581 2139 828 2224 persecutoribus
852 2159 989 2207 oremus:
1021 2140 1267 2226 intellegendum
1290 2151 1337 2209 est

213 2263 282 2310 eam
306 2245 480 2311 uindictam
496 2262 562 2310 esse
584 2247 749 2325 iustorum,
772 2245 808 2308 ut
823 2263 931 2309 omnes
949 2244 1025 2309 mali
1040 2250 1178 2328 pereant.
1208 2250 1338 2328 pereunt

214 2352 321 2414 antem
344 2349 460 2413 duobus
482 2347 592 2425 modis,
616 2349 671 2414 ant
694 2346 889 2413 conuersione
905 2347 944 2411 ad
968 2348 1122 2412 iustitiam
1145 2350 1200 2412 aut
1223 2349 1339 2415 amissa

211 2470 266 2534 per
288 2451 476 2534 supplicium
499 2452 663 2532 potestate,
686 2469 747 2533 qua
768 2468 852 2515 nunc
872 2451 1039 2516 aduersum
1058 2450 1164 2528 bonos,
1188 2455 1378 2534 quamdinsc

211 2554 269 2620 boc
301 2555 404 2637 ipsum
439 2554 528 2619 bouis
561 2555 699 2636 expedit,
733 2555 784 2618 uel
815 2554 1031 2636 temporaliter
1063 2554 1181 2637 aliquid
1217 2558 1338 2623 ualent.

211 2656 317 2739 itaquo
341 2658 437 2722 etiam
460 2658 486 2721 si
508 2675 616 2722 omnes
638 2656 779 2721 homines
803 2659 1056 2722 conuerterentur
1073 2659 1112 2722 ad
1130 2657 1234 2740 deum,
1258 2660 1340 2725 inter

212 2778 288 2843 quos
311 2763 384 2825 sunt
406 2759 501 2825 etiam
524 2760 655 2840 inimici,
686 2778 740 2842 pro
764 2759 875 2842 quibus
899 2758 1044 2825 iubemur
1066 2777 1162 2840 orare,
1194 2761 1339 2828 diabolus

211 2868 328 2944 tamen,
353 2864 405 2945 qui
423 2868 568 2946 operatur
591 2865 621 2927 in
645 2862 719 2927 liliis
742 2862 946 2943 diffidentiae,
970 2868 1144 2928 remaneret
1167 2865 1199 2928 iu
1221 2868 1339 2932 saeculi

212 2965 272 3031 fine
305 2966 510 3031 damnandus.
551 2984 642 3047 quem
676 2966 770 3031 finem
805 2967 880 3031 insti
913 2985 984 3031 oum
1016 2968 1120 3031 uenire
1150 2968 1378 3050 desiderantes

213 3070 356 3151 quamuis
379 3088 435 3151 pro
456 3067 592 3134 inimicis
607 3068 672 3133 suis
688 3070 787 3148 orent,
812 3073 916 3135 tamen
936 3087 995 3134 non
1011 3069 1144 3134 absurde
1165 3070 1339 3137 uindictam

212 3171 385 3238 desiderare
411 3170 567 3236 dicuntur.

315 3361 328 3412 1
347 3357 446 3413 Mattb.
465 3358 488 3425 7,
509 3360 541 3412 11
623 3359 655 3413 15
673 3358 705 3413 of.
722 3358 802 3427 Apoc.
822 3360 847 3424 6,
866 3356 899 3412 10
980 3357 1011 3411 17
1030 3358 1062 3415 cf.
1076 3358 1174 3414 Mattb.
1193 3360 1219 3425 5,
1236 3359 1273 3413 41

214 3442 247 3496 24
265 3446 298 3499 cf.
317 3444 383 3514 pr.
401 3446 426 3510 2,
444 3445 461 3498 2

267 3617 422 3683 lpetemus
439 3618 463 3681 (e
481 3630 515 3668 cu
533 3615 542 3667 i
560 3619 640 3680 corr.)
660 3614 688 3668 P
780 3614 839 3667 4si
856 3612 934 3682 illud]
952 3615 1044 3667 sinon
1058 3613 1161 3670 illudo
1260 3617 1340 3671 bob·

214 3716 298 3766 saure,
323 3700 432 3770 alicubi]
457 3718 546 3757 om.u
648 3700 904 3755 Gdesimilitudine
930 3700 967 3754 Ρι
1070 3701 1206 3757 9audire
1234 3704 1272 3758 P¹

215 3824 248 3878 15
270 3821 407 3876 uindicare
430 3823 483 3879 P¹o
587 3796 740 3892 deprece'cur
765 3829 793 3889 (u
814 3823 878 3878 cdd.
897 3840 931 3877 m.
949 3825 979 3888 2)
1003 3823 1031 3877 P
1130 3824 1162 3877 16
1185 3840 1341 3881 moneamus

213 3907 280 3962 MV
303 3908 452 3962 muniamur
470 3909 507 3964 P¹
598 3910 633 3963 20
650 3909 776 3964 mucrona
795 3910 838 3965 Po
924 3908 1009 3963 bonus
1028 3911 1128 3974 (uiuo
1144 3913 1226 3976 coer.)
1246 3913 1275 3967 P

213 3992 248 4048 22
270 3993 361 4062 itaque
385 3998 681 4064 (scaccorum)
702 3996 728 4050 V
833 3995 867 4050 23
890 3996 965 4065 qnos}
991 4013 1039 4050 ona.
1064 3997 1099 4050 Ρ·
1205 3997 1339 4067 diabolus]

212 4080 321 4148 scripsit
344 4078 378 4131 V¹
395 4081 427 4133 io
442 4082 531 4148 spatio
548 4096 638 4136 accim
656 4084 693 4135 12
710 4081 763 4137 titt.
865 4083 899 4135 24
917 4081 985 4135 filios
1004 4082 1032 4135 P
