2760 4814
202 303 264 370 124
674 300 857 370 [Eusioriil

198 491 378 559 laetitiam?
412 493 485 573 quid
515 510 588 575 ergo
616 489 844 567 admirabilius,
868 489 943 572 quid
967 489 1134 571 speciosius
1157 490 1226 571 ipsa
1249 493 1333 556 ueri-

199 596 275 674 tate,
298 595 338 660 ad
361 614 454 677 quom
478 596 633 677 spectator
655 593 755 659 omnis
777 593 941 677 peruenire
964 611 997 658 se
1019 611 1130 675 cupere
1153 593 1332 679 confitetur,

199 714 270 763 cum
293 698 493 763 uehementer
515 716 553 760 ne
576 696 705 762 fallatur
727 696 895 781 inuigilat?

199 1008 293 1071 QVOD
315 1010 375 1057 DIII
398 1008 467 1055 Lux
489 1008 579 1054 ALTA
602 1005 769 1067 QVAEDAM
792 1003 989 1051 DISCIPLINA
1011 1002 1073 1052 SIT.
1108 1005 1154 1052 EX
1176 1006 1282 1054 LIBRO
1306 1007 1332 1055 11

379 1113 427 1158 DII
449 1110 581 1159 ORDINE
603 1111 708 1157 INTER
731 1109 862 1156 CETERA
886 1109 928 1154 ΕΤ
951 1109 997 1155 ΑΙ)
1020 1108 1148 1157 locvm.

146 1253 189 1321 23
241 1248 320 1315 Cum
351 1267 456 1315 omnes
487 1265 646 1314 cernerem
676 1243 903 1311 studiosissime
932 1263 968 1309 ac
995 1262 1049 1327 pro
1082 1244 1147 1309 suis
1176 1264 1333 1329 quemque

199 1352 319 1418 uiribus
343 1353 434 1417 deum
464 1370 622 1434 quaerere,
651 1350 704 1414 sed
727 1351 831 1432 ipsum
853 1351 890 1413 de
913 1366 973 1430 quo
998 1347 1166 1431 agebamus
1190 1349 1332 1414 ordinem

197 1473 259 1521 non
288 1458 402 1532 tenere,
432 1472 492 1536 quo
513 1456 552 1520 ad
582 1453 668 1518 illius
696 1453 862 1517 ineffabilis
887 1451 1056 1517 maiestatis
1078 1452 1331 1536 intellegentiam

198 1560 392 1643 peruenitur,
428 1577 480 1624 oro
507 1576 572 1636 uos,
607 1557 743 1640 inquam,
773 1556 810 1634 si,
836 1557 872 1620 ut
900 1555 1001 1639 uideo,
1036 1556 1172 1620 multum
1197 1555 1331 1638 diligitis

199 1661 349 1738 ordinem,
379 1681 418 1726 ne
447 1679 503 1725 nos
534 1665 747 1744 praeposteros
777 1663 809 1724 et
837 1658 1027 1724 inordinatos
1057 1679 1123 1725 esse
1154 1659 1330 1741 patiamini.

201 1783 388 1848 quamquam
419 1766 502 1828 enim
532 1764 745 1830 occultissima
772 1763 852 1828 ratio
874 1782 906 1828 se
929 1765 1211 1829 demonstraturam
1236 1765 1332 1848 polli-

199 1869 307 1933 ceatur
329 1868 408 1932 nihil
432 1871 552 1950 praeter
572 1867 712 1933 diuinum
727 1868 868 1953 ordinem
884 1866 960 1944 deri,
984 1870 1091 1932 tumen
1108 1867 1135 1931 si
1151 1868 1331 1951 quempiam

199 1971 477 2055 ludimagistrum
501 1971 679 2036 audiremus
702 1973 866 2036 conantem
898 1971 1006 2035 docere
1028 1989 1160 2052 puerum
1182 1972 1330 2054 syllabas,

199 2095 291 2160 quem
320 2075 405 2158 prius
434 2075 555 2140 litteras
578 2093 668 2140 nomo
691 2076 854 2152 docuisset,
879 2093 940 2140 uon
964 2074 1029 2139 dico
1052 2075 1220 2139 ridendum
1244 2077 1331 2140 tam-

198 2196 292 2263 quam
315 2180 458 2257 stultum,
481 2177 536 2242 aed
560 2178 758 2243 uinciendum
780 2179 941 2259 tamquam
963 2176 1115 2242 furiosum
1138 2179 1331 2260 putaremus,

198 2300 259 2347 non
282 2281 320 2346 ob
345 2281 441 2358 aliud,
465 2281 583 2363 opinor,
614 2280 675 2345 nisi
698 2281 779 2363 quod
802 2279 927 2347 docendi
953 2283 1089 2346 ordinem
1114 2298 1174 2345 non
1197 2287 1330 2347 teneret.

199 2389 233 2452 at
256 2386 357 2450 multa
381 2385 457 2450 talia
480 2387 512 2449 et
534 2383 705 2466 imperitos,
737 2402 815 2465 quae
837 2403 856 2448 a
877 2384 977 2448 doctis
1007 2383 1270 2466 reprehendantur
1293 2404 1332 2452 ec

199 2488 407 2563 derideantur,
429 2491 460 2551 et
476 2487 636 2552 dementes
651 2487 801 2564 homines,
825 2505 904 2569 quae
921 2505 977 2551 nec
992 2487 1161 2552 stultorum
1177 2486 1331 2554 iudicium

201 2589 336 2674 fugiunt,
372 2591 472 2655 facere
506 2608 596 2655 nemo
626 2589 778 2674 ambigit3
814 2592 980 2655 ettamen
1008 2591 1102 2655 etiam
1132 2591 1195 2655 ista
1224 2593 1332 2657 omnia

199 2712 277 2777 quae
301 2693 437 2759 fatemur
455 2711 521 2758 esse
541 2710 685 2778 peruersa
707 2710 768 2757 non
790 2711 857 2757 esse
879 2694 1004 2774 praeter
1026 2694 1168 2759 diuinum
1190 2693 1344 2760 ordinem:

199 2797 264 2862 alto
297 2799 450 2880 quaedam
480 2798 511 2862 et
541 2796 796 2862 umultitudinis
830 2798 881 2862 uel
914 2797 1090 2879 suspicione
1121 2797 1333 2864 remotissima

197 2898 361 2983 discipline
393 2919 425 2964 se
461 2902 506 2965 its
541 2900 688 2965 studiosis
723 2901 755 2964 et
788 2901 881 2966 deum
914 2901 1008 2983 atque
1044 2900 1166 2966 animas
1203 2904 1332 2966 tantum

197 3001 378 3068 umentibus
401 3002 513 3067 animis
535 3002 808 3068 manifestaturam
832 3020 897 3068 esse
919 3003 1086 3085 promittit,
1111 3006 1147 3069 ut
1162 3021 1224 3069 non
1239 3004 1331 3070 nobis

197 3121 339 3172 summae
362 3121 561 3170 numerorum
584 3106 707 3188 possint
729 3123 794 3171 esse
817 3106 971 3170 certiores.

238 3226 325 3292 Haec
348 3230 454 3291 autem
477 3225 639 3309 disciplina
660 3229 729 3310 ipsa
752 3227 803 3292 dei
824 3229 873 3292 len
896 3230 952 3307 est,
977 3245 1055 3309 quae
1077 3226 1159 3309 apud
1175 3244 1247 3292 eum
1270 3225 1345 3292 fixa:

197 3329 229 3394 et
250 3332 429 3396 inconcussa
451 3347 574 3413 semper
596 3349 724 3396 manens
746 3331 780 3395 in
802 3330 959 3413 sapientes
983 3328 1103 3394 animos
1132 3330 1220 3413 quasi
1242 3333 1329 3395 tran-

196 3432 355 3510 scribitur,
379 3437 415 3498 ut
437 3437 526 3498 tanto
549 3451 582 3498 se
604 3431 704 3499 sciant
729 3434 834 3499 uiuere
850 3433 960 3498 melius
983 3436 1132 3515 tantoque
1151 3432 1330 3514 sublimius,

249 3720 478 3776 lammirsbilius
496 3722 554 3776 ΒΤ
580 3721 748 3777 emirabitius
768 3721 832 3777 (ἱῑυ1
937 3723 1114 3790 ospoeam
1136 3723 1164 3778 D
1267 3726 1333 3780 bet

196 3806 369 3863 intercide
466 3808 637 3862 (icernerent
653 3808 683 3863 D
783 3807 888 3861 9sicut
905 3807 934 3861 D
1015 3810 1064 3864 <11
1084 3808 1283 3864 demonstratur
1300 3811 1332 3866 D

197 3892 235 3949 0¹
261 3892 428 3948 demonstret
447 3893 501 3948 G'o
604 3893 759 3964 pelliciatur
779 3892 855 3948 θ’·
922 3895 955 3949 14
972 3893 1058 3962 primo
1075 3894 1162 3950 ΜΡ
1257 3894 1332 3951 dicor

199 3980 225 4036 Τ
316 3979 513 4034 coniciendum
527 3978 564 4035 θ*
658 3978 865 4047 loquererne
958 3980 989 4035 17
1003 3981 1042 4050 ct]
1056 3979 1089 4033 ad
1103 3981 1130 4033 P
1216 3982 1249 4035 18
1261 3981 1334 4037 deri-

196 4066 294 4121 duntur
320 4083 337 4122 c
442 4065 474 4121 19
501 4081 579 4120 nomo
610 4065 635 4118 Τ
734 4065 768 4120 21
796 4064 986 4120 multitudines
1013 4064 1053 4120 D¹
1083 4065 1178 4121 multis
1207 4066 1262 4122 G’c

195 4153 230 4209 so
247 4151 431 4208 snimautibos
451 4151 487 4208 G¹
590 4151 782 4207 manifestetur
801 4150 891 4207 adue
908 4151 1033 4220 Dtller
1136 4151 1170 4207 26
1182 4154 1336 4210 trinacri-

174 4239 270 4294 'bitur
289 4237 359 4296 ouo
