2760 4814
210 248 274 316 626
692 241 857 311 Eugippii

212 455 350 502 uersus
373 436 573 518 spiritum,
605 431 781 514 spiritus
804 432 935 498 autem
958 434 1144 497 aduersus
1167 449 1342 511 earnem3

211 545 246 604 ut
262 539 342 622 quod
359 539 401 603 ibi
417 538 512 603 dixit:
536 540 682 614 mente,
704 536 764 601 hoo
778 536 980 617 intellegatur
994 534 1046 599 hio
1061 534 1208 616 spiritum
1226 534 1342 611 dioere,

210 660 281 720 non,
305 644 387 707 sieut
408 645 445 706 tu
468 640 638 719 existimas,
662 641 840 704 uniuersam
863 639 1001 702 mentem
1024 639 1137 715 uooari,
1161 655 1244 719 quae
1268 656 1343 702 oon·

211 749 274 810 stat
304 765 339 809 ex
368 745 472 810 anima
502 744 533 808 et
562 745 688 825 spiritu3
720 745 799 825 quod
829 742 881 807 uhi
911 742 1024 824 legeris
1049 743 1160 807 neseio.
1198 745 1340 807 mentem

211 847 325 932 quippe
347 848 485 912 nostram
507 844 569 910 nisi
591 845 744 910 rationale
768 846 799 909 et
828 843 1039 908 intellectuale
1069 849 1209 908 nostrum
1235 845 1374 918 dicerer

210 970 269 1016 non
292 951 436 1016 solemus.
476 967 512 1014 ao
533 968 587 1031 per
609 948 666 1013 hoo
688 949 769 1030 quod
792 949 836 1011 ait
867 947 992 1029 quidem
1021 948 1197 1028 apostolus:
1230 967 1341 1014 rono-

210 1055 359 1119 uamini
381 1053 532 1135 spiritu
555 1051 702 1116 mentis
726 1055 901 1130 uestrae,
925 1050 999 1132 quid
1017 1050 1100 1115 aliud
1122 1050 1202 1115 dixit
1226 1069 1340 1133 quam:

211 1156 423 1244 „renouemini
438 1161 544 1221 mente
559 1153 708 1221 uestra“?
731 1157 774 1220 sio
797 1154 878 1220 enim
900 1155 1029 1236 spiritus
1052 1156 1165 1219 mentis
1188 1155 1269 1220 nihil
1292 1158 1343 1220 est

209 1262 294 1326 aliud
328 1281 421 1343 quam
455 1279 551 1338 mens,
585 1259 737 1343 quomodo
761 1277 870 1340 corpus
893 1259 991 1322 oarnis
1021 1257 1100 1321 nihil
1125 1257 1210 1321 aliud
1234 1260 1341 1342 potest

208 1381 392 1446 essequam
415 1381 495 1428 oaro.
525 1382 598 1427 nam
616 1367 645 1428 et
669 1364 726 1427 hoo
748 1364 980 1444 scriptumest:
1004 1362 1041 1426 in
1065 1362 1375 1445 expoliationem

210 1467 385 1549 eorporis
408 1467 556 1545 earnis,
580 1466 635 1530 ubi
657 1485 781 1531 earnem
804 1484 912 1548 oorpus
935 1464 1084 1548 appellat.
1108 1463 1186 1529 dioit
1207 1482 1284 1530 sano
1305 1471 1340 1531 et

208 1571 269 1634 alio
292 1570 383 1634 modo
406 1570 554 1651 spiritum
576 1568 722 1652 hominis,
746 1588 837 1652 quem
862 1585 1021 1651 prorsusa
1042 1571 1146 1632 mente
1170 1567 1337 1634 discernit:

208 1673 241 1739 si
265 1675 365 1738 euim
395 1692 555 1738 orauero
584 1673 738 1756 lingua,
770 1672 885 1753 inquit,
917 1672 1084 1753 spiritus
1106 1689 1210 1736 meus
1233 1676 1337 1753 orat,

209 1795 314 1841 mens
337 1780 469 1841 autem
491 1796 569 1841 mea
592 1776 846 1841 infructuosa
868 1775 937 1838 est.
972 1793 1082 1839 uerum
1106 1792 1188 1839 nuno
1210 1793 1274 1842 non
1297 1776 1338 1841 de

208 1882 268 1945 isto
302 1881 415 1963 spiritu
449 1881 614 1963 loquimur,
649 1880 701 1961 qui
731 1881 779 1945 est
810 1898 900 1944 ame
932 1877 1109 1944 distinctus.
1146 1875 1242 1942 hebet
1276 1879 1373 1951 iste„

206 2002 294 2049 suam
317 1985 507 2067 eandemque
537 1982 697 2048 difficilem
727 1982 948 2065 quaestionem.
986 1981 1096 2046 multis
1127 1983 1211 2047 enim
1234 1982 1338 2048 modis

207 2087 301 2171 atque
323 2089 355 2152 in
377 2089 510 2154 diuersis
540 2084 821 2168 significationibus
845 2086 1017 2166 scripturae
1040 2085 1164 2150 diuinae
1185 2084 1337 2169 spiritum

206 2193 384 2275 nominant;
407 2191 461 2256 sed
483 2194 520 2255 de
544 2208 603 2272 quo
626 2206 708 2253 nuno
723 2189 854 2271 agimus,
879 2205 939 2268 quo
958 2188 1186 2267 ratiocinamur,
1208 2188 1337 2253 intelle·

207 2294 321 2377 gimus,
345 2295 492 2375 sapimus,
515 2294 639 2358 constat
661 2293 742 2356 inter
763 2310 819 2356 nos
835 2292 879 2355 sio
894 2310 966 2355 eum
982 2291 1079 2357 etiam
1102 2291 1225 2374 proprie
1240 2292 1338 2374 spiri·

208 2402 277 2460 tum
299 2398 481 2479 nuncupari,
511 2398 629 2462 utnon
659 2396 702 2460 sit
724 2395 869 2459 uniuersa
891 2396 1006 2472 anima,
1035 2396 1089 2461 sed
1112 2394 1232 2477 aliquid
1256 2395 1372 2465 eiusro

207 2505 314 2564 tamen
344 2501 480 2564 animem
512 2501 607 2564 etiam
637 2499 781 2581 spiritum
805 2517 871 2563 esse
894 2501 921 2563 si
943 2501 1104 2582 propterea
1126 2516 1233 2581 negas,
1262 2500 1337 2581 quia

207 2601 273 2665 eius
308 2600 525 2684 intellegentia
557 2603 705 2667 distinete
735 2602 850 2667 dicitur
887 2601 1026 2685 spiritus,
1070 2602 1186 2685 poteris
1215 2620 1334 2685 negare

206 2703 387 2768 uniuersum
417 2723 523 2770 semen
553 2705 646 2771 Iaoob
676 2706 827 2788 appellari
857 2705 994 2784 Israhel,
1025 2703 1174 2787 quoniam
1204 2706 1335 2788 exeepto

205 2806 283 2873 Iuda
306 2807 400 2871 stiam
423 2806 569 2873 distinete
592 2807 768 2891 appellatus
791 2810 840 2873 est
855 2807 976 2873 Israhel
998 2808 1031 2872 in
1053 2807 1199 2873 tribubus
1215 2808 1334 2889 deoem,

307 3010 324 3064 6
346 3011 415 3079 Eph.
440 3012 464 3073 4,
489 3012 523 3065 23
645 3012 678 3065 10
702 3012 757 3066 Col.
782 3013 806 3074 2,
831 3013 862 3065 11
983 3012 1016 3065 13
1042 3010 1056 3064 1
1079 3009 1139 3067 Cor.
1164 3012 1207 3076 14,
1230 3012 1266 3066 14

204 3097 238 3150 24
256 3096 289 3151 ot.
309 3096 353 3152 ΠΙ
372 3098 437 3167 Bag.
457 3098 496 3162 12,
515 3098 549 3152 28

255 3284 347 3353 2hoo}
366 3285 404 3338 P²
421 3285 454 3338 tro
471 3300 527 3339 ros.
614 3283 783 3337 iutelleootur
799 3284 827 3337 A
912 3284 1071 3339 duuiuersa
1088 3285 1115 3339 A
1207 3286 1334 3341 Amonte

203 3369 301 3438 quippe
318 3375 411 3424 nostra
428 3371 456 3424 A
545 3369 770 3425 5rationalemo
863 3370 1103 3425 intellectualemo
1195 3374 1333 3443 nostrum]

203 3469 384 3524 numquamo
482 3455 555 3526 dao]
575 3455 624 3509 hoo
642 3454 671 3509 P
765 3455 924 3526 topiritnm
944 3458 972 3513 P
1064 3456 1334 3528 dmentis1menter

202 3541 230 3592 A
325 3539 397 3595 nihil
414 3542 595 3612 est-camis]
615 3558 701 3598 om.o
794 3544 923 3614 {loannis}
942 3559 1031 3598 carnes
1049 3544 1076 3596 A
1172 3545 1206 3599 13
1223 3561 1334 3602 oranoro

204 3626 243 3693 (ro
260 3626 292 3680 tn
310 3642 341 3680 ra
361 3628 482 3682 mutauit
499 3644 533 3682 m.
551 3630 582 3696 2)
604 3628 631 3680 V
665 3644 789 3685 wrauoro
812 3631 842 3697 (h
859 3634 927 3696 roo.)
951 3631 979 3684 P
1080 3629 1176 3701 inquid
1198 3632 1265 3686 ΑΡΙ

205 3709 238 3764 14
260 3711 360 3780 summ]
383 3713 474 3782 iuquit
496 3715 539 3768 Po
642 3715 703 3783 uon]
723 3730 809 3773 oneo
913 3718 945 3772 15
965 3731 1008 3770 me
1026 3716 1215 3774 AGMP¹Vo2
1243 3723 1334 3775 mento

202 3812 239 3864 P¹
345 3800 417 3868 hah⁰'
436 3818 475 3883 (ot
497 3815 561 3870 add.
580 3821 660 3883 aad)
684 3818 713 3873 P
815 3820 846 3874 16
870 3837 918 3874 sua
941 3821 969 3874 A
1073 3821 1105 3876 11
1129 3821 1215 3891 adque
1236 3826 1265 3877 A

202 3897 315 3951 deuinae
332 3902 360 3954 A
464 3904 497 3956 18
519 3903 712 3959 ratiotinamur
731 3906 759 3959 P
860 3907 893 3961 le
915 3909 1035 3977 propriae
1058 3909 1086 3962 A
1191 3909 1333 3978 spiritum]

201 3989 258 4055 s'or‘n
275 4002 303 4055 P
395 4004 430 4058 20
448 4008 610 4077 nunccupari
628 4012 655 4063 A
747 4012 779 4065 21
799 4011 927 4082 animam]
944 4013 1034 4067 anima
1051 4016 1078 4068 A
1166 4014 1201 4069 22
1220 4016 1333 4084 spiritus

202 4090 245 4155 (us
266 4088 299 4144 tn
320 4104 365 4143 um
386 4097 451 4144 mot.
475 4109 509 4146 m.
526 4096 557 4161 2)
586 4096 613 4150 V
711 4098 746 4151 23
768 4097 899 4167 appellare
922 4099 1028 4156 MPVo
1129 4101 1165 4156 24
1187 4101 1335 4160 distinctae

206 4174 233 4228 V
332 4174 465 4243 apellatus
483 4177 511 4230 P
611 4180 747 4251 tribubus]
766 4182 853 4236 tribus
871 4182 935 4236 MP
1035 4186 1163 4241 deoimA
