2760 4814
205 283 268 350 170
685 278 851 349 Esainrii

204 488 264 555 quo
286 469 347 537 fine
369 470 556 538 claudatur?
579 471 701 553 quando
721 469 846 553 quidem
870 469 1073 536 altitudinem
1095 469 1144 534 dei
1167 472 1331 553 penetrare

203 591 265 640 non
298 575 438 659 possunt,
472 591 541 656 qua,
578 590 647 639 cum
680 573 748 657 ipse
779 574 822 638 sit
849 576 994 639 autemus
1022 576 1055 638 et
1077 572 1144 638 sine
1166 572 1265 652 initio,
1290 573 1331 638 ab

203 677 308 762 aliquo
336 683 442 744 tamen
471 677 562 742 initio
590 694 715 741 exorsus
744 680 792 742 ost
820 681 963 760 tempora
985 680 1017 742 et
1039 674 1208 758 bominem,
1237 694 1331 758 quem

203 798 373 864 nmnquam
397 783 489 847 antea
511 779 639 855 fecerat,
662 779 738 844 fecit
759 781 793 844 in
814 780 962 863 tempore,
985 797 1046 844 non
1068 779 1173 844 tamen
1197 796 1277 844 nouo
1299 784 1331 845 at

204 884 375 968 repentino,
413 885 466 948 sed
502 882 695 948 immutabili
731 883 917 964 aeternoque
954 880 1095 948 consilio.
1143 883 1212 965 quis
1249 881 1368 949 banco

204 986 310 1053 ualeat
332 986 531 1052 altitudinem
552 983 808 1068 inuestigabilem
829 984 1020 1069 inuestigare
1041 989 1073 1050 et
1094 985 1333 1050 inscrutabilem

205 1090 347 1166 scrutari,
381 1087 553 1154 secundum
586 1106 679 1171 quam
713 1088 788 1153 dens
821 1089 979 1152 bominem
1011 1087 1225 1170 temporalem,
1258 1093 1333 1152 ante

204 1210 296 1276 quem
326 1210 416 1257 nemo
444 1209 593 1275 umquam
621 1191 785 1257 hominum
813 1192 884 1269 fuit,
914 1210 976 1258 non
998 1192 1144 1258 mutabili
1166 1192 1333 1257 uoluntate

203 1296 236 1360 in
256 1299 395 1379 tempore
417 1295 556 1361 condidit
576 1296 610 1360 et
629 1313 726 1378 genus
749 1296 922 1362 humanum
938 1314 974 1360 ex
996 1313 1059 1360 uno
1082 1295 1333 1376 multiplicauitl

204 1399 326 1482 qnando
344 1398 468 1482 quidam
490 1398 630 1482 psalmus
651 1398 717 1481 ipae
740 1418 811 1464 cum
832 1400 1047 1482 praemisisset
1069 1400 1161 1481 atque
1185 1398 1374 1465 dirissatna

204 1505 263 1579 tn,
286 1503 456 1578 domine,
486 1500 669 1567 seruabis
700 1521 770 1569 nos
798 1506 836 1567 et
858 1503 1059 1567 custodies
1086 1518 1155 1565 nos
1177 1519 1196 1565 a
1218 1518 1334 1582 gene·

204 1605 358 1669 ratione
378 1603 450 1670 hac
472 1603 510 1669 et
530 1604 570 1670 in
593 1609 815 1684 aeternum,
845 1624 881 1670 ac
909 1605 1019 1670 deinde
1042 1604 1247 1687 percussisset
1268 1621 1333 1683 eos,

204 1707 238 1773 in
261 1725 392 1790 quorum
414 1706 514 1772 stulta
535 1707 695 1790 impiaque
718 1708 860 1773 doctrina
875 1708 963 1772 nulla
977 1706 1171 1772 liberationis
1186 1711 1217 1773 et
1232 1707 1333 1773 beab-

204 1809 324 1876 tndiuis
358 1811 480 1876 animae
514 1812 656 1876 sematur
687 1811 865 1883 aeternitas.
900 1810 1047 1875 continuo
1079 1809 1256 1875 subiciens:
1294 1813 1334 1878 in

206 1911 381 1978 circuitu
396 1913 509 1994 impii
524 1912 789 1979 ambulabunt
800 1951 842 1962 -
853 1917 1013 1997 tamquam
1026 1913 1055 1978 ei
1070 1913 1240 1978 diceretur:
1257 1913 1374 1996 quidm

206 2034 278 2100 argo
300 2016 336 2080 tu
356 2015 467 2099 credis,
490 2015 596 2097 sentis
625 2014 809 2100 intellegis?
841 2017 1064 2098 numquidnam
1088 2016 1332 2082 existimandum

206 2122 255 2184 eet
275 2120 378 2185 subito
409 2120 565 2202 placuisse
597 2120 755 2185 bominem
776 2118 887 2198 iacere,
918 2138 1010 2202 quem
1041 2136 1210 2201 numquam
1241 2123 1336 2185 antea

205 2221 329 2287 inunita
349 2224 432 2288 retro
455 2223 640 2289 aeternitate
660 2221 794 2298 iecisset,
818 2222 868 2288 cui
883 2222 962 2287 nibil
978 2223 1052 2287 noui
1065 2222 1206 2287 accidere
1221 2224 1335 2305 potest,

206 2324 239 2390 in
253 2344 314 2408 quo
328 2324 481 2390 mutabile
496 2326 615 2408 aliquid
629 2345 689 2392 non
706 2325 776 2391 est?
788 2361 829 2374 -
843 2326 989 2391 continuo
1004 2325 1163 2410 respondit
1176 2328 1214 2391 ad
1229 2325 1335 2408 ipsum

206 2429 298 2494 deum
321 2428 468 2511 loquens:
500 2430 711 2494 secundnm
734 2429 986 2495 altitudinem
1010 2433 1117 2494 tuam
1138 2428 1374 2512 multipli-as

206 2532 307 2596 casti
343 2531 459 2596 filios
494 2532 701 2597 hominum.
743 2533 889 2608 sentiant,
926 2530 1041 2616 inquit,
1077 2532 1218 2596 homines
1252 2532 1336 2616 quod

204 2637 320 2717 putant
340 2634 373 2698 at
394 2633 477 2716 qnod
497 2637 542 2700 eis
564 2634 666 2719 placet
689 2635 855 2718 opinentur
870 2639 903 2699 et
918 2635 1096 2717 disputent:
1120 2635 1337 2700 secundnm

206 2735 463 2802 altitudinem
484 2737 608 2813 tuam,
642 2755 736 2820 quam
758 2738 866 2802 nullm
900 2737 1062 2803 bominum
1096 2737 1200 2820 potest
1232 2756 1346 2815 nosses

206 2838 499 2921 multiplicasti
520 2840 636 2906 filios
664 2839 873 2905 bominum.
911 2840 1004 2904 ualde
1026 2840 1141 2923 quippe
1162 2841 1265 2905 altum
1287 2845 1337 2906 ast

205 2943 239 3008 et
260 2960 380 3025 semper
402 2941 497 3008 fuisse
513 2946 545 3009 et
560 2941 728 3020 bominem,
745 2960 837 3025 quem
852 2962 1023 3026 numquam
1037 2944 1161 3023 iecerat,
1177 2962 1214 3008 ex
1228 2943 1374 3026 aliquo.

206 3045 356 3148 tempore·
374 3043 512 3128 primum
534 3044 633 3110 iacere
655 3044 791 3110 uoluisse
812 3063 869 3111 nec
892 3049 1057 3113 consilium
1079 3046 1336 3130 uoluntatamqne

206 3149 356 3214 mutasse.
944 3152 946 3156 '

258 3437 355 3505 2qna]
368 3451 447 3504 qnam
466 3436 509 3491 Po
594 3437 611 3489 3
629 3435 696 3492 alico
713 3436 742 3490 P.
826 3436 913 3505 quam]
927 3451 996 3504 qnae
1015 3436 1048 3490 T¹
1141 3437 1157 3490 i
1175 3439 1337 3506 perscrutari

207 3519 277 3576 PTo
367 3521 383 3575 8
396 3521 485 3590 quem]
498 3535 576 3589 qnam
590 3520 633 3576 Po
718 3520 858 3575 hominnm
869 3536 995 3589 nmquam
1008 3521 1052 3576 Po
1139 3521 1156 3574 9
1168 3522 1338 3592 multiplicat

206 3607 262 3662 P¹o
353 3605 385 3660 la
402 3609 430 3660 at
446 3620 497 3661 om.
517 3606 543 3660 T
624 3621 669 3660 eos
687 3621 737 3661 oua
755 3623 773 3663 o
866 3606 1052 3661 seneciacum
1071 3607 1099 3661 P
1191 3607 1224 3662 15
1242 3608 1338 3663 ambu-

205 3691 307 3748 labunt,
320 3690 385 3746 TV:
412 3690 557 3746 ambulant¹
572 3691 615 3746 Po
718 3692 750 3746 16
772 3692 995 3747 meistimandum
1018 3693 1048 3746 V
1144 3694 1178 3749 18
1201 3694 1257 3766 oni]
1276 3711 1338 3750 oum

206 3794 223 3834 a
319 3777 440 3832 accedero
456 3775 494 3831 1²¹
589 3778 622 3831 21
640 3776 714 3833 illius
731 3778 769 3833 P*
871 3778 906 3832 22
923 3778 1063 3848 disputant
1080 3796 1098 3836 o
1195 3781 1230 3835 28
1247 3781 1339 3838 nullos

208 3863 244 3918 T*
315 3910 317 3915 ,
346 3862 381 3918 24
403 3863 569 3934 multiplicas
594 3863 623 3919 Τ·
719 3864 792 3918 illius
816 3864 853 3918 P·
956 3866 990 3920 25
1013 3867 1040 3920 at
1059 3866 1144 3934 poseo
1166 3866 1231 3922 ocu
1251 3869 1291 3924 1²⁸
1308 3871 1344 3924 iao

206 3948 292 4006 lim
393 3947 526 4006 lacerata
627 3949 660 4005 al
678 3952 802 4019 sequitur
815 3966 880 4020 >aaa
898 3951 1000 4007 XXII
1014 3952 1047 4007 ia
1066 3952 1135 4008 GPc
