2760 4814
309 298 473 367 Excerpta
491 314 526 352 ex
545 314 613 368 opp.
633 297 659 350 S.
678 298 865 367 Augustini
884 297 984 354 CCXV.
1003 297 1119 353 CCXVI.
1215 298 1280 366 693

144 489 328 555 exauditum
348 508 415 554 esse
437 489 606 554 nuntiauit.
642 489 718 555 haec
734 488 841 553 eadem
856 492 1053 553 sacramenta
1075 491 1107 553 et
1129 486 1162 552 in
1185 486 1277 553 honis

145 593 326 658 hominibus
357 591 443 657 iilius
473 593 623 675 temporis
648 597 736 656 erant
759 595 790 656 et
816 592 850 656 in
879 592 973 657 malis
1002 592 1159 674 peioribus
1181 609 1276 673 quam

145 700 221 760 sunt
256 696 383 774 ethnici,
417 697 539 779 qnando
573 698 697 779 quidem
731 697 765 761 in
798 695 923 761 malitia
944 694 1115 763 Sodomitis
1144 696 1275 777 praelati

145 804 231 878 snut,
266 800 424 866 ettamen
452 799 508 864 illa
537 804 731 866 sacramenta
754 805 842 865 erant
865 800 1006 882 utrisque
1036 800 1160 884 integra
1182 802 1275 883 atque

120 904 265 969 ediuina.

190 1023 272 1089 Nam
297 1029 328 1090 et
350 1025 411 1107 ipsi
434 1026 569 1111 gentiles
592 1028 618 1090 si
635 1025 708 1108 quid
725 1025 870 1089 diuinum
885 1024 916 1088 ot
931 1025 1050 1089 rectum
1073 1025 1106 1089 in
1122 1024 1273 1090 doctrinis

145 1129 211 1192 suis
229 1127 343 1194 habere
359 1131 535 1211 potuerunt,
560 1148 621 1194 non
643 1130 896 1214 improbauerunt
913 1127 1015 1193 sancti
1030 1127 1137 1205 nostri,
1162 1147 1273 1210 qnam-

144 1233 194 1296 uis
228 1232 276 1296 illi
309 1251 363 1313 per
393 1252 464 1297 suas
495 1234 730 1316 superstitiones
761 1234 792 1296 et
823 1229 1003 1296 idolatriam
1033 1232 1065 1295 et
1094 1230 1274 1312 superbiam

144 1336 325 1417 ceterosque
358 1335 495 1418 perditos
528 1353 628 1400 mores
662 1334 837 1401 detestandi
871 1338 976 1424 essent
1009 1336 1049 1413 et,
1086 1332 1146 1400 nisi
1176 1334 1273 1400 corri-

104 1466 135 1506 lo
143 1439 302 1521 gerentur,
335 1437 440 1502 diuino
472 1438 584 1502 iudicio
613 1436 771 1519 puniendi.
809 1455 881 1501 nam
912 1439 944 1501 et
966 1436 1082 1502 Paulus
1113 1438 1271 1521 apostolus

143 1539 227 1623 apud
253 1541 469 1618 Athenienses,
504 1560 575 1605 enm
608 1543 646 1606 de
675 1540 733 1605 deo
763 1542 914 1621 quaedam
950 1540 1076 1619 diceret,
1111 1541 1274 1625 perhibuit

142 1644 369 1719 testimonium,
392 1644 471 1727 quod
495 1644 622 1727 quidam
645 1662 752 1709 eorum
775 1644 840 1708 tale
862 1642 982 1727 aliquid
1012 1645 1158 1722 dixerint,
1190 1643 1272 1728 qnod

142 1747 260 1830 utique,
282 1748 309 1811 si
332 1747 372 1812 ad
387 1745 550 1812 Christum
573 1747 727 1825 uenirent,
751 1751 968 1831 agnosceretur
990 1749 1024 1814 in
1048 1749 1103 1830 eis,
1128 1767 1189 1815 non
1211 1751 1273 1814 im·

141 1852 336 1933 probaretur,
374 1851 406 1914 et
444 1851 571 1914 sanctus
602 1848 778 1933 Cyprianus
812 1851 930 1915 talibus
963 1851 1114 1916 aduersus
1148 1852 1272 1917 eosdem

104 1953 281 2025 aethnicos
317 1954 419 2019 utitur
456 1954 599 2018 testibus.
646 1972 719 2018 nam
757 1971 827 2018 cum
865 1957 902 2019 de
941 1955 1041 2039 magis
1078 1956 1269 2037 loqueretur:

140 2061 285 2135 tamen,
317 2057 433 2138 inquit,
465 2057 707 2139 praecipuus
731 2055 900 2121 Ostanes
926 2062 965 2122 et
995 2059 1163 2124 formam
1186 2059 1271 2124 ueri

140 2163 203 2227 dei
240 2166 355 2246 negat
393 2160 569 2243 conspici
606 2177 720 2242 posse
753 2164 790 2224 et
825 2163 987 2242 angelos
1021 2179 1133 2227 ueros
1170 2163 1271 2229 dicit

140 2265 229 2329 sedi
259 2267 340 2328 eins
370 2263 575 2328 assistere.
613 2264 651 2327 in
681 2282 754 2345 qno
785 2266 825 2327 et
847 2264 964 2328 Plato
994 2263 1079 2346 pari
1108 2267 1270 2330 ratione

140 2369 342 2432 consentit
372 2370 411 2431 et
440 2385 559 2431 unum
590 2365 703 2431 denm
732 2384 895 2431 seruans
918 2368 1078 2432 ceteros
1101 2369 1268 2450 angelos

106 2472 200 2541 rouel
231 2470 438 2536 daemonas
469 2470 586 2554 dicit;
621 2470 784 2534 Hermes
814 2489 966 2552 qnoque
994 2471 1270 2555 Trimegistns

139 2593 257 2639 unum
286 2577 395 2640 deum
425 2574 606 2656 loquitur
634 2578 672 2638 et
701 2592 784 2639 eum
816 2574 1270 2657 incomprehensibilem

139 2683 260 2761 atque
291 2676 640 2743 inaestimabilem
671 2676 899 2744 confitetur.
937 2679 965 2742 si
993 2697 1066 2763 orgo
1089 2679 1142 2746 isti
1164 2681 1269 2746 uenis·

138 2788 208 2846 sent
241 2784 280 2847 ad
314 2780 545 2863 percipiendam
579 2780 784 2846 christianam
813 2783 959 2864 salutem,
992 2800 1054 2847 non
1084 2784 1128 2848 eis
1160 2784 1270 2867 utique

138 2886 308 2951 diceretur:
328 2884 404 2963 ,hoo
416 2886 537 2950 malum
549 2883 690 2950 habetis“
710 2886 775 2950 uel:
796 2885 928 2966 „falsum
940 2885 1095 2967 habetis“‚
1112 2889 1164 2952 sed
1177 2886 1269 2970 plane

104 2989 251 3060 aamerito
274 2989 448 3055 diceretur:
474 2989 551 3074 „hoc
581 2990 681 3067 nohis,
717 2989 862 3071 quamuis
895 2989 1054 3073 integrum
1085 2991 1118 3054 et
1146 3009 1266 3068 nomm,

137 3093 217 3158 nihil
241 3094 347 3157 tamen
369 3093 541 3176 prodesset,
566 3092 628 3156 nisi
650 3095 688 3158 ad
712 3090 832 3157 Christi
853 3093 989 3176 gratiam
1020 3093 1201 3160 ueniretis“.
1240 3094 1267 3159 si

242 3263 274 3316 11
299 3262 332 3317 ci.
351 3264 410 3316 Act.
435 3264 476 3326 17,
501 3263 536 3318 28
639 3265 672 3318 16
690 3264 770 3332 Cypr.
788 3262 946 3330 Qnodidol.
971 3263 1009 3316 dii
1027 3280 1053 3317 n.
1072 3263 1172 3329 absi
1189 3263 1267 3330 ΞΜ
1332 3272 1337 3285 ’

136 3349 178 3404 ed
196 3348 303 3414 Hartei)

188 3504 370 3574 2peioribns]
389 3511 416 3558 et
434 3505 606 3573 peioribuso
707 3506 845 3561 3ethinci
864 3508 891 3561 A
993 3507 1149 3576 dutrisqne
1172 3507 1208 3560 V:
1239 3508 1267 3562 in

136 3608 259 3676 utrisque
281 3607 326 3661 Ao
427 3609 513 3676 adque
532 3610 559 3661 A
663 3608 794 3678 inostri]
815 3626 905 3665 om.o
1007 3595 1217 3679 thidoutriam
1236 3612 1266 3676 (h

135 3692 188 3747 det.
207 3709 242 3746 m.
256 3691 330 3759 Μ
357 3692 514 3747 idolatrinm
537 3695 564 3748 A
669 3695 700 3747 11
724 3694 871 3765 perhibuit]
893 3695 1004 3765 phihnit
1027 3696 1055 3749 A
1157 3697 1192 3750 12
1214 3696 1267 3750 tali

136 3796 162 3847 A
268 3796 301 3848 13
318 3795 450 3865 uenirent]
472 3797 597 3850 uenerint
615 3785 770 3878 qn—o—d-—u-tiffi
788 3799 816 3852 A
920 3797 958 3869 in]
977 3814 1028 3855 oon.
1047 3800 1074 3853 A
1178 3800 1211 3854 14
1227 3799 1265 3871 et}

135 3915 186 3952 orn.
210 3915 227 3954 o
346 3901 378 3953 16
400 3903 488 3953 tamen
513 3898 588 3955 MV:
617 3916 729 3970 qnorum
752 3904 842 3955 tamen
866 3901 965 3958 Aere
1075 3903 1216 3971 precipuus
1239 3904 1267 3957 A

135 3987 289 4056 praecipuos
308 3987 363 4042 G'o
449 3985 562 4042 Ostanes
574 3989 757 4044 AG³MP²V2
786 3993 906 4045 ostentes
923 3990 1029 4056 G¹P¹o3
1047 3991 1114 4045 alibi
1135 3993 1266 4046 infrenes

140 4071 176 4126 θ’
192 4073 225 4127 dn
242 4089 294 4144 mp.
398 4075 466 4145 ueri]
490 4091 540 4128 om.
563 4075 591 4128 A
695 4077 728 4130 18
750 4076 878 4130 adsistere
902 4077 930 4131 A
1032 4076 1066 4131 20
1089 4077 1216 4131 doemona
1238 4078 1267 4133 A

135 4158 277 4214 doemones
295 4177 311 4215 o
400 4161 431 4214 21
451 4161 761 4230 incompraehensibilem
780 4163 806 4216 A
899 4163 934 4217 22
951 4161 1037 4231 adque
1054 4163 1081 4216 A
1172 4163 1206 4218 25
1225 4163 1269 4216 in·

134 4248 238 4314 tegam
256 4245 284 4301 A
386 4247 421 4300 26
438 4247 567 4300 ueneritis
584 4248 628 4303 Ao
