2760 4814
251 356 417 426 Excerpta
435 374 469 411 ex
488 375 556 428 opp.
576 359 602 416 S.
621 360 812 428 Augustini
833 359 1018 416 dccxxnu.
1119 363 1200 430 1027

64 545 275 627 proprium
311 547 469 628 peceat?
503 547 641 630 primum
672 548 746 630 quia
783 549 815 613 in
849 567 977 633 eorpore
1010 554 1072 619 isto
1107 552 1200 621 bomo

67 649 260 715 constitutus
293 649 441 732 quidquid
475 650 542 717 solo
574 655 699 719 tantmn
726 652 831 719 animo
859 654 975 736 poterit
995 656 1103 739 inique
1125 674 1201 723 oon·

67 751 245 835 eupieeere,
284 752 345 817 diei
381 771 444 820 non
481 756 585 836 potest
621 758 733 822 extra
771 774 911 839 eorpus
947 757 1004 823 hoe
1041 760 1200 826 bominem

66 854 181 929 laoero,
212 873 284 920 oum
313 859 432 922 constet
461 877 533 922 oum
563 859 682 924 carnali
711 878 804 925 sensu
833 861 865 924 et
894 860 1010 926 carnali
1033 863 1200 944 prudentia

39 959 126 1023 ehoe
147 977 239 1042 agere
260 961 320 1024 isto
342 960 442 1026 adhue
467 961 711 1044 oireumseptum
733 962 766 1026 in
790 980 924 1044 corpore.
963 983 1037 1029 nam
1061 970 1091 1030 et
1113 967 1196 1049 quod

64 1063 101 1127 in
115 1061 237 1146 psalmo
253 1063 406 1145 seriptum
425 1068 491 1131 est:
515 1066 619 1131 dixit
641 1066 789 1149 impius
812 1067 851 1131 in
877 1071 993 1134 eorde
1015 1087 1099 1133 suo:
1123 1087 1198 1134 non

64 1170 131 1230 est
152 1166 260 1244 deus,
283 1166 366 1231 idem
388 1169 498 1233 beatus
523 1169 681 1250 apostolus
705 1189 765 1235 non
787 1171 893 1251 potuit
915 1171 1025 1255 utique
1057 1189 1198 1255 separare

63 1288 85 1334 a
120 1269 270 1353 eorporali
299 1286 389 1353 opere
416 1271 472 1336 illo
505 1271 581 1350 loeo,
616 1272 668 1337 ubi
697 1273 757 1338 ait:
786 1291 919 1340 omnes
948 1273 1198 1340 adstabimus

64 1375 159 1438 ante
202 1373 385 1439 tribunal
421 1372 591 1455 Christi,
636 1376 678 1441 nt
717 1376 888 1459 recipiat
930 1376 1200 1460 unusquisqne

23 1475 283 1545 resecandum
316 1494 361 1542 ea
394 1495 488 1560 quae
521 1496 587 1560 per
619 1498 757 1562 eorpus
791 1481 923 1564 gessit
955 1500 1080 1558 suum,
1114 1480 1198 1545 siue

64 1582 211 1645 bonum
244 1578 330 1645 siue
363 1582 521 1661 malum,
557 1582 630 1665 quia
661 1581 809 1648 uideboet
830 1601 891 1649 non
925 1584 985 1648 nisi
1007 1583 1041 1647 in
1070 1600 1196 1666 corpore

62 1683 256 1750 constitutus
279 1684 393 1766 impius
417 1686 520 1767 potnit
541 1686 658 1752 dicere:
682 1705 755 1752 non
783 1691 841 1752 est
869 1687 980 1766 deus,
1010 1691 1047 1753 ut
1076 1692 1197 1752 taoeam

63 1788 149 1871 quod
171 1789 203 1854 in
226 1789 291 1854 alia
313 1789 449 1869 epistula
471 1788 537 1872 ipse
560 1790 668 1855 dootor
690 1791 831 1874 gentium
856 1791 948 1858 dioit:
974 1789 1198 1857 manifesta

61 1891 193 1958 autem
216 1896 308 1957 sunt
329 1911 443 1975 opera
465 1892 613 1970 earnis,
636 1895 668 1958 et
683 1893 859 1978 exequitur:
884 1895 1098 1977 quaesunt
1121 1892 1195 1958 for·

22 1996 310 2073 15nioationes,
338 1996 627 2076 immunditiae,
656 1999 850 2076 luxuriae,
880 1996 1100 2081 uenefioia,
1123 1996 1196 2061 ini·

61 2098 255 2177 mioitiae,
275 2101 565 2184 contentiones,
588 2100 884 2180 aemulationes,
904 2099 1195 2179 animositates,

62 2204 354 2281 dissensiones,
400 2203 604 2286 haereses,
646 2203 843 2281 inuidiae,
886 2202 1112 2270 ebrietates
1159 2209 1196 2268 et

61 2306 128 2372 bis
159 2306 333 2382 similia;
365 2326 461 2389 quae
491 2307 678 2390 praedico
707 2307 837 2385 uobis,
867 2309 974 2373 sieut
995 2305 1194 2390 praedixi,

63 2409 158 2495 quia
186 2410 252 2496 qui
282 2411 384 2477 talia
406 2412 529 2495 agunt
550 2430 712 2492 regnum
735 2412 798 2476 dei
821 2428 894 2476 non
923 2409 1194 2494 possidebunt.

22 2545 52 2584 ιο
62 2513 218 2595 numquid
246 2516 328 2578 enim
356 2531 418 2578 non
439 2512 567 2578 uidetur
589 2510 677 2578 nobis
699 2516 785 2579 extra
808 2530 918 2597 eorpus
941 2512 1009 2578 fieri
1032 2514 1115 2579 certo
1138 2510 1196 2576 illa

62 2635 144 2699 quae
173 2616 218 2681 ibi
247 2615 443 2699 interposuit,
472 2615 706 2695 aemulationes,
728 2615 955 2692 animositates,
978 2614 1195 2691 dissensiones,

62 2718 210 2797 inuidiae,
230 2718 397 2785 haereses?
419 2723 452 2782 et
474 2722 580 2783 tamen
602 2718 745 2802 operibus
762 2719 864 2784 earnis
879 2719 943 2784 ista
957 2718 1073 2785 tribuit
1087 2716 1196 2782 dootor

61 2823 209 2909 gentium
230 2822 265 2889 in
286 2822 348 2888 fide
363 2827 395 2889 et
410 2822 554 2887 ueritate.
579 2822 653 2904 quid
668 2826 717 2887 est
732 2838 821 2906 ergo:
834 2826 954 2888 'omne
975 2822 1193 2906 peceatum,

61 2926 337 3011 quodnamque
358 2925 503 2991 feeerit
525 2925 646 3004 bomo,
670 2927 782 2990 entra
802 2943 943 3007 corpus
966 2926 1032 3003 est,
1048 2927 1193 2990 etunum

24 3029 283 3099 oemntnmmodo
300 3028 513 3094 fornicationis
528 3031 688 3110 peecatum
705 3027 869 3093 nominans
891 3027 953 3093 ait:
976 3027 1041 3111 qui
1063 3026 1193 3094 antem

60 3132 302 3211 fornicatur,
325 3132 364 3197 in
387 3150 524 3216 eorpus
546 3132 746 3214 proprium
769 3130 930 3215 peceat?

106 3241 247 3324 Apparet
269 3238 368 3323 igitur
390 3236 490 3301 cuiuis
513 3237 602 3301 tardo
626 3239 657 3300 et
679 3234 822 3312 obtunso,
845 3234 999 3319 quamsit
1020 3235 1193 3319 istaquae-

60 3344 141 3428 stio;
175 3361 268 3425 quam
299 3339 444 3406 dominus
475 3338 545 3422 piae
574 3338 741 3404 intentioni
763 3344 888 3404 nostrae
909 3339 936 3402 si
960 3338 1193 3422 aliquantulum

59 3449 209 3534 dignatus
239 3445 333 3510 luent
361 3443 551 3509 diluoesoere
580 3448 674 3526 atque
703 3442 855 3522 renelare,
878 3443 1050 3523 poterimus
1072 3440 1192 3526 aliquid

21 3549 291 3620 arationabiliter
321 3548 431 3613 disere.
469 3546 593 3611 uidetur
627 3547 709 3610 enim
735 3546 846 3612 beatus
869 3545 1036 3628 apostolus,
1070 3544 1193 3628 inquo

165 3721 181 3775 6
199 3719 243 3773 Ps.
263 3719 304 3785 13,
323 3721 335 3773 1
440 3718 505 3773 811
523 3718 581 3774 Cor.
599 3719 623 3783 ⁵,
644 3717 677 3771 10
781 3718 814 3772 13
832 3717 890 3773 Gal.
908 3718 934 3781 5,
955 3715 1056 3771 19-22

111 3876 190 3931 3boo
204 3876 267 3932 GP:
293 3875 344 3930 boo
356 3875 425 3929 enim
442 3874 469 3929 V
561 3874 795 3942 boiroumeeptnm
807 3891 838 3927 az
865 3874 1057 3942 circumseptus
1069 3870 1127 3928 PV

58 3964 87 4017 in
101 3962 129 4017 P
136 3962 170 4017 V:
189 3978 240 4017 om.
253 3979 271 4016 a
360 3960 468 4030 ddixit]
481 3960 546 4015 add.
560 3961 703 4015 V’e'aras.
795 3961 991 4014 ssadstabimus
1004 3958 1040 4013 V:
1059 3957 1192 4012 stabimus

59 4049 88 4104 P
173 4049 208 4103 10
220 4064 298 4102 suum
311 4047 348 4102 V:
366 4063 415 4102 om.
431 4047 487 4102 GP
565 4047 597 4101 13
609 4047 725 4116 epistola
740 4046 795 4101 GP
876 4046 910 4100 15
921 4044 1192 4099 luxuriae-inimici·

57 4136 114 4189 tiae
130 4134 197 4189 GP:
223 4133 318 4189 ooaV
410 4132 445 4186 20
462 4132 569 4186 uidetur
587 4131 645 4186 PV
661 4134 708 4199 (of.
717 4149 747 4199 p.
760 4134 825 4199 883,
839 4132 886 4197 24)
986 4130 1021 4184 22
1037 4129 1138 4185 tribuit
1154 4130 1191 4183 V:

58 4219 188 4275 attribuit
200 4219 228 4274 P
294 4218 328 4272 27
340 4234 421 4289 quam
434 4236 454 4271 e.
467 4219 522 4273 ista
533 4219 653 4287 quaestio
664 4217 771 4272 G¹PV:
790 4231 815 4284 q.
827 4232 847 4269 s.
861 4214 993 4285 profunda
1006 4216 1059 4269 ista
1071 4218 1192 4284 quaestio

60 4307 100 4363 θ’
125 4322 151 4376 q.
169 4322 190 4359 s.
209 4304 541 4374 inambulationes
626 4304 661 4358 28
679 4319 759 4372 quam
777 4302 811 4355 V:
838 4318 916 4371 quern
929 4302 958 4357 P
1041 4302 1084 4370 pie
1100 4301 1126 4355 V

1033 4404 1088 4459 bb*
