2760 4814
224 568 290 635 940
708 560 876 630 Eugippii

224 757 318 821 etiam
342 755 375 818 in
394 768 520 835 corpora
543 750 730 817 claudicatio
753 752 859 816 eadem
882 750 1002 815 ratione
1024 750 1115 815 actus
1137 752 1202 829 est,
1227 771 1289 817 non
1303 768 1352 828 raa

224 859 371 943 quoniam
402 875 451 921 res
479 875 533 939 pes
560 856 626 939 ipse
648 854 699 918 uel
729 871 839 935 corpus
862 854 913 918 uel
935 852 1028 919 homo
1050 858 1111 937 est,
1135 856 1193 936 qni
1217 855 1295 937 pede
1313 854 1352 918 ui·

224 964 302 1027 tiato
332 960 498 1037 claudicat,
527 977 583 1023 nec
610 960 717 1023 tamen
748 959 848 1022 uitare
870 958 975 1039 potest
997 956 1278 1036 claudicationem,
1301 958 1351 1023 uisi

223 1066 368 1131 habuerit
395 1067 542 1128 sanatum
571 1064 690 1144 pedem.
736 1062 818 1144 quod
852 1061 949 1125 etiam
983 1060 1014 1125 in
1049 1062 1203 1128 interiora
1240 1062 1350 1127 hemina

223 1168 290 1233 lieri
312 1168 426 1251 potest,
450 1169 504 1231 sed
526 1166 627 1249 gratia
649 1167 698 1230 dai
719 1184 775 1249 per
797 1164 902 1230 Iasum
925 1163 1084 1230 christum
1113 1166 1281 1231 dominum
1305 1183 1372 1230 noa

223 1272 336 1336 strum.
373 1272 476 1355 ipsum
506 1288 581 1333 sane
612 1268 737 1347 uitium,
761 1286 821 1350 quo
851 1267 1007 1332 claudicat
1029 1266 1133 1345 homo,
1157 1287 1219 1333 nec
1240 1288 1293 1351 pas
1312 1268 1350 1333 eat

223 1393 279 1439 nec
309 1392 419 1455 corpus
448 1391 506 1437 nec
533 1372 625 1436 homo
655 1390 711 1436 nec
738 1371 807 1455 ipsa
837 1371 1034 1453 claudicatio,
1058 1389 1140 1453 quae
1163 1374 1276 1456 utique
1298 1390 1348 1436 nou

223 1482 282 1555 est,
311 1477 433 1560 quando
462 1495 522 1540 uon
554 1475 705 1555 ambulat,
736 1495 807 1540 cum
836 1477 943 1540 tamen
973 1475 1050 1540 insit
1079 1477 1211 1553 uitium,
1243 1494 1300 1559 quo
1318 1474 1348 1539 lit

222 1580 419 1656 claudicatio,
444 1579 567 1662 quando
590 1579 741 1644 ambulat.
776 1582 904 1660 quaeret
933 1597 1015 1661 ergo,
1047 1579 1129 1660 quod
1151 1580 1258 1646 eidem
1280 1578 1348 1643 uitio

221 1702 334 1750 nomen
356 1686 505 1764 imponat,
529 1685 634 1747 utrum
657 1702 722 1747 rem
745 1683 825 1747 uelit
848 1683 950 1748 dicere
973 1699 1013 1745 an
1035 1684 1143 1747 actum
1169 1702 1212 1747 an
1236 1682 1281 1747 rei
1300 1698 1372 1763 pla-1

221 1787 285 1851 tius
319 1785 504 1868 qualitatem
536 1787 661 1864 malam,
690 1804 751 1867 qua
780 1785 929 1850 deformis
959 1789 1047 1851 actus
1076 1786 1215 1852 exsistit.
1261 1786 1347 1853 sicat

221 1892 252 1954 in
283 1888 409 1954 homine
431 1888 577 1953 interiore
600 1888 722 1953 animus
744 1908 792 1954 res
815 1891 873 1967 est,
896 1889 1005 1971 rapina
1026 1892 1116 1954 actus
1139 1894 1200 1967 est,
1225 1888 1347 1956 auanlia

220 1994 334 2058 uitium
365 1997 422 2069 est,
450 1992 485 2057 id
513 1995 561 2056 est
590 1992 736 2073 qualitas,
766 1992 936 2057 secundum
966 2010 1060 2073 quam
1088 1993 1195 2057 malus
1219 1995 1266 2059 est
1285 1992 1345 2058 ani·

220 2114 300 2171 mus,
335 2095 429 2160 etiam
452 2095 573 2177 quando
606 2094 687 2159 nihil
718 2096 793 2178 agit,
829 2094 910 2159 unde
938 2093 1091 2160 auaritiae
1122 2114 1202 2159 suae
1231 2094 1345 2173 seruiat,

221 2198 316 2263 etiam
345 2198 467 2279 quaudo
496 2198 600 2262 audit:
631 2207 705 2261 non
728 2198 1000 2278 concupisces,
1023 2215 1117 2280 seque
1141 2200 1302 2281 uituperat
1319 2197 1372 2261 ata

219 2304 325 2368 tamen
349 2320 461 2367 auarus
485 2303 598 2380 manat,
622 2301 674 2365 sed
696 2320 751 2385 per
772 2301 865 2368 fidem
888 2305 1064 2382 renouatur,
1087 2299 1122 2363 id
1144 2306 1195 2365 est
1216 2305 1344 2375 samur,

219 2405 257 2471 da
279 2406 329 2471 die
351 2406 383 2469 in
406 2404 499 2483 diem,
523 2423 578 2468 nec
600 2405 708 2467 tamen
730 2405 789 2468 nisi
811 2404 916 2486 gratia
933 2403 981 2469 dai
996 2423 1052 2486 per
1067 2402 1174 2467 Iesum
1192 2403 1343 2470 Christum

219 2510 379 2574 dominum
403 2510 556 2573 nostrum.

262 2629 300 2693 V.
314 2628 470 2710 ,lterum“
482 2626 585 2709 inquit
594 2629 820 2711 „quaerendum
829 2629 885 2705 est,
898 2628 1043 2692 utrumne
1056 2627 1171 2692 debeat
1181 2627 1274 2692 homo
1284 2626 1344 2693 siue

216 2734 345 2814 peccato
361 2749 434 2796 esse.
458 2731 566 2813 procul
582 2729 674 2796 dubio
691 2730 792 2796 debet.
818 2731 845 2795 si
862 2730 963 2809 debet,
980 2733 1099 2815 potest,
1116 2730 1145 2794 si
1161 2748 1226 2795 non
1239 2734 1370 2814 potesta

217 2851 290 2916 ergo
324 2850 380 2896 nec
414 2833 521 2916 debet;
556 2833 588 2896 et
620 2833 648 2897 si
682 2851 744 2897 non
767 2832 860 2898 debet
894 2832 985 2897 homo
1019 2850 1086 2898 esse
1114 2834 1185 2899 sine
1214 2836 1342 2916 peccam,

217 2934 309 3000 debet
340 2953 412 3018 ergo
446 2953 512 3000 essa
541 2954 611 3000 cum
641 2939 777 3018 peccato,
813 2937 844 3000 at
872 2936 936 3001 iam
958 2937 1121 3018 peecatum
1145 2955 1210 3002 non
1232 2934 1342 3020 antei

216 3037 296 3103 illud
318 3036 429 3102 haberi
452 3037 639 3118 eonstiterit,
664 3042 728 3115 aut,
754 3040 780 3103 sl
796 3037 855 3103 hoc
870 3040 964 3103 etiam
980 3039 1041 3105 dici
1055 3040 1231 3107 absurdum
1245 3041 1294 3107 ast
1304 3075 1341 3088 -

217 3142 357 3208 confiteri
380 3142 464 3208 enlm
486 3160 611 3207 necesso
633 3146 681 3207 est
699 3143 812 3207 debere
828 3143 984 3208 hominem
999 3143 1066 3207 sine
1081 3146 1211 3227 peccato
1227 3163 1291 3210 asse
1303 3176 1340 3191 -

215 3249 248 3310 et
271 3249 394 3310 constat
417 3265 489 3310 eum
512 3264 574 3312 non
595 3247 682 3313 aliud
704 3247 825 3331 debere,
849 3267 943 3331 quam
961 3250 1096 3332 potest“.
1128 3251 1366 3335 Respondetnra

215 3350 323 3412 cadem
362 3348 580 3432 similitudine,
625 3367 687 3432 qua
720 3351 862 3434 superius
900 3354 961 3417 iam
998 3354 1231 3436 respondimus.
1275 3372 1339 3420 curu

215 3452 298 3515 enlm
327 3448 470 3516 uidemus
501 3451 658 3531 claudum,
681 3453 734 3534 qui
757 3453 861 3518 sanari
889 3457 1002 3535 potest,
1031 3458 1116 3521 recte
1138 3458 1249 3541 utique
1270 3456 1340 3524 dici·

214 3572 302 3618 mus:
334 3553 445 3639 „debet
468 3572 534 3620 esse
571 3556 662 3621 homo
695 3555 755 3619 iste
777 3557 844 3622 sine
874 3558 1110 3642 claudicatione,
1140 3562 1174 3625 et
1195 3562 1224 3625 si
1247 3562 1337 3637 debet,

214 3654 337 3738 potast“
361 3675 420 3722 nec
442 3661 556 3737 tamen,
580 3675 650 3723 cum
672 3658 754 3737 uult,
778 3661 923 3726 continuo
945 3663 1058 3744 potest,
1081 3662 1136 3727 sed
1160 3683 1233 3730 cum
1251 3663 1338 3729 fucrit

215 3759 358 3824 adhibita
386 3760 547 3826 curatione
575 3763 703 3826 sanatus
727 3765 759 3826 at
780 3763 936 3829 medicina
958 3763 1115 3829 adiuuerit
1137 3767 1365 3832 uoluntatama

213 3859 270 3926 hoc
297 3862 334 3926 fit
362 3863 395 3926 in
424 3863 572 3928 interiora
600 3863 735 3944 homine,
764 3869 845 3947 quod
876 3867 916 3931 ad
938 3868 1102 3950 peccatum
1123 3870 1241 3935 attinet
1261 3874 1337 3936 tam·

214 3980 307 4044 quam
341 3965 408 4030 eius
441 3965 709 4047 claudicationem,
744 3985 799 4050 par
829 3971 894 4034 eius
924 3970 1058 4054 gratiam
1086 3974 1140 4053 qui
1169 3974 1259 4039 uenit
1282 3989 1337 4038 non

316 4147 471 4219 ramae,
491 4153 523 4207 rr
627 4155 660 4209 rc
678 4153 835 4209 cc11001.
854 4153 879 4219 4,
899 4155 931 4208 rc

265 4317 401 4372 lratlone
417 4320 484 4374 GP:
511 4322 614 4376 actione
630 4322 657 4376 V
739 4323 816 4393 ‘iqui
830 4324 897 4379 GP:
925 4340 969 4394 qo·
984 4325 1010 4379 V
1095 4328 1128 4383 19
1139 4329 1278 4400 inquidV

210 4400 245 4455 23
263 4401 356 4457 haberi
374 4404 440 4459 PV:
470 4405 560 4460 deberi
578 4424 597 4461 a
700 4409 734 4462 27
758 4412 830 4464 recte
846 4411 1012 4480 ntique-at
1029 4412 1055 4466 si
1071 4412 1152 4469 debat
1170 4420 1261 4485 potest
1278 4414 1337 4473 GP=

210 4503 260 4544 ola.
283 4487 310 4541 V
408 4491 444 4545 32
460 4491 578 4560 gratiam
598 4492 665 4549 01²2
694 4495 784 4563 gratia
805 4494 832 4548 V
