2760 4814
217 340 380 410 Excerpta
398 358 433 395 ax
452 358 521 410 opp.
541 341 566 394 S.
587 343 770 411 Augustini
792 341 895 398 CCVII.
914 334 1048 398 cem
1126 344 1190 411 675

58 532 202 597 euadnnt
232 531 261 594 in
286 530 436 612 spiritalis
460 531 571 594 aetatis
595 530 742 595 affectum
772 533 821 596 uel
845 550 880 596 eo
904 532 1029 599 tendere
1052 552 1113 598 non
1135 533 1188 600 de—

59 638 180 700 sistunt
203 634 253 697 uel
276 635 344 697 ideo
366 651 426 697 non
451 633 580 707 faciunt,
604 635 758 715 quianon
781 641 920 717 possunt,
944 636 1027 702 siout
1042 656 1078 701 er
1100 640 1190 702 utero

59 738 174 802 Sarrae
196 736 284 801 Isaac
314 736 365 799 nel
389 737 544 801 Rebeccae
566 737 657 802 Iacob
688 740 719 801 in
749 755 862 803 nouam
892 739 994 804 uitam
1017 745 1050 805 et
1073 759 1188 806 nonum

60 842 289 905 testamentum
312 844 490 903 nascuntur.

38 1013 51 1053 5
105 979 216 1060 Itaque
245 980 310 1042 siue
340 980 425 1043 intus
458 979 574 1043 uersari
605 979 770 1044 uideantur
793 981 859 1044 siue
881 985 987 1061 aperte
1016 980 1090 1044 foris
1113 982 1187 1045 sint.

61 1083 144 1163 quod
168 1101 237 1146 caro
261 1085 315 1159 cst,
339 1100 409 1148 caro
433 1088 494 1165 est3
525 1086 590 1147 siue
613 1084 644 1147 in
668 1104 739 1148 area
762 1085 794 1148 in
817 1102 874 1149 sua
896 1085 1062 1150 sterilitate
1085 1104 1187 1166 perse·
1255 1147 1258 1153 .

62 1191 173 1250 nerent
202 1186 269 1248 siue
299 1187 458 1250 occasione
488 1187 682 1251 temtationis
712 1191 873 1269 tamqnam
897 1190 992 1252 uento
1016 1191 1103 1253 extra
1125 1187 1187 1252 tol·

60 1288 177 1366 lentur,
201 1288 281 1369 quod
305 1289 395 1369 palea
414 1290 470 1370 est,
494 1289 581 1371 palea
597 1294 653 1369 est,
678 1294 709 1354 et
732 1309 855 1372 semper
871 1290 909 1355 ab
925 1291 1011 1355 illius
1029 1291 1187 1370 ecclesiae,

62 1409 142 1473 quae
171 1393 236 1456 sine
258 1394 381 1456 macula
403 1396 434 1455 et
458 1412 534 1475 ruga
557 1394 614 1470 est,
637 1394 760 1458 unitate
791 1384 910 1458 diuisus
939 1397 987 1458 est
1018 1396 1112 1458 etiam
1135 1396 1186 1474 qui

22 1496 293 1577 „congregationi
323 1497 504 1559 sanctorum
535 1499 565 1560 in
589 1497 707 1562 carnali
730 1496 932 1563 obduratione
954 1500 1112 1562 miscetur.
1151 1498 1188 1562 de

62 1599 147 1663 nullo
182 1605 288 1663 tamen
318 1599 544 1680 desperandum
575 1605 632 1682 est,
666 1603 733 1664 siue
759 1601 813 1683 qui
847 1601 932 1665 intus
967 1602 1039 1666 talis
1062 1610 1189 1683 apparet

63 1704 128 1767 siue
157 1704 210 1784 qui
240 1703 313 1766 t'oris
345 1702 542 1766 manifestius
574 1703 768 1768 aduersatur.
806 1703 965 1787 spiritales
995 1707 1101 1769 autem
1122 1706 1188 1768 siue

64 1807 101 1870 ad
125 1807 183 1870 hoc
210 1807 311 1888 ipsum
335 1806 386 1886 pio
409 1807 512 1869 studio
536 1806 732 1888 proficientes
756 1827 816 1872 non
840 1810 915 1873 eunt
938 1808 1028 1881 foras,
1061 1810 1135 1889 quia
1156 1810 1188 1871 et

64 1928 131 1974 curn
155 1909 259 1991 aliqua
281 1910 332 1973 uel
356 1912 557 1991 peruersitate
580 1911 631 1974 uel
653 1913 835 1976 necessitate
858 1912 1020 1975 bominum
1043 1911 1190 1975 uidentur

10 2012 185 2096 inerpelli,
216 2013 260 2076 ibi
290 2013 390 2095 magis
413 2013 545 2094 probant
568 2032 663 2095 quam
686 2017 770 2078 intus
793 2017 1005 2095 permaneant,
1037 2031 1108 2077 cum
1133 2014 1188 2077 ad·

65 2136 168 2181 uersus
199 2116 360 2180 ecclesiam
391 2115 572 2180 nullatenus
603 2117 775 2198 eriguntur,
807 2120 858 2181 sed
882 2116 914 2180 in
937 2116 1036 2180 solida
1058 2117 1187 2179 unitatis

64 2226 150 2302 petra
183 2220 354 2284 fortissimo
388 2221 526 2283 caritatis
564 2221 671 2284 robore
705 2220 895 2284 radicantur.
941 2222 978 2283 ad
1013 2218 1071 2282 hoc
1104 2218 1187 2281 enim

65 2325 201 2405 pertinet
223 2324 304 2404 quod
327 2323 359 2386 in
382 2323 436 2387 illo
453 2322 598 2386 Abrabae
620 2323 772 2387 sacrificio
788 2322 918 2387 dicitur:
942 2339 1033 2386 aues
1058 2323 1187 2386 autem

66 2447 133 2494 non
157 2427 318 2492 diuisit.

162 2667 181 2720 9
199 2665 230 2719 cf.
250 2665 317 2735 Epir.
336 2668 360 2729 5,
380 2666 412 2719 27
517 2666 550 2718 18
571 2664 635 2719 Gen.
656 2665 695 2729 15,
715 2664 750 2718 10

111 2889 282 2945 lnadunto
384 2889 423 2957 in]
442 2903 508 2941 eras.
528 2887 556 2941 P
656 2886 789 2955 spiritales
807 2882 872 2938 AP¹
973 2885 1073 2936 aetatu
1091 2882 1119 2936 A

65 2993 204 3049 3saraeo
289 2990 420 3061 rebeccae]
439 2989 456 3043 b
475 3007 510 3044 aa
527 3007 545 3059 p
562 3006 633 3045 corr.
652 2990 680 3044 A
766 2988 921 3043 boineint.
940 2991 984 3052 (ue
1002 3003 1038 3040 ex
1055 2986 1087 3038 be
1105 2987 1188 3050 corr.)

65 3099 90 3154 P
184 3098 331 3152 uedeantnr
349 3097 376 3149 A
475 3094 540 3163 sint]
560 3098 658 3148 sonte
760 3090 943 3146 6sterelitate
961 3088 1025 3143 AP¹
1130 3103 1188 3154 per·

64 3210 163 3259 wueret
185 3202 257 3256 APo
364 3200 380 3253 7
403 3203 477 3253 extra
500 3197 642 3265 tollantur]
667 3201 740 3249 extra
763 3195 878 3249 tollatur
901 3193 956 3247 PV
982 3209 1004 3246 e.
1028 3190 1137 3244 tollitur
1160 3191 1187 3243 A

63 3309 248 3363 extollaturo
352 3303 385 3358 10
408 3286 555 3370 mistscetur
578 3303 601 3368 (s
615 3315 661 3368 pr.
679 3298 746 3365 pec,
775 3299 892 3352 atteram
909 3294 974 3352 odd.
991 3311 1025 3349 m.
1043 3296 1074 3359 2)
1096 3292 1123 3346 V

64 3412 92 3467 ll
112 3407 332 3479 dispernudunno
434 3373 503 3460 tales
521 3405 558 3458 Ρ1
664 3402 695 3457 15
716 3417 796 3471 quam
818 3398 953 3454 AG'PVz
979 3397 1043 3466 quia
1065 3395 1120 3450 G¹o

62 3516 235 3600 permaneapt
251 3512 279 3566 A
304 3516 459 3580 permanent
473 3509 528 3565 G'o
615 3507 647 3561 1⁷
666 3506 759 3560 rubore
776 3505 802 3558 A
890 3502 923 3556 18
941 3501 1075 3570 pertinent
1092 3499 1120 3553 A
