2760 4814
144 317 185 383 10
624 315 791 386 Eugippii

142 506 309 576 XXXIIII.
332 511 383 575 49.
413 510 501 590 Quod
536 508 716 593 recogitatio
751 508 801 573 dei
836 508 1059 574 mutandarum
1092 529 1162 576 reru

243 613 449 679 immutabilis
479 612 575 694 rati03
610 614 641 676 et
670 609 706 675 de
737 628 884 676 mensura
907 628 1006 689 arcae,
1036 615 1153 696 inqua

243 719 367 801 propter
378 714 537 782 Christum
549 732 660 798 corpus
671 713 872 796 probabiliter
888 713 1017 779 metitur
1033 715 1162 780 humani

243 820 463 886 bicameratam
476 836 512 882 ac
528 817 759 881 tricameratam
772 817 889 880 duobus
901 834 989 899 posse
1003 820 1101 883 modis
1116 819 1162 885 int

140 925 222 989 Item
245 924 282 990 de
303 924 407 1008 genesi
430 922 469 986 ad
492 921 632 985 litteram
655 920 794 1003 capitula
816 918 891 985 IIII.

139 1024 269 1094 XXXV.
291 1028 343 1093 50.
377 1027 423 1090 De
456 1026 614 1090 locutione
647 1023 802 1106 serpentis
836 1023 875 1087 ad
900 1025 998 1089 lluam
1032 1029 1064 1090 et
1093 1027 1162 1090 de:

241 1130 412 1196 talionibus
435 1130 621 1195 Marsorum.
648 1127 704 1192 XI.

139 1233 285 1299 XXXVI.
307 1233 359 1297 51.
384 1233 522 1313 Qualiter
537 1230 782 1313 intellegendum
798 1230 856 1294 ait:
881 1248 969 1295 ecce
991 1230 1112 1296 Adam
1135 1231 1163 1297 it

241 1341 304 1402 est
326 1340 525 1418 tamquam
548 1353 645 1399 unua
669 1353 710 1398 ex
732 1333 853 1398 nobis.
878 1334 933 1399 XI.

139 1440 300 1506 XXXVII.
324 1441 374 1504 52.
399 1437 557 1517 Quomodo
582 1439 684 1504 Adam
707 1456 769 1503 non
790 1438 833 1502 ait
855 1437 1011 1519 seductus,
1035 1440 1071 1503 ut
1094 1438 1163 1504 dicit

240 1544 349 1625 stolus,
372 1561 441 1607 cum
466 1543 550 1606 idem
573 1541 657 1606 dicat
680 1559 751 1605 eum
773 1541 1063 1623 praeuaricatorem.
1085 1539 1140 1605 XI.

138 1644 315 1712 XXXVIII,
339 1646 390 1710 53.
421 1648 466 1711 Da
495 1645 649 1711 creatione
678 1644 771 1726 primi
798 1644 934 1710 bominis
963 1649 994 1708 et
1023 1645 1060 1709 de
1088 1661 1161 1710 caus

239 1747 414 1814 rationibus
432 1748 484 1813 uel
510 1746 661 1830 quomodo
678 1748 821 1811 ditantur
836 1747 934 1813 additi
949 1748 1025 1812 anui
1040 1746 1099 1811 XV
1114 1749 1163 1811 En

238 1854 304 1936 regi
327 1852 366 1917 ad
389 1853 499 1931 ultam,
523 1870 614 1934 quem
637 1850 831 1932 praedixerat
853 1869 915 1916 non
937 1851 1105 1916 ulcturum.
1130 1850 1163 1915 V]

136 1955 332 2022 XXXVIIII.
367 1956 418 2020 54.
453 1956 499 2020 De
533 1953 625 2020 stella
659 1972 752 2036 quam
786 1955 870 2040 magi
901 1954 1001 2019 secuti
1031 1958 1113 2030 eunt,
1146 1953 1164 2020 t

240 2058 369 2137 famula,
394 2077 455 2124 non
479 2057 579 2124 fatali.
606 2057 650 2123 II.

136 2162 202 2228 XL.
225 2161 275 2228 55.
298 2163 345 2226 De
359 2161 532 2246 praeceptIe
549 2160 687 2245 agendae
702 2161 787 2226 uitae
803 2161 832 2226 et
849 2160 1025 2244 praeceptis
1040 2159 1164 2245 algnific

238 2266 333 2331 uitae.
355 2265 411 2331 VI.

135 2368 217 2434 XLI.
239 2368 292 2434 56.
317 2365 379 2433 Cur
401 2369 433 2433 iu
456 2368 644 2432 testamento
668 2368 774 2431 uetere
796 2366 925 2448 quidam
943 2367 1004 2431 cibi
1020 2368 1163 2432 carnium

237 2469 467 2552 prohibeantur.
492 2469 545 2534 VI.

134 2574 232 2639 XLII.
256 2573 308 2638 57.
328 2574 374 2638 De
396 2576 522 2657 azymis,
544 2573 737 2656 scenopegia
753 2574 804 2638 uel
820 2576 931 2638 ceteris
954 2575 1038 2640 etde
1053 2572 1164 2658 prohib

237 2677 335 2742 uestis
359 2677 538 2741 linostimae
560 2676 612 2740 uel
634 2675 794 2741 iunctione
818 2676 906 2741 bouis
929 2677 960 2741 et
983 2676 1071 2742 asim.
1095 2675 1148 2743 Vl

134 2778 250 2845 XLIII.
274 2779 326 2845 58.
360 2779 501 2860 Qualiter
534 2778 780 2863 intellegendum
816 2780 876 2846 sit:
914 2781 992 2845 etsi
1024 2798 1165 2846 nouere

236 2880 436 2948 Christum
460 2882 669 2948 secundum
690 2900 858 2962 carnem,
882 2885 948 2949 sed
971 2884 1165 2949 nunciam

236 2987 427 3051 nouimus.
451 2985 507 3050 XI.

133 3086 266 3155 XLIIII.
290 3090 342 3155 59.
364 3088 411 3154 De
434 3108 485 3154 ser
508 3087 617 3154 dlebus
641 3089 802 3172 ingenuei
824 3092 855 3154 et
877 3108 931 3154 aex
964 3090 1121 3155 aetatibus
1149 3106 1165 3154 u

235 3189 365 3273 coniuge
388 3188 470 3253 facta
492 3208 529 3253 eu
551 3190 612 3255 uiri
633 3189 731 3255 latere
753 3190 943 3256 dormientia.
967 3189 1039 3256 XII.

132 3292 228 3357 XLV.
251 3293 302 3358 60.
331 3292 419 3373 Quod
452 3289 528 3358 Cain
556 3296 588 3357 et
611 3293 691 3358 Abel
720 3296 797 3359 duos
827 3294 956 3377 populos
990 3294 1166 3378 figurarem

236 3397 301 3478 qui
323 3395 519 3460 occiderit
541 3393 634 3461 Catu
656 3400 806 3483 septem
837 3397 1040 3463 niudictae
1069 3375 1166 3462 eusci

233 3497 285 3563 uel
308 3499 345 3563 de
368 3501 457 3582 slgno
480 3502 560 3582 quod
583 3499 687 3583 posuit
710 3501 784 3566 deus
806 3501 840 3565 in
862 3498 949 3566 Cain.
974 3501 1048 3567 XII.

132 3597 243 3667 XLVI.
267 3601 317 3666 61.
349 3602 436 3683 Quod
469 3602 601 3669 diuereIe
636 3604 734 3669 medie
774 3604 872 3686 poenit
905 3604 1064 3688 intellegi:
1094 3602 1166 3667 air

234 3702 400 3784 ciserae,
425 3709 531 3770 reate
553 3711 683 3771 autam
708 3725 780 3771 non
803 3703 975 3783 diuidua,
998 3708 1161 3792 peccaet

233 3856 333 3911 8Gen.
352 3858 376 3920 3,
395 3857 429 3911 22
540 3858 827 3928 camoranam.
943 3860 978 3914 29
995 3859 1062 3919 Gan.
1079 3860 1105 3924 4,
1125 3861 1157 3917 15

130 3942 162 3998 31
181 3941 247 3996 Gau.
266 3942 325 4004 4,7

144 4148 146 4150 p
181 4077 306 4134 blittera
328 4078 355 4133 V
454 4080 691 4150 dloquutioneV
791 4082 824 4137 15
842 4083 998 4154 sequutiV
1034 4042 1039 4062 ι
1094 4086 1176 4153 ron

129 4178 164 4222 ex
180 4165 250 4221 ltbrc
268 4171 364 4221 cceatra
376 4164 514 4221 Famem
526 4166 567 4220 Π.
655 4167 689 4222 21
707 4168 866 4238 scenologiie
889 4171 917 4226 V
997 4171 1031 4228 29
1051 4175 1152 4238 occido

1169 4180 1178 4213 ³.

1173 4222 1180 4247 r

128 4256 163 4312 32
181 4253 256 4308 uidae
281 4252 308 4306 V
1169 4242 1182 4297 t

1181 4413 1190 4507 l
