2760 4814
356 328 520 397 Excerpta
537 343 572 382 ex
590 342 659 396 opp.
679 327 705 381 S.
722 327 909 398 Augustini
931 326 1028 383 COCV.
1191 330 1253 396 981

132 504 230 584 etiam
252 517 401 584 simulare
423 520 536 584 bonum
559 516 681 597 libebit,
703 518 730 583 si
753 535 814 582 non
828 517 1010 602 attenditur,
1033 519 1095 583 nisi
1110 519 1147 583 ut
1162 518 1254 584 homo

134 623 255 687 laudet:
290 622 343 704 qui
373 620 519 704 quoniam
553 621 659 686 uidere
693 639 746 686 oor
782 639 843 686 non
872 623 990 706 potest,
1025 625 1130 705 potest
1157 623 1254 687 etiam

132 724 215 791 falsa
237 724 373 790 laudare.
406 724 486 807 quod
503 724 556 807 qui
571 724 699 802 iaciunt,
723 725 757 790 id
772 729 820 790 est
835 725 889 807 qni
903 724 1078 791 bonitatem
1093 725 1253 801 simulant,

132 827 251 910 duplici
274 829 364 892 eorde
380 828 464 892 sunt.
481 845 541 892 non
557 846 629 910 ergo
648 828 744 892 habet
759 828 892 909 simplex
907 846 968 907 oor,
992 829 1023 893 id
1039 832 1087 893 est
1102 829 1253 895 mundum

106 948 194 1009 soor,
231 931 292 995 nisi
329 931 383 1013 qui
420 932 611 996 transcendit
647 932 800 996 humanas
838 931 948 996 laudes
979 936 1011 998 et
1039 932 1132 996 illum
1153 933 1254 998 solum

132 1034 284 1111 intuetur,
308 1051 380 1098 oum
401 1035 486 1099 reete
507 1033 596 1112 uiuit,
621 1037 653 1098 et
675 1033 704 1098 ei
719 1034 838 1116 plaeere
853 1034 966 1100 nititur
980 1034 1033 1117 qui
1049 1034 1255 1101 eonscientiae

131 1137 218 1202 solus
239 1139 393 1219 inspector
423 1140 478 1203 est.
516 1139 553 1202 de
583 1135 671 1202 ouius
698 1136 906 1202 oonsoientiae
934 1137 1072 1219 puritate
1102 1137 1255 1219 quidquid

133 1239 281 1323 procedit,
305 1241 392 1304 tanto
417 1243 465 1304 est
487 1239 684 1315 laudabilius,
707 1242 824 1322 quanto
848 1239 1000 1305 humanas
1021 1240 1129 1306 laudes
1151 1241 1255 1305 minus

133 1343 302 1409 desiderat.

93 1492 121 1533 10
177 1463 325 1529 Cauete
363 1480 466 1547 ergo,
510 1463 629 1545 inquit,
668 1463 801 1528 faeere
836 1462 1042 1528 iustitiam
1081 1464 1256 1529 uestram

132 1584 260 1632 eoram
282 1565 523 1650 hominibus,
544 1571 588 1632 ιι
610 1566 832 1633 uideamini
856 1568 900 1632 ab
922 1568 986 1646 eis,
1009 1566 1120 1633 idest:
1144 1568 1253 1632 cauete

133 1669 192 1735 hoo
215 1671 317 1735 animo
339 1670 421 1735 iuste
442 1669 548 1734 uiuere
575 1673 607 1734 et
629 1668 673 1736 ibi
695 1671 884 1735 constituere
905 1670 1020 1736 bonum
1043 1674 1194 1748 uestrum,
1217 1675 1254 1736 ut

130 1789 188 1837 uos
202 1772 330 1837 uideant
351 1772 503 1838 homines.
536 1771 718 1854 alioquin
748 1774 967 1838 mercedem
995 1789 1067 1837 non
1090 1772 1256 1839 habetis

132 1878 233 1958 apud
255 1879 405 1958 patrem
435 1878 629 1955 nestrum,
659 1877 724 1957 qui
753 1876 792 1940 in
816 1875 941 1940 onelis
972 1880 1046 1939 est:
1076 1892 1138 1939 non
1167 1875 1194 1939 si
1217 1876 1258 1941 ab

94 1978 312 2045 1ehominibns
341 1978 522 2060 rideamini,
560 1982 612 2045 sed
644 1979 671 2042 si
704 1981 867 2061 propterea
888 1979 971 2045 iuste
997 1979 1130 2057 uiuatis,
1152 1982 1189 2043 ut
1217 1978 1257 2043 ab

127 2081 312 2146 'hominibus
335 2081 515 2148 rideamini.
539 2100 613 2146 nam
635 2082 690 2147 ubi
712 2084 774 2148 erit
796 2085 876 2164 quod
892 2084 923 2146 in
938 2080 1091 2164 principio
1106 2084 1256 2147 sermonis

132 2185 226 2249 huius
250 2185 453 2249 dictumest:
488 2203 557 2250 uos
580 2187 681 2251 estis
703 2186 832 2251 lumen
854 2184 997 2251 mundi.
1027 2202 1100 2249 non
1122 2184 1257 2266 potest

133 2287 290 2353 ciuitas
313 2287 498 2353 abscondi
525 2307 641 2370 super
668 2292 836 2353 montem
865 2287 1108 2364 constitute,
1134 2305 1256 2369 neque

132 2390 355 2455 aooendunt
382 2391 582 2455 lucernam
604 2393 641 2455 et
663 2393 811 2473 ponunt
833 2409 914 2456 eam
937 2390 1004 2456 snb
1027 2388 1168 2468 modio,
1191 2388 1257 2455 sed

95 2510 250 2576 eosuper
272 2492 561 2571 candelabrum,
580 2497 620 2559 ut
639 2493 771 2558 luoeat
790 2492 987 2570 omnibus,
1010 2494 1075 2577 qui
1092 2493 1130 2556 iu
1147 2492 1257 2558 domo

132 2597 233 2659 sunt.
269 2597 331 2661 sio
353 2596 486 2662 luoeat
507 2598 639 2663 lumen
661 2601 841 2663 uestrum
869 2616 996 2663 eoram
1018 2597 1257 2679 hominibus,

132 2702 176 2763 ut
197 2698 362 2765 uideant
383 2701 482 2765 bona
511 2702 622 2767 faeta
650 2702 806 2766 uestra?
836 2701 890 2766 sed
912 2719 976 2766 non
997 2699 1041 2766 ibi
1063 2698 1158 2764 finem
1183 2717 1257 2765 oon·

132 2802 250 2867 stituit.
279 2802 399 2868 addidit
421 2803 533 2869 etiam:
563 2808 601 2869 et
622 2803 862 2887 gloriiioent
886 2805 1039 2886 patrem
1069 2805 1256 2883 uestrum,

132 2906 258 2986 quiin
282 2907 405 2971 caelis
428 2909 497 2971 est.
535 2907 586 2972 hio
609 2911 724 2985 autem,
748 2907 821 2989 qnia
842 2906 901 2972 hoo
922 2905 1128 2988 reprehendit,
1161 2904 1258 2970 aiibi

97 3008 177 3081 assit
199 3008 269 3074 finis
291 3014 376 3075 reete
398 3010 562 3087 foetorum,
592 3010 624 3075 id
646 3011 694 3076 est
716 3011 744 3074 si
765 3011 927 3094 propterea
949 3012 1032 3074 reete
1055 3006 1197 3088 facimus,
1220 3012 1258 3073 ιι

133 3112 259 3178 tantum
292 3112 455 3179 uideamur
477 3115 516 3180 ab
538 3113 725 3196 hominibus,
759 3113 959 3195 posteaquam
990 3111 1083 3177 dixit:
1119 3110 1258 3176 ennete

134 3214 266 3280 faeere
308 3217 509 3281 iustitiam
551 3218 726 3282 uestram
762 3234 890 3281 eoram
932 3212 1178 3293 homiuibus,
1215 3220 1258 3279 nt

133 3318 349 3385 uideamini
376 3321 421 3385 ab
450 3321 518 3396 eis,
547 3319 626 3385 nihil
656 3319 788 3384 addidit.
820 3319 852 3383 in
883 3334 942 3399 quo
965 3319 1093 3399 apparet
1115 3334 1177 3381 nou
1201 3315 1259 3380 hoo

133 3441 207 3489 eum
229 3422 436 3505 prohibuisse,
460 3426 497 3489 ιι
518 3426 602 3489 reete
623 3424 679 3488 fiat
702 3440 806 3487 eoram
828 3419 1018 3505 hominibus,
1049 3419 1103 3484 sed
1126 3437 1166 3483 ne
1188 3419 1258 3483 ideo

237 3636 271 3691 10
289 3638 327 3703 (et
343 3636 388 3701 26)
406 3635 503 3692 Matih.
522 3636 546 3702 6,
565 3638 579 3690 1
684 3635 716 3690 lt
734 3633 831 3689 Mettis
849 3635 874 3701 5,
894 3632 995 3687 14-16

185 3831 374 3887 lattendatnr
393 3832 448 3888 GP
549 3835 581 3885 ιι
602 3831 636 3885 V:
667 3847 718 3886 ons
737 3831 764 3884 P
864 3827 1146 3899 amputatione:
1176 3827 1260 3881 etiam

133 3920 194 3986 (oea
211 3920 313 3988 potest)
342 3918 370 3974 P
472 3918 489 3972 8
516 3919 617 3986 quanto
646 3916 714 3972 GP:
749 3918 881 3985 quantum
911 3915 937 3969 V
1036 3914 1070 3968 12
1096 3913 1262 3969 constituere

134 4004 214 4059 P‘V:
241 4005 448 4059 eonstitneretur
465 4004 503 4059 Ρ·
590 4004 622 4058 13
640 4002 743 4057 habetis
762 4001 797 4056 V:
823 4000 957 4056 habebitis
977 4000 1032 4056 GP
1120 3998 1155 4053 ιι)
1172 3999 1260 4053 luceat

136 4090 202 4146 GP:
233 4091 339 4145 lnoeant
361 4091 388 4146 V
487 4089 521 4144 23
544 4091 625 4143 etiem
641 4089 677 4143 V:
707 4088 779 4142 enim
804 4087 860 4143 GP
957 4087 992 4141 ιι
1015 4086 1039 4139 si
1061 4085 1100 4140 ibi
1118 4087 1155 4139 sit
1178 4082 1260 4139 P¹V2

135 4177 158 4231 ιι
175 4177 227 4233 sibi
245 4177 297 4246 ipsi
314 4177 351 4231 sit
374 4176 438 4232 ΟΡ*
540 4176 574 4232 25
597 4175 712 4230 iacimus
734 4173 812 4229 P‘V:
841 4174 972 4229 fsoiumns
994 4172 1056 4227 θΡ1
1157 4171 1192 4225 28
1214 4170 1261 4225 ιι-

135 4264 206 4319 didit
226 4264 263 4320 V:
292 4264 368 4319 addit
384 4265 413 4320 P
