2760 4814
313 326 481 397 Excerpta
498 342 534 382 ex
551 343 619 398 opp.
641 328 667 383 S.
686 328 875 399 Augustini
898 330 1048 388 OGCXXX.
1127 342 1132 351 '
1164 332 1249 401 1049

112 518 166 585 dei
197 519 290 596 serui,
321 519 445 601 quando
466 537 517 585 eos
541 519 598 585 hoc
620 520 735 584 donum
757 520 872 586 habere
893 521 973 587 utile
994 526 1052 604 est,
1075 524 1245 590 secundum

112 621 275 705 publicam
297 622 329 687 01
351 623 486 704 quodam
508 623 600 687 modo
623 622 816 707 imperialem
838 623 951 707 legem,
974 625 1032 690 hoc
1058 628 1106 691 est
1131 630 1245 692 summi

112 726 165 791 dei
203 726 401 807 potestatem,
438 725 596 806 imperent
632 724 748 789 infimis
779 724 987 808 potestatibus
1022 726 1061 791 ad
1094 732 1247 810 quaedam

112 828 255 894 uisibilia
284 826 425 893 facienda
451 828 613 893 miracula.
649 826 770 893 inillis
799 830 882 894 enim
912 830 988 895 dens
1012 830 1079 912 ipse
1101 831 1245 914 imperat,

87 932 212 997 senius·
226 932 380 1013 templum
403 934 477 996 sunt
501 932 532 996 01
554 950 648 1013 quem
672 936 832 997 contemta
854 952 912 998 sua
936 932 1061 1015 priuata
1090 936 1246 1016 potestate

112 1035 334 1101 ardentissime
362 1034 518 1117 diligunt:
557 1035 590 1098 in
619 1034 747 1117 magicis
774 1035 881 1100 autem
917 1035 1175 1119 imperationibus
1204 1037 1242 1102 ad

111 1139 303 1205 inlecebram
335 1138 535 1220 deceptionis,
570 1141 607 1202 ut
639 1138 701 1203 sibi
736 1138 904 1221 subiugent
935 1158 986 1205 eos
1020 1140 1133 1222 quibus
1166 1140 1246 1206 talia

112 1242 296 1318 concedunt,
330 1242 491 1325 praestant
525 1240 670 1306 effectum
705 1242 849 1325 precibus
876 1247 908 1308 et
936 1243 1096 1327 mysteriis
1126 1261 1244 1321 eorum,

112 1348 237 1428 priuato
260 1345 317 1409 illo
339 1344 406 1410 iure
429 1344 599 1427 largientes
622 1346 706 1427 quod
721 1346 782 1410 sibi
800 1345 876 1411 licet
898 1346 1008 1428 largiri
1023 1346 1245 1413 honorantibus

87 1470 146 1515 ose
169 1448 293 1531 sibique
315 1448 524 1513 seruientibus
548 1449 580 1511 et
603 1448 757 1529 quaedam
779 1466 884 1513 secum
907 1450 940 1513 in
956 1451 1157 1516 sacramentis
1178 1451 1256 1515 suis'

111 1559 207 1637 pacta
239 1551 445 1617 sernentibus.
489 1556 520 1616 01
548 1552 671 1633 quando
701 1552 846 1617 uidentur
869 1553 1039 1633 impetrare
1063 1554 1159 1637 magi,
1188 1573 1244 1637 por

110 1656 333 1721 sublimiorum
361 1654 489 1720 nomina
517 1654 679 1719 inferiores
709 1659 828 1721 terrent
858 1662 888 1720 et
918 1657 1069 1721 nonnulla
1092 1657 1242 1737 uisibilia,

111 1779 191 1843 quae
219 1759 344 1840 propter
373 1759 595 1823 infirmitatem
626 1759 729 1824 carnis
757 1779 871 1842 magna
894 1760 1042 1825 uidentur
1064 1760 1245 1825 hominibus

111 1884 173 1930 non
201 1864 382 1929 ualentibus
411 1868 537 1929 aeterna
568 1865 720 1939 contueri,
744 1882 823 1946 quae
846 1883 901 1944 per
924 1884 956 1927 se
980 1866 1081 1946 ipsum
1104 1866 1244 1945 praestat

89 1966 317 2034 :dilectoribus
340 1967 406 2031 suis
429 1986 520 2032 uerus
544 1967 630 2044 deus,
654 1967 842 2031 mirantibus
859 1968 1014 2033 exhibent.
1047 1968 1122 2031 baec
1137 1968 1245 2031 autem

110 2070 270 2154 permittit
293 2070 368 2135 dens
390 2071 473 2135 iuste
497 2069 602 2135 omnia
625 2071 799 2148 moderans,
823 2075 858 2135 01
881 2088 936 2152 pro
959 2069 1187 2151 cupiditatibus
1211 2069 1244 2133 et

109 2171 314 2240 electionibus
341 2174 509 2239 seruitutes
537 2192 643 2238 eorum
672 2174 895 2255 libertatesque
925 2174 1105 2239 distribuat.
1153 2174 1185 2237 et
1214 2172 1243 2237 si

110 2277 235 2362 quando
263 2277 458 2341 inuocatione
485 2277 602 2341 summi
626 2277 675 2342 dei
697 2276 817 2359 aliquid
840 2296 894 2359 pro
917 2277 982 2341 suis
1005 2275 1096 2340 malis
1119 2276 1245 2359 cupidi·

110 2380 233 2446 tatibus
265 2379 444 2461 impetrant,
479 2380 617 2443 uindicta
650 2382 699 2443 est
725 2379 792 2458 illa,
822 2398 885 2444 non
914 2380 1026 2462 gratia.
1067 2398 1127 2443 non
1157 2379 1244 2443 enim

87 2485 230 2551 sinistra
251 2483 327 2547 dicit
342 2482 516 2565 apostolus:
541 2483 717 2547 tradidit
738 2484 837 2546 illos
860 2483 953 2546 deus
977 2483 1014 2546 in
1038 2482 1243 2547 desideria

110 2588 242 2655 cerdis
278 2586 450 2650 illorum.
489 2587 685 2667 quorundam
716 2585 801 2650 enim
831 2587 1027 2667 peccatorum
1060 2588 1243 2668 perpetran-

111 2692 224 2758 dorum
247 2688 384 2754 facilitas
407 2707 505 2770 poena
527 2691 575 2753 est
598 2689 732 2754 aliorum
751 2688 1014 2769 praecedentium.

155 2810 245 2891 Quod
259 2813 365 2875 autem
380 2811 524 2875 dominus
540 2811 633 2876 dicit:
652 2830 725 2875 non
744 2814 877 2893 potest
895 2812 1056 2876 satanas
1075 2811 1242 2874 satanan

111 2915 337 2989 excludere,
372 2931 410 2977 ne
445 2914 525 2978 l'orte
552 2917 715 2997 0010000οι
744 2917 833 2978 01000
862 2912 1037 2978 nominibus
1068 2911 1244 2993 aliquarum

87 3020 293 3087 :infimarum
326 3017 530 3098 potestatum,
570 3035 642 3081 cum
680 3016 879 3082 daemonium
917 3015 1090 3090 excluserit,
1127 3013 1243 3079 falsam

111 3124 203 3207 putet
226 3137 292 3185 esse
313 3118 409 3183 istam
432 3119 550 3183 domini
574 3119 779 3197 sententiam,
801 3120 840 3184 ad
857 3119 915 3182 hoc
931 3117 1097 3199 intellegat
1112 3118 1243 3197 dictum,

111 3225 188 3308 quia
215 3224 276 3290 hoc
304 3226 394 3287 modo
424 3226 547 3287 satanas
578 3222 675 3287 etiam
705 3223 825 3304 corpori
854 3225 909 3286 aut
937 3222 1073 3302 corporis
1100 3220 1243 3285 sensibus

110 3327 222 3410 parcit,
251 3329 287 3389 01
315 3327 377 3409 ipsi
403 3326 539 3391 hominis
570 3325 729 3391 uoluntati
753 3345 807 3408 per
831 3323 1002 3407 impietatis
1025 3341 1161 3389 errorem
1185 3324 1246 3389 tri·

110 3429 230 3513 umpho
252 3430 369 3495 maiore
391 3429 580 3494 dominetur.
617 3430 676 3494 hoo
697 3433 806 3495 autern
828 3427 921 3493 modo
939 3446 1002 3492 non
1025 3428 1088 3492 erit
1104 3431 1245 3504 satanas,

87 3534 167 3599 :sed
189 3533 295 3616 potius
317 3535 350 3599 in
367 3534 478 3599 intima
497 3532 684 3617 ingreditur,
707 3534 743 3597 ut
761 3535 794 3598 in
809 3550 845 3596 eo
860 3534 906 3597 sic
923 3534 1077 3615 operetur,
1094 3530 1245 3612 quemad·

215 3716 250 3771 20
267 3716 343 3770 Rom.
364 3719 387 3779 1,
406 3717 440 3771 24
543 3716 577 3770 23
596 3717 678 3771 liare.
696 3717 721 3781 3,
740 3716 774 3770 23

163 3889 332 3957 dimperent
342 3889 377 3955 (1)
397 3889 433 3942 Μ
437 3908 444 3939 z
474 3888 619 3956 impetrent
641 3888 667 3941 V
770 3887 1030 3956 (iimperationibns
1053 3888 1088 3942 V:
1119 3888 1245 3957 impetra-

109 3976 234 4033 tionibus
244 3977 279 4043 (1)
292 3975 329 4029 M
353 3974 590 4043 imprecationibus
602 3991 620 4028 c
710 3976 727 4028 8
739 3975 872 4043 mysteriis
886 3974 960 4028 MV:
987 3973 1146 4027 ministeriis
1158 3990 1176 4027 u

110 4068 142 4121 ll
164 4065 307 4160 impetrqre
325 4060 400 4114 MV:
430 4061 559 4129 imperare
577 4076 595 4112 c
699 4062 731 4113 15
750 4058 874 4113 exhibent
890 4076 922 4113 c:
953 4058 1096 4113 exhibeant
1114 4060 1179 4113 MV

107 4168 146 4223 20
163 4166 276 4222 desideri
295 4167 333 4221 M
415 4166 449 4220 26
467 4170 545 4234 putet
562 4182 592 4219 a:
620 4169 698 4235 putat
717 4166 781 4219 MV
864 4164 999 4219 21011οι0
1016 4164 1093 4220 MV:
1120 4163 1245 4217 etiamsi

105 4272 125 4311 a
223 4253 354 4322 ‘reparcis
368 4251 403 4307 M
410 4252 444 4305 V:
463 4252 555 4320 parcit,
569 4250 627 4306 ideo
640 4253 727 4320 parcit
739 4268 757 4303 a
835 4265 951 4304 errorem
963 4266 994 4304 a:
1013 4266 1099 4305 errore
1112 4250 1178 4303 MV
