2760 4814
199 250 263 315 616
680 249 842 319 Eusinrii

199 437 238 501 ad
272 435 418 520 primum.
456 440 595 521 quisquis
629 442 735 504 autem
769 457 836 504 esse
869 439 994 522 aliquod
1027 458 1125 523 genus
1159 443 1328 524 mendacii,

197 539 280 621 quod
302 544 466 623 peccatum
489 560 550 606 non
572 541 625 621 sit,
646 543 816 624 putauerit,
841 543 974 624 decipiet
997 561 1029 607 se
1050 544 1155 628 ipsum
1177 547 1328 632 turpiter,

198 661 269 707 cnm
293 642 458 708 honestum
481 662 514 709 se
537 647 731 729 deceptorem
755 647 927 712 arbitratur
950 644 1093 714 allorum.

655 953 868 1038 CLXXXII.

236 1143 282 1190 EX
304 1143 408 1191 LIBRO
430 1144 565 1192 CONTRA
587 1143 794 1193 MENDAOIVM
816 1145 864 1193 ΔΙ)
887 1145 1115 1193 CONSENTIVII.
1150 1144 1290 1194 coram
1349 1151 1363 1192 ⁵

197 1246 260 1296 Eos
292 1247 353 1307 QVI
384 1247 432 1294 An
464 1248 696 1296 murmuravit
725 1249 839 1296 VELV'I'
872 1248 1150 1296 Pnassocmamn
1183 1248 1252 1297 SIBI
1282 1250 1328 1297 DE

452 1350 646 1399 scmrrvms
669 1352 831 1399 EXEIIPLA
853 1351 1068 1399 PROPONVN'I'.

125 1494 190 1560 200
242 1490 437 1574 Quapropter
470 1493 590 1572 quando
626 1491 714 1556 nobie
744 1490 781 1555 de
811 1490 973 1571 scripturis
1003 1491 1120 1555 sanctis
1155 1490 1326 1555 mentiendi

198 1595 357 1677 ponuntur
373 1593 522 1677 exempla,
544 1598 599 1658 aut
623 1592 784 1658 mendacia
807 1612 868 1658 non
890 1597 975 1669 sunt,
999 1593 1051 1657 sed
1074 1595 1227 1674 putantur
1250 1612 1324 1670 esse,

198 1700 273 1761 dum
295 1714 356 1760 non
378 1695 623 1778 intelleguntur,
652 1700 716 1775 aut,
740 1699 768 1761 ei
790 1697 951 1762 mendacia
973 1703 1062 1779 sunt,
1084 1695 1242 1761 imitanda
1264 1714 1356 1760 none

198 1804 283 1882 sunt,
317 1801 390 1882 quia
422 1800 507 1865 iusta
537 1819 602 1866 esse
636 1819 697 1865 non
730 1807 870 1883 possunt.
910 1800 963 1864 sed
994 1801 1074 1882 quod
1097 1800 1250 1880 scriptum
1279 1808 1325 1863 est

200 1903 276 1967 bene
309 1904 400 1968 deum
435 1904 544 1968 fecIsse
573 1924 643 1970 cum
675 1904 815 1970 hebraeis
846 1904 1066 1969 obstetricibus
1089 1908 1121 1967 et
1145 1922 1217 1968 cum
1240 1903 1325 1969 Raab

200 2006 420 2072 Hiericuntina
452 2007 623 2092 meretrice,
659 2025 719 2072 non
753 2008 821 2073 ideo
855 2008 973 2072 factum
997 2009 1055 2082 est,
1078 2006 1152 2088 quia
1174 2005 1325 2071 mentitae

199 2115 282 2192 sunt,
311 2108 364 2174 sed
388 2111 460 2193 quia
482 2110 515 2175 in
537 2111 677 2176 homines
701 2111 752 2176 dei
775 2112 990 2177 misericordes
1019 2111 1155 2175 fuerunt.
1194 2109 1325 2174 nonest

199 2213 307 2297 itaque
329 2213 363 2278 in
385 2216 429 2279 eie
452 2218 649 2280 remunerata
671 2214 807 2292 fallacia,
831 2215 885 2279 sed
907 2212 1128 2289 beniuolentia,
1152 2212 1325 2292 benignitas
1335 2222 1374 2272 ιε

199 2318 327 2395 mentis,
350 2336 411 2382 non
427 2317 574 2400 iniquitas
590 2318 778 2383 mentientis.
811 2317 993 2383 sicutenim
1010 2315 1125 2380 mirum
1141 2316 1325 2380 absurdum·

199 2440 260 2503 que
282 2438 343 2485 non
373 2424 463 2501 esset,
494 2419 521 2483 si
551 2421 612 2485 alio
641 2422 728 2503 prius
757 2425 896 2503 ternpore
918 2420 1084 2484 commissa
1106 2416 1145 2483 ab
1169 2418 1214 2482 eis
1236 2434 1326 2499 opera

201 2524 285 2589 mala
306 2523 380 2589 deus
403 2527 526 2607 propter
549 2525 719 2606 posteriora
740 2543 832 2607 opera
855 2526 936 2589 bona
957 2523 1054 2587 uellet
1085 2523 1252 2606 ignoscere,
1284 2522 1328 2584 ita

200 2625 377 2691 mirandum
411 2646 472 2691 non
505 2628 561 2703 est,
596 2627 678 2708 qnod
711 2645 772 2691 uno
805 2629 943 2708 tempore
975 2626 1007 2690 in
1038 2643 1100 2689 una
1127 2642 1222 2689 cauea
1250 2626 1326 2689 deus

201 2732 367 2812 utrumque
396 2731 598 2813 conspiciens,
627 2730 731 2795 idest
757 2730 873 2795 sactum
896 2728 1124 2795 misericordiae
1147 2726 1374 2808 factumque!

201 2832 366 2912 fallaciter,
397 2838 428 2898 et
449 2833 566 2899 bonum
588 2832 799 2898 remunerabit
822 2838 853 2896 et
875 2836 1000 2914 propter
1029 2831 1086 2896 hoc
1109 2830 1224 2895 bonnm
1248 2829 1328 2895 illud

202 2938 322 3002 malum
343 2938 478 3020 ignorit.
515 2939 542 3002 si
564 2939 648 3002 enim
670 2942 805 3021 peccata,
838 2956 916 3019 quae
939 2938 1065 3020 propter
1088 2935 1189 2999 carnis
1212 2950 1326 2998 eoncu-

305 3124 337 3179 11
356 3124 388 3179 cf.
407 3122 453 3177 Er.
472 3125 495 3188 1,
516 3124 548 3177 17
558 3137 615 3192 sqq.
720 3122 752 3177 12
769 3121 804 3176 of.
822 3123 875 3177 Ios.
894 3122 918 3188 2,
939 3125 951 3176 1
971 3125 999 3176 et
1016 3121 1041 3185 6,
1058 3121 1140 3189 adeo.

254 3311 321 3367 lad
340 3310 368 3375 (d
385 3326 419 3365 erc
436 3313 449 3363 t
466 3311 548 3376 corr.)
568 3308 596 3364 P
696 3291 795 3378 quiem
811 3308 883 3378 (quis
900 3308 966 3362 odd.
984 3311 1061 3377 ow)
1079 3308 1107 3364 Ρ
1208 3307 1328 3378 ailquod]

201 3397 304 3467 aliquid
322 3396 358 3451 Ρι
384 3395 429 3450 sed
442 3396 465 3449 si
478 3394 586 3463 aliquod
604 3412 621 3450 o
706 3394 723 3448 3
740 3393 921 3463 decepteorem
939 3395 960 3461 (i
977 3411 1041 3462 ras„
1058 3411 1073 3448 r
1088 3410 1123 3448 ca
1135 3409 1152 3447 n
1165 3408 1238 3448 corr.
1250 3411 1285 3448 m.
1299 3396 1330 3461 2)

203 3486 230 3538 P
309 3484 412 3538 trram.
425 3498 485 3552 cop.
498 3498 546 3536 om.
563 3481 632 3537 GPo
711 3480 1082 3546 seonsenti.um(nras.)1³
1145 3482 1332 3535 contraeos-

201 3571 352 3638 proponnnt
364 3567 446 3623 GPo:
464 3567 511 3620 ubi
520 3566 707 3634 multiplieiter
716 3564 837 3635 diputat
845 3581 892 3635 pro
902 3566 973 3619 ueris
982 3564 1228 3635 significationibus
1237 3572 1332 3621 contra

202 3654 370 3709 mendacium
381 3652 503 3719 MV3cf.
512 3653 664 3720 p.604,15
740 3651 856 3721 buelut]
871 3651 913 3704 nel
928 3651 965 3705 G¹
1043 3649 1263 3719 patrocinandao

203 3758 233 3813 11
253 3756 299 3810 see
318 3757 398 3826 quoe]
418 3755 456 3809 12²
473 3755 506 3809 on
522 3771 576 3810 rae.
681 3754 714 3807 ra
737 3754 822 3807 elren
841 3754 869 3809 P
971 3754 1006 3824 et]
1026 3771 1077 3809 om.
1095 3753 1132 3808 P*
1237 3726 1287 3808 ria
1305 3760 1334 3821 (ι

201 3842 356 3914 oddone)
373 3840 401 3896 P
495 3842 526 3895 13
545 3841 774 3895 bleriohontinao
869 3840 901 3894 ll
919 3840 1096 3896 esretPV¹o2
1119 3837 1220 3893 estsed
1238 3840 1273 3894 V²
1290 3844 1334 3895 est

202 3931 239 3985 M
331 3915 462 3983 commi?
480 3932 520 3991 (sa
537 3928 600 3982 add.
619 3932 693 3997 Μ)
712 3927 739 3982 Ρ
832 3927 864 3981 18
881 3927 956 3997 deus]
975 3944 1024 3981 cora
1043 3926 1080 3981 P¹
1172 3926 1333 3996 posteriora]

202 4033 254 4074 om.
272 4033 300 4080 υς
328 4015 362 4068 ab
384 4014 433 4068 boc
456 4013 540 4068 aerbo
562 4014 661 4083 iacipit
681 4014 729 4080 sol.
748 4016 795 4068 25*
812 4016 839 4067 Δ
940 4013 976 4066 ‘20
1002 4010 1154 4082 utrumque]
1183 4013 1334 4081 utcumque

203 4102 230 4158 P
343 4099 539 4155 misericordiae
567 4099 601 4153 V:
632 4099 839 4154 misericorditer
867 4099 937 4154 APo
1050 4098 1082 4151 21
1110 4101 1138 4150 et
1165 4098 1276 4169 bonum]
1305 4102 1336 4153 et

203 4190 330 4244 bonorum
349 4187 386 4241 P‘
