2760 4814
198 332 367 404 Ercarpta
385 350 422 390 ex
439 350 510 405 opp.
528 334 555 392 S.
573 335 763 405 Augustini
783 333 915 393 cccxn.
933 336 1078 394 cccxm.
1125 337 1209 408 1005

67 521 225 607 propitius
252 523 390 607 capitur:
425 523 549 607 capitur
577 526 683 589 autom
713 523 862 591 habitans
890 526 930 591 ab
959 525 1030 593 aliis
1059 527 1208 615 amplius,

68 625 109 691 ab
131 624 204 691 aliis
227 626 341 691 minus.

112 728 160 795 Do
189 727 257 811 ipso
285 748 361 795 uere
390 729 495 812 capite
525 729 632 795 nostro
661 732 818 814 apostolus
842 731 904 798 ait:
934 733 1028 815 quia
1055 734 1208 819 inipso

68 831 228 899 habitat
257 834 388 899 omuis
411 834 625 918 plenitudo
657 834 898 901 diuinitatis
926 836 1205 922 corporaliter.

23 962 32 977 ··
44 954 131 1002 snou
146 936 216 1003 ideo
235 937 513 1021 corporaliter,
537 937 610 1021 quia
626 956 792 1022 corporeus
807 942 855 1005 ost
870 938 956 1022 deus,
971 943 1025 1006 sed
1041 944 1097 1005 aut
1109 941 1207 1006 uerbo

67 1040 223 1106 translato
245 1059 322 1106 usus
347 1043 404 1125 est,
436 1044 598 1124 tamquam
627 1040 660 1106 in
682 1041 800 1125 temple
822 1060 918 1107 manu
941 1041 1027 1109 facto
1049 1060 1112 1109 uon
1135 1060 1206 1109 cor·

66 1141 232 1227 poralitsr‚
255 1144 311 1209 sed
332 1143 522 1211 umbraliter
551 1143 751 1223 habitauerit,
785 1144 818 1210 id
847 1145 896 1210 est
917 1144 1204 1230 praefigurantibus

65 1245 232 1329 siguis-
254 1264 330 1312 uam
359 1247 432 1313 illas
463 1265 570 1313 omnes
602 1246 834 1314 obseruationes
864 1247 993 1314 umbras
1023 1249 1204 1315 futurorum

66 1350 160 1416 uocat
196 1348 294 1416 otiam
333 1350 403 1433 ipso
428 1350 584 1418 translato
613 1351 782 1431 uocabulo;
821 1370 963 1417 summus
994 1352 1077 1417 enirn
1114 1352 1205 1436 dous,

28 1451 318 1536 reucntsoriptum
336 1458 392 1539 cst,
416 1472 492 1521 uon
515 1456 555 1522 in
577 1474 688 1521 manu
711 1454 836 1520 lactis
858 1442 1202 1538 templishabitat

64 1592 109 1604 -
124 1558 180 1621 aut
196 1557 281 1622 certe
305 1558 576 1640 corporaliter
598 1557 720 1623 (lictum
735 1562 792 1640 est,
815 1557 890 1640 quia
905 1559 936 1623 et
950 1557 984 1622 iu
998 1556 1115 1624 Christi
1130 1575 1197 1623 cor-

63 1677 150 1744 pore,
178 1662 261 1742 quod
283 1659 436 1726 assumsit
463 1678 499 1726 ou
520 1661 655 1743 uirgine,
687 1662 851 1743 tamquam
880 1660 915 1727 in
937 1660 1054 1743 templo
1076 1660 1200 1727 habitat

64 1762 153 1828 deus.
184 1762 257 1828 hinc
286 1765 335 1828 est
366 1763 462 1843 enirn,
493 1765 576 1847 quod
606 1763 733 1830 Iudaeis
763 1764 889 1848 signum
919 1764 1099 1848 petentibus
1125 1781 1197 1829 cum

63 1863 209 1930 dixisset:
238 1864 384 1930 soluite
413 1867 605 1948 templum
633 1865 720 1951 hoo,
744 1869 783 1933 et
804 1866 845 1931 in
867 1867 1005 1932 triduo
1029 1868 1199 1931 resusci-

29 1970 156 2035 ustabo
178 1967 295 2048 illud,
319 1967 513 2052 euangelista
535 1968 611 2051 quid
633 1968 691 2035 hoc
706 1972 788 2035 osset
804 1974 1029 2051 consequenter
1044 1986 1198 2052 erponem

64 2073 126 2137 ait:
149 2070 222 2137 lroc
244 2074 379 2137 autom
401 2071 562 2138 (licebat
584 2072 630 2136 de
652 2071 799 2155 templo
823 2072 1004 2154 corporis
1027 2074 1098 2138 sui.

107 2172 192 2256 Quin
216 2192 288 2259 orgo
311 2177 384 2242 est?
414 2175 524 2241 hocine
545 2175 697 2241 interesse
725 2176 915 2242 arbitramur
942 2177 1023 2242 inter
1046 2174 1145 2260 caput
1168 2181 1200 2240 et

63 2280 207 2347 membra
229 2284 340 2363 cotem,
364 2280 446 2365 quod
469 2279 502 2345 in
526 2279 667 2363 quolibet
684 2280 837 2363 ‚quamuis
859 2278 1027 2362 praecipuo
1044 2276 1195 2359 membro,

63 2383 157 2449 uelut
179 2382 214 2448 in
236 2382 341 2467 aliquo
365 2400 480 2468 magno
502 2382 656 2466 propheta
684 2386 740 2449 sut
762 2385 913 2466 apostolo,
949 2382 1091 2466 quamuis
1114 2382 1197 2447 diui-

30 2485 149 2553 aniius
180 2485 313 2571 habitet,
343 2502 405 2552 non
433 2489 542 2552 tamen
565 2486 648 2553 sicut
670 2487 704 2552 in
726 2488 840 2571 capite,
869 2486 952 2570 quod
974 2485 1023 2552 est
1044 2484 1198 2563 Christus,

62 2587 164 2655 omnis
191 2589 355 2673 plenitudo
385 2588 588 2656 diuinitatis?
615 2607 689 2654 nam
719 2592 752 2656 et
777 2592 941 2656 innostro
966 2588 1200 2671 corporeinest

63 2710 178 2759 seusus
201 2692 336 2777 siugulis
360 2693 520 2771 membris,
550 2694 604 2759 sed
633 2712 695 2759 non
719 2697 837 2769 tantus,
864 2697 1000 2777 quantus
1031 2693 1197 2774 incapite,

61 2795 119 2862 ubi
141 2813 268 2879 prorsus
298 2796 400 2863 omnis
423 2798 470 2862 est
498 2796 779 2881 quinquepertitus.
815 2797 861 2863 ibi
885 2797 966 2862 euim
989 2798 1022 2861 et
1044 2797 1129 2861 uisus
1151 2799 1199 2860 est

60 2902 95 2967 et
116 2900 247 2967 auditus
272 2906 304 2966 et
333 2899 466 2966 olfactus
499 2903 531 2966 et
551 2902 662 2983 gustus
685 2902 718 2966 et
747 2903 862 2983 tactus,
891 2901 923 2966 in
955 2899 1067 2965 uetans
1091 2899 1197 2963 antem

26 3004 150 3071 rosolus
183 3005 231 3069 cst
263 3004 377 3072 tactus.
412 3023 452 3070 an
485 3005 584 3069 etiam
619 3006 745 3087 practer
780 3005 847 3083 hoo,
871 3004 954 3087 qnod
978 3007 1140 3086 tamquam
1161 3000 1194 3067 iu

60 3107 185 3190 templo
213 3106 245 3171 in
279 3107 335 3173 illo
372 3125 497 3191 corpere
528 3107 652 3174 habitat
681 3108 783 3173 omnis
812 3106 978 3190 plenitudo
1007 3105 1194 3185 diuinitatis,

61 3212 114 3279 est
136 3210 223 3277 aliud
240 3210 323 3293 quod
344 3210 472 3277 intersit
494 3211 577 3276 inter
599 3211 679 3276 illud
702 3214 849 3293 caputet
872 3209 1038 3275 cuiuslibet
1060 3207 1196 3275 membri

59 3313 308 3381 excellentiam?
339 3316 389 3380 est
409 3315 512 3398 plane,
543 3313 625 3397 quod
654 3314 807 3398 singulari
835 3312 968 3397 quadam
996 3311 1193 3396 susceptione

58 3417 199 3483 hominis
221 3416 309 3483 illius
332 3435 394 3483 una
414 3415 500 3483 facta
521 3421 570 3482 est
587 3434 720 3498 persona
735 3436 805 3481 oum
821 3416 926 3481 uerbo.
955 3415 993 3481 de
1008 3414 1095 3481 nullo
1110 3415 1195 3480 enim
1250 3498 1253 3503 .

18 3523 245 3589 sosanctorum
270 3521 334 3586 dici
355 3522 461 3605 potuit
482 3524 536 3586 aut
558 3521 665 3603 potest
687 3520 743 3585 aut
764 3521 897 3602 poterit:
920 3517 1082 3584 uerbum
1106 3535 1195 3582 caro

58 3623 218 3690 iactum
241 3626 317 3701 est;
351 3623 456 3690 nullus
479 3626 659 3691 sauctorum
686 3623 824 3707 qnalibet
853 3624 1046 3706 praestantia
1072 3622 1194 3707 gratiae

163 3809 255 3868 3001.
273 3810 333 3878 2,.9
435 3810 618 3878 8ci.Col.2‚
638 3811 671 3865 l'i
776 3810 809 3864 10
826 3811 886 3865 act.
905 3810 947 3877 17,
965 3808 1000 3863 24
1104 3806 1196 3863 1410.

57 3896 145 3965 ala.
163 3895 196 3950 21
301 3895 490 3963 3010.1,14

112 4067 126 4121 1
145 4063 280 4135 propitius
302 4065 338 4121 V:
367 4069 396 4120 et
413 4067 547 4136 propitius
570 4065 624 4121 GP
727 4064 847 4135 capitur:
874 4068 979 4137 capitur
997 4068 1136 4136 (amini)
1158 4067 1197 4124 V:

56 4152 166 4223 capitur
186 4151 241 4208 GP
337 4152 368 4208 ll
387 4152 483 4209 hocine
500 4154 535 4208 V:
565 4153 650 4208 hocne
669 4153 696 4208 P
792 4151 827 4206 23
845 4154 1081 4225 quinquepartitus
1099 4155 1128 4211 P

56 4255 93 4311 24
109 4255 140 4311 iu
157 4255 342 4311 ostem-est
358 4258 449 4311 tactum
470 4257 536 4313 GP:
566 4271 617 4312 om.
638 4254 665 4310 V
766 4256 801 4311 26
818 4256 867 4345 illo
885 4273 991 4328 corpora
1009 4259 1037 4314 P
