2760 4814
204 315 288 383 1082
685 308 852 379 Eminuii

202 501 290 567 eninr
312 496 406 563 dieii:
429 512 498 581 ego
520 496 664 573 autem,
687 497 764 562 satis
787 495 937 579 insinuat,
953 512 1015 578 qua
1031 492 1137 560 salute
1151 492 1227 560 illos
1242 492 1337 559 assues

202 621 271 671 esse
299 602 400 667 fastos
427 597 507 666 uelit
534 599 685 684 intellegi,
715 600 749 665 in
779 618 841 683 qna
863 598 930 682 ipse
952 597 1062 682 utique
1091 596 1267 664 derelictus
1287 596 1337 674 oet

203 725 267 773 non
296 723 355 789 quo
384 703 432 770 illi
461 721 480 769 a
507 703 610 769 salute
636 707 763 770 aeterna
791 703 910 769 fuerint
937 702 1041 784 alieni,
1071 701 1129 768 seo
1157 703 1193 766 in
1221 699 1337 765 oeeulto

202 818 281 876 tune
303 812 369 874 orat
392 810 472 891 quod
495 807 528 873 in
545 805 670 872 Christo
686 806 789 873 iuerat
803 806 1017 873 reuelandum.
1052 806 1086 872 in
1101 806 1215 872 uetere
1230 803 1337 887 qnippe

202 912 393 979 testamento
416 913 558 977 uelamen
581 914 638 993 est,
654 911 736 994 qnod
751 913 826 976 iuno
844 910 1013 987 auferetur,
1030 927 1104 975 oum
1121 910 1163 975 ad
1179 907 1364 974 Chmstnms

201 1016 336 1100 quisque
364 1017 435 1081 inde
465 1014 634 1080 transierit
673 1031 732 1097 quo
763 1013 907 1079 crucifixo
936 1014 1079 1078 nahmen
1107 1014 1211 1079 etiam
1233 1009 1337 1093 templi

201 1118 337 1186 soissnm
374 1123 432 1202 est,
469 1119 506 1182 ut
542 1116 770 1202 significaretur
803 1117 885 1199 qnod
919 1115 1076 1200 apostolus
1109 1116 1151 1180 de
1184 1114 1337 1181 uelamine

201 1223 322 1288 ueteris
350 1221 532 1287 testamenti
548 1219 643 1285 dixit:
659 1218 844 1315 qnoniam
866 1219 906 1284 in
927 1218 1087 1285 chrisio
1109 1223 1336 1286 euaeuatur.

673 1507 868 1592 oooxnfl.

252 1699 337 1759 QVID
367 1698 540 1746 AMANDVM
563 1697 623 1746 SIT.
662 1699 709 1746 EX
732 1698 836 1746 LIBRO
858 1696 1102 1757 QVAESTIONVM
1127 1698 1290 1748 Lxxxml.
1341 1709 1362 1747 iu

128 1835 193 1904 378
246 1838 399 1921 Quoniam
428 1838 554 1923 quidem
589 1837 741 1922 quidquid
769 1856 832 1904 non
865 1837 948 1903 uiuit
980 1857 1043 1903 non
1076 1838 1208 1919 metuit,
1242 1854 1334 1920 nequo

202 1945 269 2009 uita
298 1945 464 2009 carendum
495 1942 661 2025 quisquam
688 1943 887 2024 persuaserit,
917 1941 955 2006 ut
980 1943 1069 2007 metu
1103 1941 1204 2007 etiam
1239 1957 1334 2006 earare

202 2045 367 2129 possimus,
400 2047 568 2111 amandum
598 2049 645 2111 est
676 2047 743 2110 sine
773 2049 860 2111 motu
891 2045 1007 2109 uiuere.
1045 2043 1100 2110 sed
1131 2062 1245 2111 rursus
1266 2044 1334 2127 quia

201 2149 269 2213 uita
291 2153 378 2214 metu
399 2167 518 2226 earens,
541 2149 569 2213 si
592 2150 688 2214 etiam
710 2147 930 2232 intellegentia
953 2149 1067 2230 eareat,
1091 2163 1156 2213 non
1178 2148 1232 2213 eet
1245 2164 1333 2232 appe-

200 2251 305 2330 tenda,
318 2253 488 2318 amandum
517 2256 565 2317 est
594 2252 663 2317 sine
696 2257 784 2319 metu
818 2270 889 2318 eum
910 2252 1072 2318 intellectu
1105 2252 1228 2317 uiuere
1266 2251 1360 2318 idneu

200 2355 313 2438 solum,
341 2373 381 2421 an
408 2372 494 2419 amor
523 2373 644 2438 quoqne
672 2353 737 2437 ipse
760 2357 912 2421 amandus
937 2357 1009 2421 est?
1030 2354 1078 2420 ita
1098 2373 1189 2439 uero,
1216 2352 1332 2439 quando

200 2458 268 2523 sine
289 2455 347 2522 hoe
374 2457 432 2523 illa
459 2474 519 2523 non
541 2461 698 2524 amantur.
736 2460 790 2524 sed
812 2458 840 2523 si
863 2460 989 2542 propter
1012 2457 1075 2523 alia
1099 2475 1180 2540 quae
1203 2457 1332 2525 amanda

199 2561 274 2624 eunt
296 2577 384 2625 amor
405 2563 540 2641 amatur,
563 2579 624 2627 non
647 2562 730 2627 reete
754 2562 853 2628 amari
875 2562 1001 2627 dieitur.
1033 2559 1116 2626 nihil
1139 2561 1227 2627 enim
1252 2560 1331 2628 aliud

198 2664 249 2728 est
278 2680 382 2728 umaro
411 2683 504 2748 quam
533 2684 590 2749 per
619 2682 651 2731 se
680 2666 783 2749 ipsam
812 2685 880 2731 rom
902 2667 1041 2748 aliquam
1063 2669 1225 2749 appetere.
1261 2682 1331 2731 nurn

198 2765 298 2851 igitur
324 2784 379 2849 per
406 2785 440 2832 se
467 2768 574 2850 ipsum
594 2786 681 2835 amor
703 2767 896 2853 appetendus
918 2769 975 2847 esi,
1004 2785 1085 2845 eum,
1111 2768 1239 2851 qnando
1262 2766 1359 2834 outo

199 2867 282 2950 quod
314 2870 448 2950 ornatur,
478 2890 515 2936 ea
547 2872 591 2936 sit
617 2870 796 2938 indubitata
824 2869 976 2936 miseria?
1005 2869 1117 2935 deinde
1146 2891 1223 2938 eum
1250 2888 1330 2938 amor

197 2971 304 3037 motus
327 2973 456 3055 qnidam
479 2973 644 3056 sitneque
666 2973 749 3039 ullus
773 2973 817 3039 sii
838 2975 943 3040 motus
965 2974 1028 3039 nisi
1049 2972 1090 3038 ad
1111 2974 1245 3058 aliquid,
1264 2993 1330 3040 enm

199 3075 377 3157 quaerimus
405 3076 480 3159 qnid
509 3078 678 3144 amandum
693 3079 744 3161 sit,
780 3075 857 3160 quid
878 3078 920 3142 sit
942 3076 1023 3142 illud
1046 3075 1087 3142 ad
1109 3079 1194 3160 qnod
1217 3079 1329 3145 moueri

198 3180 348 3261 oporteat,
372 3182 557 3263 quaerimus.
595 3199 690 3265 quare
718 3182 745 3247 si
774 3181 927 3247 amandus
953 3182 1002 3247 eat
1024 3199 1125 3260 amor,
1147 3200 1210 3248 non
1227 3184 1329 3267 utique

198 3282 300 3347 omnis
328 3282 480 3349 amandus
509 3287 567 3350 est.
603 3286 653 3351 est
684 3284 768 3350 enim
789 3287 822 3349 et
843 3284 956 3369 impis,
980 3285 1189 3367 quoanimus
1212 3288 1356 3370 seipsos

196 3384 344 3451 inferiore
365 3386 515 3468 sectatur,
531 3406 609 3471 quae
624 3389 725 3471 magis
740 3387 863 3473 proprie
878 3387 1033 3471 cupiditas
1050 3387 1177 3473 dieitur,
1193 3391 1328 3455 omnium

197 3486 319 3555 seilicet
348 3488 503 3555 malorum
533 3490 632 3557 radin.
664 3494 697 3557 et
718 3489 787 3557 ideo
809 3508 871 3556 non
894 3492 1065 3558 amandum
1089 3495 1245 3576 estquod
1268 3508 1328 3557 mu·

300 3703 314 3757 1
333 3702 378 3759 Po.
395 3703 438 3769 21,
457 3702 472 3756 u
577 3701 646 3759 eu.
664 3701 764 3758 uasto.
783 3703 826 3771 or,
844 3676 878 3758 51
982 3704 1000 3759 e
1018 3703 1049 3758 11
1067 3703 1126 3759 eor.
1145 3704 1172 3772 a,
1191 3707 1227 3761 14

247 3899 417 3953 eniteretur
438 3898 474 3969 Q:
501 3899 607 3954 unietur
627 3899 654 3953 V
745 3900 760 3954 7
779 3899 811 3953 de
830 3900 961 3955 uelamine
981 3899 1018 3970 Q:
1045 3901 1078 3954 de
1096 3901 1222 3957 uelamen
1242 3903 1267 3959 V

194 3983 213 4037 9
234 3983 458 4052 capuceum
475 3985 553 4040 MVz
583 3985 755 4042 ccoxxxn
778 3986 812 4057 Q;
843 4003 893 4042 om.
915 3987 969 4042 GP
1070 3989 1101 4043 11
1122 3990 1235 4058 quidem
1253 3991 1328 4047 MV:

194 4068 290 4139 0an
381 4071 414 4124 13
431 4072 495 4139 quia
512 4072 589 4127 MV:
618 4072 710 4143 quiQ
796 4073 829 4127 16
848 4090 882 4127 an
900 4074 976 4130 MV:
1005 4073 1101 4144 onaQ
1190 4077 1224 4131 17
1241 4093 1330 4133 aman·

193 4155 240 4209 tur
257 4152 332 4208 MV:
363 4156 512 4227 amaturQ
615 4159 639 4212 si
661 4157 736 4214 MV:
767 4175 817 4214 om.
845 4160 868 4230 Q
972 4160 1006 4215 18
1027 4161 1113 4214 amari
1137 4161 1217 4217 m:
1246 4178 1331 4218 amare

197 4239 221 4310 Q
324 4239 441 4310 alith
543 4242 805 4315 aequ0d1qu0tq
907 4246 942 4300 26
960 4246 1159 4316 inferioremQ
