2760 4814
135 313 234 360 XXXII

134 485 263 548 loannes
292 480 417 564 quidem
447 481 562 546 Herold
589 480 621 544 in
644 479 771 543 edendis
800 477 969 562 Excerptis,
993 480 1074 543 siout
1097 478 1152 559 ipso

134 584 249 662 fitetur,
285 585 387 650 codice
415 583 521 666 aliquo
549 582 752 650 cormariensi
780 602 855 648 usus
884 587 947 647 est:
985 584 1039 664 qui
1074 585 1151 648 code:

135 690 216 754 idem
246 694 292 753 est
321 692 414 770 atque
442 688 600 753 Parisinus
632 685 755 765 12328,
785 687 867 752 certo
895 686 1009 750 intima
1030 690 1151 751 necessi*

135 810 205 856 cnm
228 790 348 855 familia
363 789 502 855 codicum
519 789 686 854 Telleriani
701 792 732 853 et
747 789 880 854 Parisinl
897 791 1048 873 cohaeret,
1071 809 1141 856 cum

134 895 197 960 355
218 893 268 959 De
286 893 493 974 prouidentia
514 892 565 957 oa
587 893 634 958 bis
657 895 689 957 in
712 893 817 958 codice
847 893 987 958 Parisino
1010 896 1042 958 ot
1064 893 1095 958 in
1119 895 1151 959 ed

134 997 273 1080 principe
297 998 428 1080 legatur,
451 1000 611 1078 praeterea
632 997 665 1060 in
681 994 742 1060 tine
759 995 981 1078 Excerptorum
996 1000 1066 1078 post
1081 1014 1151 1062 sern

133 1100 171 1165 de
201 1099 295 1163 luade
324 1098 472 1164 caritatis
499 1110 600 1164 sermo
624 1097 651 1162 V
677 1097 834 1179 Fulgentii
864 1099 998 1182 episcopi
1020 1100 1151 1183 Ruspem

134 1203 267 1267 caritate
287 1203 414 1268 additus
436 1202 489 1267 sit.

176 1323 214 1387 In
242 1323 466 1388 constituendis
496 1327 600 1387 autem
623 1322 726 1387 uerbis
752 1323 972 1404 Eroerptornm
996 1324 1140 1408 Eugippii

134 1425 248 1491 codicis
270 1425 410 1490 omnium
432 1423 642 1506 antiquissimi
665 1430 757 1506 atque
783 1427 1044 1507 praestantissimi
1067 1433 1151 1493 secut

132 1528 349 1593 tantummodo
372 1528 447 1593 locis
470 1527 595 1592 aliunde
618 1528 757 1592 remedia
778 1529 886 1610 petiui,
913 1530 966 1594 ubi
988 1532 1140 1612 scriptura

132 1633 242 1697 codicis
265 1631 410 1696 Vaticani
433 1650 509 1695 sana
530 1649 592 1695 non
606 1648 673 1695 esse
688 1631 863 1697 uidebatur.
887 1649 942 1696 cur
957 1631 1040 1697 hunc
1054 1634 1150 1715 potiss

132 1733 246 1799 librum
270 1735 380 1799 ducem
395 1739 520 1799 secutus
534 1735 604 1812 sim,
627 1734 689 1799 alio
704 1733 771 1799 loco
787 1735 941 1817 copiosius
957 1737 1124 1818 explicabo.
1148 1772 1150 1790 ι

132 1841 236 1902 autem
252 1838 427 1915 lectionum,
444 1856 522 1919 quae
537 1856 556 1900 a
571 1837 721 1901 Vaticano
738 1838 873 1902 traditae
889 1844 971 1914 sunt,
995 1839 1041 1904 ita
1053 1843 1145 1904 tenax

132 1941 169 2005 ut
189 1959 229 2004 ne
248 1941 281 2005 in
298 1941 403 2004 formis
419 1941 544 2022 quidem
560 1939 743 2024 uulgaribus
759 1959 777 2004 a
795 1939 944 2006 Vaticano
961 1942 1096 2020 traditis,
1113 1963 1150 2008 ue

132 2061 196 2106 noa
209 2043 307 2124 faerit
324 2043 366 2127 (p.
383 2043 456 2121 262,
473 2043 525 2121 24)
547 2046 616 2106 erat
635 2042 672 2108 de
696 2042 780 2127 (696,
799 2045 849 2124 12)
875 2043 980 2107 ortem
995 2045 1080 2128 (571,
1099 2045 1150 2127 15)

132 2146 301 2228 quidquam
316 2151 480 2211 mutarem.
504 2165 551 2212 res
567 2146 819 2229 orthographicas
832 2167 869 2212 ex
879 2148 1100 2213 uetustissimis
1113 2152 1150 2213 tar

131 2248 221 2314 modo
244 2248 333 2314 libris
355 2249 514 2324 adnotant
537 2250 571 2313 in
592 2250 746 2315 codicibus
773 2249 871 2315 VIIll
893 2253 924 2316 et
946 2251 1104 2316 Xsaecnli
1120 2272 1150 2316 no

132 2371 209 2436 quae
236 2353 338 2435 capita
359 2354 392 2417 in
415 2352 504 2417 libris
526 2351 720 2434 interpolatis
749 2352 874 2421 1)qu
896 2350 928 2418 et
950 2353 975 2416 Τ
998 2354 1070 2419 solis
1092 2357 1151 2439 legi

131 2457 162 2521 in
186 2455 336 2520 Vaticano
359 2457 465 2520 autem
486 2456 710 2534 desiderantur,
737 2474 774 2521 ea
796 2456 920 2521 uncinis
941 2457 1060 2522 inclusa
1076 2458 1109 2522 ot
1124 2476 1151 2521 ιιι

131 2561 255 2624 tantum
288 2560 410 2623 arabico
444 2559 566 2642 signata
599 2558 712 2624 addidi.
750 2559 777 2623 si
803 2562 907 2624 autem
938 2561 971 2625 in
998 2561 1047 2624 his
1075 2563 1148 2625 sunt

131 2661 319 2745 displiceant
335 2699 375 2708 —
397 2681 475 2744 quae
502 2680 576 2727 sane
603 2667 676 2726 suut
704 2661 897 2744 plurima-
911 2664 1042 2728 lectores
1070 2671 1101 2728 et
1129 2683 1149 2746 p

130 2784 279 2848 magnum
309 2765 401 2830 huius
432 2768 531 2849 operis
560 2766 714 2831 ambitum
743 2766 775 2830 ot
804 2767 885 2847 quod
914 2766 1053 2851 singulos
1080 2767 1151 2852 Aug

131 2870 212 2934 locos
235 2869 411 2933 econtextu
432 2870 571 2933 reuulsos
594 2870 725 2933 tractare
741 2869 835 2951 atque
849 2871 1012 2934 emendare
1027 2868 1151 2935 difficili

131 2972 185 3049 est,
207 2970 355 3036 beneuole
377 2971 502 3036 ueniam
524 2971 651 3036 dabunt.

172 3092 292 3167 Restat,
307 3096 344 3157 ut
359 3093 445 3172 uiris,
461 3095 514 3177 qui
530 3112 578 3158 me
594 3093 626 3157 in
643 3095 819 3159 adornanda
834 3093 891 3159 hac
906 3094 1040 3159 editione
1054 3094 1151 3160 adiuu

129 3198 248 3279 gratias
281 3197 433 3262 maximas
466 3216 573 3280 agam,
606 3198 648 3263 H.
682 3196 932 3280 Sedlmayer,
965 3198 999 3262 F.
1031 3197 1151 3262 Weih:

129 3299 257 3385 collegis
272 3300 407 3382 optimis,
432 3304 468 3366 A.
486 3299 767 3385 Eugelbrecht‚
792 3300 986 3383 Leopoldo
1010 3301 1151 3366 Delislo

130 3420 189 3467 nou
225 3404 326 3468 solum
368 3403 446 3469 mihi
483 3404 586 3486 copias
628 3403 833 3469 bibliothecae
869 3402 1045 3468 Nationalis
1081 3402 1151 3468 Pari

129 3504 180 3570 cui
201 3510 331 3586 praeest,
357 3506 489 3570 utendas
518 3505 674 3581 concessit,
698 3506 751 3570 aad
781 3506 876 3570 etiam
908 3505 1026 3570 librum
1056 3507 1151 3570 Desnt

37 3690 39 3694 Α
129 3609 348 3691 suppeditant,
384 3613 416 3675 in
448 3609 557 3692 primis
589 3615 693 3675 autem
727 3609 923 3678 Guilelmo
955 3608 1151 3688 Hartelio,

129 3728 192 3794 qua
213 3714 261 3776 est
283 3714 315 3776 in
338 3712 386 3777 his
408 3712 525 3777 litteris
547 3713 689 3778 doctrina
710 3713 743 3775 et
764 3730 914 3794 propensa
935 3729 1009 3793 erga
1022 3730 1073 3776 me
1087 3711 1152 3776 uolt

129 3817 162 3881 ot
183 3814 386 3899 humanitate,
409 3815 539 3881 consilio
562 3818 593 3879 et
615 3835 647 3880 re
669 3815 746 3880 mihi
767 3833 889 3896 semper
911 3814 1021 3879 adfuit.

172 3952 369 4019 vindobonae
390 3953 461 4019 Kal.
485 3953 552 4018 lau.
578 3952 669 4018 1885.
