2760 4814
216 342 301 411 10⁷6
702 334 867 405 nugrppu

215 529 303 609 fecit,
338 547 411 593 cum
443 526 515 593 uult
547 525 664 603 uiuere,
698 526 724 591 si
758 526 932 610 qnisquam,
968 525 1030 591 nisi
1064 524 1189 608 iecerit,
1225 526 1352 592 mortem

214 630 361 699 minetur.
415 630 488 696 nult
523 646 595 712 ergo
629 627 744 712 fecero,
779 629 852 712 quie
880 629 951 694 uult
978 628 1095 709 uiuere,
1133 633 1167 695 et
1195 630 1268 697 ideo
1295 648 1349 696 non

213 754 268 819 per
289 753 322 800 se
343 732 446 816 ipsum
469 732 652 815 appetendo,
672 734 708 797 ut
722 731 838 798 fulsum
854 734 945 811 iuret,
961 733 1014 797 sed
1029 734 1066 798 nt
1085 732 1211 799 salsum
1226 733 1352 800 iurando

214 824 315 929 uiuet.
345 834 475 919 quodsi
498 836 544 903 ite
566 835 625 919 est,
648 834 762 912 nescio,
786 836 893 901 utrum
915 835 1036 919 possint
1057 837 1121 902 dici
1143 835 1213 901 iste
1226 842 1349 919 peccate

214 939 399 1020 nolentium,
428 939 532 1023 qualia
561 939 612 1004 hio
642 939 787 1004 dicuutur
817 939 976 1022 expianda.
1019 957 1094 1007 nem
1123 939 1153 1003 si
1182 938 1376 1024 diligentem

215 1043 436 1125 consideretur,
459 1042 540 1108 forte
562 1045 662 1125 ipsum
687 1060 813 1125 peccare
832 1060 922 1108 nemo
936 1042 1025 1121 uelit,
1048 1041 1102 1107 sed
1120 1047 1256 1126 propter
1269 1042 1346 1109 eliud

214 1146 261 1228 iit,
284 1147 366 1231 quod
389 1147 460 1212 uult
482 1145 535 1229 qni
557 1147 676 1228 peccat.
714 1162 821 1211 omnes
844 1146 958 1229 qnippe
972 1145 1127 1225 hemines,
1144 1147 1203 1227 qni
1219 1147 1348 1212 scienter

215 1251 335 1318 faciunt
358 1251 439 1334 qnod
462 1268 525 1315 non
547 1249 630 1328 licet,
653 1249 774 1314 uellent
796 1250 906 1333 licere,
928 1266 1028 1332 nsque
1048 1249 1126 1314 edeo
1149 1247 1259 1331 ipsum
1279 1267 1346 1334 peo-

215 1373 285 1420 cere
306 1366 398 1419 nemo
421 1353 542 1437 appetit
564 1358 692 1437 propter
712 1352 771 1418 hoo
792 1352 909 1436 ipsum,
932 1353 988 1418 sed
1010 1352 1140 1436 propter
1163 1353 1250 1418 illud
1271 1353 1346 1436 qnod

214 1477 251 1523 ex
280 1475 314 1522 eo
344 1458 556 1540 consequitur.
594 1457 670 1522 haec
698 1456 727 1521 si
757 1457 805 1524 ita
834 1477 867 1523 se
889 1457 1012 1540 hebent,
1037 1475 1099 1521 non
1123 1460 1203 1521 sunt
1225 1457 1373 1541 peccone

214 1562 387 1627 nolentium
424 1561 488 1625 nisi
526 1562 745 1642 nescientium,
786 1580 864 1645 quse
902 1560 1126 1627 discernuntur
1159 1579 1180 1625 a
1215 1562 1345 1644 peccetis

214 1664 399 1730 nolentium.

623 1900 930 1987 coemitur.

210 2093 257 2142 nn
276 2094 322 2141 no
338 2093 432 2154 ovone
447 2093 616 2142 sompnum
630 2094 707 2143 usu:
723 2094 877 2152 surus,
894 2092 1184 2154 Qvnncvnrovn
1200 2095 1341 2146 enuer-

211 2194 338 2245 vnnxu
368 2198 410 2244 ru
437 2198 553 2245 nunu
582 2197 834 2258 svunsnrnn,
864 2195 980 2243 unum
1010 2195 1271 2246 nxncnnnnn
1296 2200 1366 2246 nne

252 2300 638 2351 nxnnnnrruuernvn
660 2301 713 2347 ns
734 2299 900 2348 eonvno
922 2298 1006 2348 svo.
1033 2300 1080 2347 nx
1103 2300 1215 2349 umso
1238 2302 1264 2352 s.
1278 2300 1302 2349 s.

135 2416 201 2484 375
252 2421 299 2487 Et
347 2422 495 2505 enimc,
544 2439 809 2504 quaecumque
856 2420 1086 2504 peccauerit
1141 2421 1182 2485 in
1233 2440 1336 2487 menn

208 2524 420 2607 superbiae
459 2545 502 2590 ex
539 2523 747 2609 indigenis
784 2528 822 2589 et
858 2524 1095 2608 proselytis,
1132 2525 1249 2592 deum
1280 2526 1336 2590 hic

207 2630 419 2695 exacerbet
447 2631 484 2694 et
516 2626 852 2693 exterminabitur
878 2627 1008 2693 enimc
1030 2626 1109 2692 ills
1132 2629 1177 2693 de
1199 2628 1335 2713 populo

206 2749 290 2811 suo,
325 2731 509 2816 quonism
543 2729 709 2796 uerbum
744 2730 892 2796 domini
927 2731 1143 2796 contemsit
1172 2736 1213 2797 ot
1242 2750 1360 2796 men-o

206 2836 296 2903 dete
352 2837 436 2901 eins
491 2833 748 2918 disperdidit.
808 2834 1057 2900 contritione
1105 2837 1334 2899 conteretur

206 2939 334 3006 enims
360 2938 454 3016 illo,
485 2940 694 3020 peccatum
722 2937 807 3003 eius
836 2937 979 3003 inille
1016 2954 1095 3018 queo
1117 2937 1186 3001 sint
1207 2936 1331 3021 peccate,

205 3061 284 3125 quae
299 3042 379 3108 finnt
393 3041 432 3105 in
448 3059 563 3106 menn
579 3042 797 3125 superbiae,
813 3042 845 3107 id
861 3039 911 3106 est
925 3039 1071 3124 superbie
1085 3040 1331 3115 committuntur,

204 3145 356 3229 scriptura
384 3146 454 3229 ipsc
478 3146 511 3211 in
535 3146 796 3229 consequentibns
829 3144 906 3211 setis
929 3143 1064 3228 exponit,
1087 3143 1146 3208 ubi
1167 3145 1229 3209 ait:
1252 3161 1331 3227 qno

205 3250 308 3316 niem
339 3251 504 3316 uerbum
533 3250 681 3316 domini
712 3250 937 3316 contemsit.
974 3246 1062 3314 eliud
1084 3248 1135 3313 est
1157 3260 1357 3331 ergopree·¹⁵

204 3356 294 3438 cepte
329 3354 536 3432 contemnere,
580 3353 668 3419 eliud
705 3353 813 3439 megni
850 3352 977 3436 quidem
1006 3349 1153 3435 pendere,
1192 3350 1249 3416 sed
1283 3350 1331 3414 unt

204 3459 350 3541 ignarum
380 3458 487 3523 contre
515 3456 616 3523 iecere
644 3459 700 3523 eut
730 3459 860 3523 uictum.
898 3474 978 3540 qnae
1000 3454 1061 3520 duo
1083 3451 1219 3519 fortusse
1241 3451 1328 3537 perti·

83 3584 89 3595 ⁸
203 3563 300 3627 neunt
336 3560 376 3626 ed
412 3560 469 3626 ille
506 3564 644 3645 peccate,
682 3579 760 3645 qnae
797 3559 976 3626 uolentibus
1013 3556 1109 3633 finnt,
1148 3560 1187 3624 de
1223 3555 1329 3642 quibus

203 3664 345 3748 superius
378 3663 640 3747 quemadmodum
661 3663 718 3730 deo
747 3662 917 3747 propitiato
945 3661 1144 3745 expiarentur
1173 3658 1331 3726 admonuit

306 3851 340 3905 14
356 3854 394 3916 (et
412 3851 456 3921 17)
474 3851 556 3906 Num
577 3851 617 3918 15,
636 3850 719 3919 30sq.

254 4020 270 4073 1
297 4020 412 4074 scienter
433 4020 470 4075 V:
500 4021 615 4077 scientes
634 4036 659 4087 ¹o
764 4020 796 4074 13
823 4036 882 4089 cop.
901 4015 1130 4074 cccxxxvml
1153 4016 1232 4083 117;
1263 4016 1331 4071 deest

200 4105 233 4161 ire
261 4104 316 4162 GP
400 4105 433 4159 14
458 4106 559 4175 enimn]
588 4106 679 4161 omnir
705 4104 771 4161 MV
862 4105 896 4160 15
913 4103 1052 4157 cxecernet
1070 4100 1136 4156 117
1226 4103 1261 4157 18
1277 4116 1330 4171 pro

200 4190 289 4246 uelitis
305 4189 369 4246 MV
454 4186 578 4248 deumo=
605 4193 670 4247 dum
682 4191 747 4248 MV
834 4186 1095 4245 leonensem
1179 4186 1214 4243 21
1233 4188 1331 4259 dispor-

200 4275 321 4336 didito:
351 4276 563 4347 diopoxditMV
663 4277 745 4333 2din
768 4278 803 4332 V:
832 4292 884 4333 om.
903 4274 941 4331 M
