2760 4814
154 318 215 386 186
635 310 802 382 Eusirnii

153 505 264 586 melus,
296 502 350 586 qui
364 520 435 584 pro
464 520 522 566 suo
553 499 666 566 merito
691 500 774 566 iuste
795 498 967 582 puniretur.
1005 517 1076 564 eum
1099 499 1183 566 eninr
1204 501 1285 566 retio

152 609 238 674 uerte
267 608 464 673 demonstret
485 605 547 670 duo
572 604 725 688 quaedum
746 620 809 668 non
830 603 974 685 sequelie
995 601 1085 682 bonu,
1109 607 1163 671 sed
1185 624 1285 671 unum

153 711 304 794 superius,
340 709 476 775 alterum
506 706 647 786 inferius,
681 725 742 772 non
767 705 957 790 intellegunt
978 705 1061 771 turdi
1085 707 1185 784 eorde,
1209 726 1284 774 oum

152 815 277 881 dieunt:
301 817 469 896 utrumque
493 813 556 877 tale
571 812 662 889 esset,
685 809 765 876 nihil
781 829 814 875 se
829 809 916 876 eliud
931 808 1033 873 dieers
1048 829 1157 894 quem:
1180 811 1284 877 solum

128 917 232 985 'illud
264 920 357 983 esset.
395 935 431 982 ee
459 916 505 981 sio
534 933 607 982 oum
636 933 768 998 sequere
797 915 951 995 quaerunt
976 930 1092 995 genere
1120 915 1319 994 bonorums

152 1039 317 1090 numerum
362 1020 512 1086 mineum
551 1019 584 1086 et
619 1018 823 1085 immoderate
865 1016 1005 1100 eugendo
1048 1036 1146 1082 unum
1181 1036 1287 1103 genus

151 1123 286 1191 alterum
308 1123 434 1189 tollunt
469 1123 538 1206 quis
560 1124 665 1188 sutem
683 1121 741 1186 hoe
755 1121 886 1198 endimt,
908 1121 937 1185 si
958 1119 1111 1187 dioerent:
1135 1123 1283 1204 quonism

152 1227 355 1294 exoellentior
377 1245 486 1292 sensus
510 1227 559 1292 est
580 1226 708 1291 uidendi
729 1243 822 1309 quam
845 1224 1001 1303 audiendi,
1028 1226 1178 1306 qnettoor
1200 1223 1284 1290 oonli

152 1334 257 1396 essent
277 1333 311 1395 et
339 1349 430 1396 sures
459 1346 520 1395 non
551 1328 676 1395 essent?
709 1329 755 1394 ite
776 1328 804 1394 si
827 1329 1027 1396 exoellontior
1058 1333 1106 1393 est
1139 1331 1285 1394 ereetum

150 1433 208 1498 ills
228 1433 399 1512 rationulis,
422 1451 503 1516 quse
525 1434 591 1499 sine
615 1432 712 1499 ullius
733 1449 850 1515 poenes
866 1432 1102 1516 comparatione,
1126 1431 1194 1497 sine
1216 1431 1324 1504 ullane

152 1537 298 1620 superbie
318 1539 375 1603 deo
398 1535 554 1617 subditur,
587 1535 650 1602 elia
672 1554 746 1601 uero
767 1535 801 1600 in
823 1534 1002 1602 hominibus
1029 1537 1075 1600 its
1096 1538 1200 1601 oreste
1222 1539 1282 1615 est,

152 1639 249 1706 utin
279 1658 313 1704 se
343 1640 392 1704 dei
422 1639 607 1705 benefieium
636 1655 698 1704 non
728 1640 827 1721 possit
856 1656 1025 1722 egnosoere
1057 1638 1119 1705 nisi
1152 1639 1284 1705 ulterius

151 1741 286 1808 uiuendo
315 1742 517 1824 supplitium,
546 1745 667 1807 utnon
689 1742 790 1807 ultum
813 1741 924 1825 sepiat,
955 1740 1154 1821 sentiment
1177 1739 1284 1806 idest

153 1862 214 1912 nen
230 1844 268 1909 (le
282 1863 315 1911 se
329 1845 489 1928 praefidet,
512 1845 567 1910 sed
583 1844 717 1911 confidet
731 1846 765 1910 in
778 1847 888 1910 deumz
911 1845 980 1928 quis
996 1849 1080 1911 reete
1095 1844 1283 1928 intellegens

152 1948 254 2015 lieet:
280 1947 374 2014 »telis
406 1952 488 2014 esset
516 1949 580 2015 iste
606 1949 705 2032 qualis
727 1948 802 2013 illo«
828 1966 886 2014 nse
907 1947 1016 2015 uident
1038 1965 1071 2013 se
1092 1947 1173 2013 nihil
1195 1947 1324 2021 aliudne

152 2051 253 2117 diesne
284 2070 394 2134 quem:
420 2069 500 2117 ouon
531 2055 612 2118 esset
634 2053 705 2135 iste,
729 2051 784 2118 sed
813 2053 880 2119 solu
909 2054 993 2118 esset
1020 2051 1122 2117 illus?
1143 2052 1226 2134 quod
1255 2053 1284 2117 si

151 2154 308 2220 inerudite
330 2158 425 2238 etque
445 2153 631 2238 insipienter
653 2154 776 2236 dieitur,
805 2174 861 2220 eur
883 2173 956 2240 ergo
979 2173 1040 2221 nen
1064 2159 1184 2221 oreuret
1206 2155 1285 2221 deus

152 2259 248 2324 etiem
276 2274 351 2341 quos
380 2256 481 2323 meles
511 2257 635 2323 futuros
662 2276 728 2323 esse
750 2257 953 2340 praesciebat,
988 2258 1096 2324 uolens
1118 2257 1284 2323 ostendere

151 2363 232 2427 irem
253 2365 286 2427 et
308 2364 522 2427 demonstrare
543 2359 724 2444 potentiam
753 2380 844 2427 suem
867 2364 900 2427 et
921 2365 961 2430 ob
982 2363 1041 2428 hoo
1057 2360 1227 2428 sustinens
1248 2362 1284 2428 in

151 2466 254 2531 multe
274 2464 428 2549 potientis
449 2481 528 2530 usse
547 2462 621 2543 ime,
651 2483 730 2549 quoe
751 2464 890 2547 perfeeto
912 2470 987 2530 sunt
1010 2466 1043 2530 in
1065 2463 1335 2548 perditionem·-

151 2571 187 2633 ut
200 2569 300 2633 <notes
330 2567 445 2633 smeret
474 2568 604 2636 diuitias
633 2567 752 2651 gloriae
780 2587 855 2634 suos
882 2570 914 2633 in
937 2567 1283 2652 serenissimum,

155 2688 234 2754 quoe
256 2673 454 2754 praeparauit
475 2672 508 2737 in
528 2671 687 2756 gloriam?
709 2675 756 2737 sio
778 2673 861 2738 enim
884 2673 938 2755 qui
960 2672 1116 2756 glorietur
1137 2689 1196 2736 non
1218 2671 1284 2737 nisi

152 2773 185 2839 in
207 2773 331 2839 domino
353 2773 517 2859 gloriatur,
540 2794 612 2841 oum
635 2774 795 2860 cognoscit
816 2793 878 2841 non
900 2793 1002 2851 suum,
1032 2775 1087 2840 sed
1107 2773 1194 2840 illius
1216 2790 1285 2839 esse

151 2892 211 2941 non
235 2877 338 2942 selum
360 2880 397 2943 nt
419 2877 472 2955 sit,
500 2895 612 2943 uemnr
634 2878 729 2943 etism
752 2880 789 2942 ιιι
811 2895 873 2943 non
896 2877 958 2943 nisi
979 2877 1020 2943 ub
1042 2877 1098 2943 illo
1121 2878 1198 2943 bene
1219 2876 1283 2942 siti

150 2979 194 3045 sit
214 2998 234 3045 e
256 2997 315 3062 quo
345 2980 439 3046 hebet
467 2985 504 3046 ut
526 2980 581 3048 sit
618 2982 712 3045 nimis
735 2981 839 3064 iisque
861 2979 1040 3064 importune
1062 2979 1205 3046 uisiturz.
1220 2996 1337 3052 nona:

152 3082 255 3147 essent
283 3082 398 3166 quibus
428 3081 504 3148 (leus
534 3077 658 3148 tentem
684 3082 941 3150 benefieientism-
956 3083 1184 3149 miserimrrliee
1199 3099 1284 3148 'enee

150 3186 312 3264 tribueret,
345 3186 373 3251 si
406 3186 499 3251 aliter
531 3203 599 3252 esse
618 3202 701 3253 uon
726 3189 859 3271 possent,
894 3187 955 3253 nisi
978 3190 1103 3252 essent·
1117 3189 1148 3251 et
1180 3184 1215 3249 hi
1247 3183 1288 3250 in.

151 3288 265 3373 quibos
287 3287 447 3356 uindiotee
467 3288 630 3356 iustitium:
645 3292 883 3357 demonstraret.
969 3334 971 3341 ι

186 3390 259 3458 -Gur
279 3393 362 3458 enim
386 3410 449 3458 non
471 3393 597 3475 utrique
616 3393 721 3476 potius
744 3394 860 3472 essent,
889 3394 1010 3476 quondo
1032 3392 1066 3458 in
1087 3391 1228 3475 utrisque
1250 3393 1285 3457 st

152 3492 278 3560 bonitus
301 3494 351 3559 dei
373 3495 407 3561 et
429 3493 604 3578 eeqoslites
633 3495 700 3561 inre
726 3495 949 3580 praelientur?
981 3497 1017 3561 st
1037 3495 1120 3561 enim
1150 3495 1178 3559 si
1206 3493 1327 3568 (leuen

238 3666 271 3721 18
284 3665 318 3721 ei.
331 3667 407 3723 Rom
423 3666 511 3732 11,ae
581 3667 917 3735 montemaureum
986 3666 1179 3723 iletsscor.
1194 3664 1236 3734 10,
1251 3667 1285 3721 17

202 3818 342 3892 isequsli
360 3823 400 3877 Ρι
493 3822 622 3879 4ἀίοιιιιι
639 3823 744 3881 mnne
829 3823 866 3894 se]
884 3819 910 3877 si
926 3822 976 3888 P¹;
999 3837 1084 3879 om.o
1168 3821 1286 3878 billum

153 3906 180 3962 T
273 3909 494 3976 quaerentum
520 3901 698 3967 uoluntPre
799 3902 1009 3980 tegentem
1097 3905 1193 3962 ilreo
1206 3907 1288 3964 MVr

149 3991 199 4048 lues
224 3993 295 4050 Plo
371 3994 408 4049 ³9
434 3995 602 4050 exeellensler
632 3996 657 4051 T
758 3992 792 4051 18
816 3990 909 4065 posset
935 3995 979 4050 Po
1050 4006 1053 4016 ·
1082 3994 1117 4048 14
1141 3992 1287 4064 presules]

150 4072 344 4148 prsesnmstP
409 4082 623 4140 ‘ltetetobe
675 4081 929 4153 'nuperum‘
1023 4072 1218 4151 ii'persuitl'

150 4164 185 4220 28
201 4164 335 4235 glorietur
351 4164 394 4224 Po
484 4169 519 4224 26
536 4172 616 4224 enen
634 4168 663 4224 P
745 4167 949 4224 bonelloentism
967 4167 1011 4223 Pe
1102 4168 1135 4222 ιι
1154 4165 1290 4224 tribuerlt

150 4249 189 4306 1³·
289 4252 483 4309 28institieo
585 4254 847 4325 ffl‘seqnitesPTe
928 4253 1204 4318 *ue-mmm„
1259 4274 1273 4290 ·‹
