2760 4814
239 360 401 430 Excerpta
418 376 454 416 ex
473 377 543 431 opp.
561 363 588 416 S.
605 362 795 432 Augustini
815 362 1022 419 CCLXXXVII.
1130 366 1192 432 927

64 553 164 618 nult.
203 551 287 616 inter
320 570 398 635 quae
430 551 575 630 omnia,
604 553 686 618 sicut
713 553 810 632 scitis,
837 552 1011 618 nominauit
1033 553 1064 617 et
1086 552 1189 618 fidem.

63 656 150 721 siout
180 672 260 739 ergo,
291 655 435 738 quamuis
465 655 580 720 donum
610 655 660 721 dei
689 659 731 722 sit
761 656 845 722 iacta
867 657 968 721 carnis
990 655 1186 735 mortificare,

64 757 202 843 exigitur
229 760 336 823 tamen
367 776 385 823 a
414 757 503 824 nobis
532 760 690 841 proposito
712 759 851 843 praemio
874 760 976 825 uitae:
1002 761 1048 824 ita
1070 760 1187 825 donum

62 861 114 926 dei
138 864 186 925 cst
200 864 231 925 et
249 861 335 938 fides,
352 861 495 943 quamuis
511 862 544 925 et
558 861 637 944 ipsa,
654 880 725 926 curn
741 863 872 928 dicitur:
894 863 927 927 si
951 861 1190 945 credideris,

39 964 204 1031 coaluus
238 964 333 1039 eris,
368 964 525 1047 proposito
557 965 695 1049 praemio
730 966 842 1030 salutis
877 966 1019 1049 exigatur
1049 964 1188 1031 anobis.

62 1068 134 1133 ideo
164 1067 240 1132 haec
269 1066 302 1130 et
323 1065 415 1131 nobis
438 1068 670 1149 praecipiuntur
694 1070 725 1131 et
747 1068 826 1133 dona
848 1066 897 1131 dei
920 1085 987 1131 esse
1009 1070 1188 1133 monstran-

62 1171 125 1248 ιιιι,
149 1173 185 1234 ιιι
207 1169 421 1250 intellegatur,
446 1172 527 1251 quod
550 1173 580 1235 et
603 1189 659 1236 nos
674 1189 711 1234 ea
733 1169 866 1234 iacimus
889 1173 921 1233 et
942 1171 1019 1235 deus
1042 1169 1131 1251 iacit,
1154 1172 1191 1235 ut

62 1274 120 1338 illa
150 1271 314 1348 faciamus,
345 1271 428 1337 sicut
458 1292 513 1356 per
542 1273 726 1356 prophetam
754 1271 970 1337 Ezechibelem
991 1273 1188 1353 apertissime

63 1376 152 1441 dicit.
187 1375 260 1457 quid
291 1374 374 1439 enim
405 1376 543 1458 apertius
566 1393 660 1457 quam
683 1374 738 1439 nbi
760 1374 851 1441 dicit:
876 1393 943 1459 ego
966 1376 1126 1454 faciam,
1149 1377 1191 1440 ιιι

24 1479 255 1548 refaciatis?
278 1479 382 1543 locum
404 1481 506 1561 ipsum
529 1479 699 1560 scripturae
721 1478 884 1557 attendite,
908 1482 939 1543 et
961 1478 1110 1543 uidebitis
1136 1480 1191 1546 illa

62 1584 157 1648 deum
179 1582 362 1665 promittere
385 1580 541 1646 facturum
563 1599 597 1646 se
618 1585 654 1646 ut
676 1581 804 1665 iaciant,
821 1601 899 1665 quae
922 1583 1018 1668 iubet,
1043 1582 1079 1648 ut
1099 1582 1188 1649 fiant.

62 1704 126 1751 uon
155 1702 229 1750 sane
250 1684 295 1748 ibi
319 1685 402 1749 tacet
424 1684 538 1749 merita
560 1701 677 1765 eorum,
700 1684 755 1749 sed
776 1686 869 1769 mala,
893 1684 1005 1768 quibus
1027 1703 1061 1750 se
1085 1690 1189 1752 osten-

63 1789 112 1853 dit
145 1787 271 1853 reddere
303 1807 357 1871 pro
390 1789 482 1854 malis
515 1788 597 1852 bona
623 1787 681 1853 hoc
709 1787 785 1869 ipso,
817 1807 877 1870 quo
900 1806 951 1854 eos
974 1788 1051 1854 facit
1073 1789 1187 1855 babere

63 1890 210 1974 deinceps
225 1907 319 1972 opera
334 1891 423 1969 bona,
447 1909 517 1955 cum
533 1889 599 1973 ipsc
614 1889 701 1969 lacit,
717 1894 754 1956 ut
775 1890 893 1956 iaciant
907 1891 1013 1956 diuina
1028 1892 1158 1957 mandat
1180 1943 1187 1955 .

27 2038 54 2080 ra
106 2010 167 2077 Sed
200 2011 300 2076 omnis
333 2010 412 2076 haec
448 2010 539 2090 ratio,
573 2029 636 2093 qna
669 2009 865 2076 defendimus
898 2011 1034 2095 gratiam
1062 2012 1111 2078 dei
1132 2030 1188 2095 per

60 2113 164 2180 Iesum
188 2113 345 2180 Christum
373 2114 532 2181 dominum
562 2118 704 2179 nostrum
732 2132 805 2179 uere
828 2133 894 2179 esse
916 2116 1061 2199 gratiam,
1084 2116 1116 2180 id
1139 2120 1187 2182 est

61 2236 124 2283 nou
157 2219 326 2283 secuudum
361 2217 475 2282 merita
511 2218 619 2282 nostra
655 2217 733 2295 dari,
770 2218 913 2299 quamuis
951 2217 1185 2283 euidentissime

61 2318 240 2386 diuinorum
270 2320 462 2403 eloquiorum
488 2320 678 2386 testimoniis
702 2322 870 2404 asseratur,
893 2324 998 2386 tamen
1020 2321 1100 2405 apud
1125 2338 1186 2403 eos,

60 2424 125 2505 qui,
156 2423 217 2488 nisi
240 2423 358 2506 aliquid
380 2423 440 2487 sibi
462 2423 620 2506 assignent
643 2423 723 2505 quod
746 2424 862 2506 priores
884 2422 968 2500 dent,
992 2425 1028 2489 ut
1049 2424 1183 2489 retribu-

30 2526 133 2591 entur
164 2526 219 2607 eis,
251 2527 289 2592 ab
319 2526 404 2591 omni
434 2526 537 2591 studio
566 2525 693 2609 pietatis
716 2526 845 2607 reprimi
867 2526 1042 2609 copulant,
1065 2526 1187 2593 laborat

60 2628 227 2712 aliqnando
249 2630 281 2694 in
303 2630 406 2693 aetate
430 2628 584 2694 maiorum
601 2628 664 2694 iarn
680 2629 837 2694 utentium
851 2628 1026 2694 uoluntatis
1047 2628 1185 2696 arbitrio.

59 2732 116 2796 sed
147 2730 200 2797 ubi
231 2729 355 2795 uenitur
384 2730 424 2795 ad
446 2732 593 2814 paruulos
616 2736 647 2796 et
670 2730 834 2814 adipsum
857 2732 1059 2797 mediatorem
1082 2732 1132 2797 dci
1154 2736 1188 2797 et

59 2833 235 2909 hominum,
264 2833 423 2899 bominem
452 2832 614 2899 Christum
643 2836 757 2915 Iesum,
792 2835 894 2899 omnis
924 2835 1029 2902 deficit
1061 2852 1186 2917 praece-

59 2935 204 3004 dentium
225 2938 359 3021 gratiam
380 2936 430 3002 dei
452 2937 657 3003 humanorum
679 2939 811 3003 assertio
827 2937 1021 3019 meritorum,
1044 2938 1117 3020 quia
1130 2955 1188 3002 nec

16 3040 108 3106 asilli
138 3039 212 3104 ullis
241 3039 330 3106 bonis
358 3041 610 3123 praecedentibus
634 3040 755 3106 meritis
777 3041 996 3105 discernuntur
1018 3058 1037 3104 a
1060 3040 1184 3123 ceteris,

58 3144 97 3209 ιιι
117 3143 296 3225 pertineant
317 3142 357 3207 ad
379 3141 576 3209 liberatorem
599 3142 772 3227 hominnm,
795 3161 852 3207 uec
873 3142 929 3208 ille
950 3142 1024 3207 ullis
1040 3140 1186 3207 humanis

56 3245 314 3330 praecedentibus
336 3245 467 3329 meritis,
492 3263 562 3310 oum
585 3247 616 3311 et
638 3246 705 3330 ipse
726 3246 768 3311 sit
790 3247 892 3324 homo,
915 3244 1065 3310 liberator
1083 3244 1185 3311 lactus

57 3350 106 3413 est
127 3346 299 3412 bominum.

100 3449 180 3532 Quis
214 3449 299 3515 enirn
321 3450 437 3530 audiat,
471 3451 554 3533 quod
577 3452 723 3517 dicuntur
750 3450 876 3534 paruuli
903 3468 958 3535 pro
986 3451 1050 3516 suis
1071 3448 1186 3515 futuris

14 3552 182 3619 mmeritis
203 3555 236 3618 in
259 3553 328 3636 ipsa
349 3553 488 3620 infantili
511 3554 616 3620 aetate
639 3555 789 3637 baptizati
811 3554 892 3619 exire
914 3553 1031 3619 dehac
1053 3553 1130 3629 uita,
1154 3557 1186 3617 et

160 3756 178 3811 4
196 3756 271 3812 Rom.
291 3758 332 3824 10,
349 3758 367 3811 9
470 3760 486 3813 9
504 3758 597 3813 Erech.
616 3758 657 3825 36,
676 3759 709 3813 27
813 3758 848 3812 22
865 3759 900 3813 ci.
916 3756 1010 3812 ITim.
1029 3758 1089 3824 25

107 3946 126 4001 3
153 3948 243 4000 tamen
270 3946 306 4001 V:
336 3947 426 4001 antem
452 3947 481 4001 P
581 3947 598 4000 6
624 3946 683 4001 idco
711 3946 746 4001 V:
775 3945 834 4000 ideo
861 3947 932 4000 euim
962 3945 1016 4001 GP
1117 3945 1187 4000 dona

59 4030 125 4087 GP:
161 4029 230 4084 dono
253 4031 279 4085 V
378 4031 393 4085 ‘l
418 4032 595 4103 intellegatur
612 4033 664 4088 P’:
700 4032 895 4103 intellegantur
913 4031 981 4087 P¹V
1079 4031 1111 4086 21
1135 4031 1185 4085 eli·

57 4116 165 4187 qnando
187 4116 254 4173 PV:
284 4118 453 4188 aliquantum
479 4138 497 4173 a
598 4119 868 4189 a4qub11quiev
970 4118 1005 4171 29
1025 4117 1097 4171 enim
1118 4116 1185 4172 GP:

56 4203 193 4259 cniemV
285 4203 412 4259 dicuutur
431 4205 498 4261 GP:
527 4205 622 4260 dicunt
643 4206 669 4260 V
763 4204 798 4259 30
815 4203 947 4273 infantili]
966 4203 1082 4258 infantia
1100 4202 1138 4271 (in
1153 4202 1185 4256 ιἰι

55 4290 87 4346 ili
105 4304 176 4346 corr.
193 4306 228 4344 os
246 4292 273 4359 1)
300 4291 326 4347 V
357 4291 492 4346 infantieli
515 4295 542 4359 (a
559 4292 673 4361 ras.)G
