2760 4814
336 368 502 437 Excerpta
520 384 556 421 ex
575 383 643 437 opp.
661 366 687 419 S.
706 365 897 435 Augustini
919 364 1084 421 cctxxxl.
1143 446 1145 451 Ι
1212 365 1273 431 901

142 560 349 642 adstipulatio
360 565 464 623 uestra
479 560 536 623 est.
558 576 597 621 ne
610 556 688 622 forte
700 556 798 638 aliqui
810 555 947 638 ipsorum
960 557 992 620 et
1002 573 1057 620 nos
1070 555 1274 622 condemnent

143 666 177 730 et
199 681 265 741 nos,
295 661 496 728 defendamus
519 679 574 725 nos
596 661 633 725 de
656 659 794 744 apostolo
817 659 925 738 Paulo,
954 658 1125 739 uideamus,
1148 660 1175 724 si
1198 660 1274 725 talia

142 767 268 850 optauit
289 766 374 848 plebi
396 784 470 830 snae
502 798 540 811 -
571 764 676 829 audite
705 763 780 846 quid
808 763 920 827 dixerit
949 799 992 809 -
1020 763 1124 846 qualia
1150 781 1273 829 oramus

140 888 315 952 supernos
338 869 455 945 audite,
471 868 544 949 quid
567 866 679 931 dixerit
701 865 834 949 quodam
856 866 931 930 loco.
963 886 1030 931 rem
1045 867 1172 931 breuem
1195 869 1271 935 dioc.

117 972 218 1056 equid
234 972 325 1049 dicis,
349 991 461 1037 cnoue
483 972 647 1051 haeretice,
672 970 857 1053 quicumque
882 990 932 1035 me
957 969 1054 1048 audis,
1077 971 1105 1034 si
1127 989 1271 1054 praesens

140 1078 199 1141 es?
222 1076 295 1158 quid
318 1074 421 1141 diois?
443 1075 515 1156 quie
537 1092 597 1138 non
612 1092 737 1155 peccare
760 1073 792 1137 in
813 1074 967 1156 potestate
989 1073 1034 1136 sio
1054 1074 1214 1151 habemus
1235 1079 1273 1139 ut

139 1178 200 1243 hoc
215 1180 282 1242 sine
298 1179 450 1243 adiutorio
467 1177 591 1241 diuinae
612 1180 730 1260 gratiae
753 1177 882 1259 implere
904 1178 1079 1258 possimus?
1101 1176 1159 1240 hoc
1172 1177 1271 1243 dicis?

140 1281 241 1365 ,hoo¹‘
270 1280 381 1362 inquit.
405 1298 477 1363 ergo
503 1280 535 1344 in
552 1284 703 1362 potestate
719 1280 866 1344 habemus
883 1298 944 1344 non
959 1297 1084 1361 peccare
1099 1279 1166 1343 sine
1181 1281 1269 1345 adiu-

140 1387 219 1449 torio
233 1384 305 1449 deii
319 1388 443 1469 ,plane“
459 1384 578 1467 inquit,
598 1384 749 1462 ,liberum
762 1382 928 1448 arbitrium
941 1384 1081 1447 nostrum
1094 1382 1202 1447 adhoc
1215 1401 1269 1447 no-

103 1487 190 1556 robis
206 1487 352 1552 sufficit.“
376 1487 449 1569 quid
466 1490 513 1550 eet
529 1504 610 1570 ergo,
626 1485 708 1569 quod
722 1486 767 1549 ait
782 1485 939 1567 apostolus
953 1485 1091 1549 scribens
1108 1487 1146 1550 ad
1160 1484 1268 1551 Corin-

138 1592 246 1657 thios?
269 1609 419 1657 oramus
441 1592 486 1656 ad
509 1591 638 1668 deum,
661 1609 705 1655 ne
730 1589 821 1671 quid
844 1589 1007 1654 faciatis
1030 1588 1130 1653 mali.
1166 1593 1268 1654 atten-

139 1694 241 1771 distis,
270 1693 412 1771 audistie,
445 1694 608 1777 accepistis
638 1697 678 1774 et,
708 1694 781 1775 quia
809 1693 1098 1759 manifestissimum
1121 1698 1178 1777 est,
1201 1695 1268 1759 sine

137 1799 232 1864 dubio
263 1799 462 1863 intellexistis
493 1798 567 1880 quid
598 1797 700 1862 orauit
733 1797 901 1878 apostolus.
946 1815 1120 1872 oramus,
1155 1798 1268 1880 inquit,

137 1903 184 1967 ad
208 1903 334 1981 deum,
351 1921 394 1966 ne
411 1900 506 1983 quid
529 1900 693 1964 faciatis
709 1900 813 1963 mali.
837 1903 957 1982 poterat
973 1899 1091 1965 dicere:
1107 1920 1267 1967 monemus

103 2025 205 2087 renue,
229 2003 386 2086 nequid
410 2003 577 2068 faciatis
600 2004 711 2079 mali,
735 2001 881 2067 docemus
905 2021 968 2082 uos,
992 2006 1150 2087 nequid
1174 2005 1266 2071 iaci·

137 2109 217 2173 atis
240 2108 349 2185 mali,
373 2107 515 2172 iubemus
530 2107 628 2188 uobis,
652 2105 858 2188 praecipimus
873 2107 972 2171 uotis.
996 2109 1219 2191 quodquidam
1239 2112 1267 2174 si

137 2212 263 2291 diceret,
295 2213 414 2276 certum
437 2212 560 2284 diceret,
590 2212 663 2293 quia
685 2213 716 2274 et
738 2211 883 2274 uoluntas
912 2216 1019 2275 nostra
1042 2210 1108 2294 agit
1130 2212 1265 2293 aliquid;

136 2333 199 2379 nou
222 2313 305 2379 enim
328 2314 472 2380 uoluntas
494 2319 597 2379 nostra
619 2312 699 2378 nihil
721 2313 796 2397 agit.
816 2314 881 2378 sola
903 2332 963 2377 non
986 2313 1116 2378 sufficit.
1154 2314 1266 2381 maluit

135 2424 243 2483 tamen
265 2417 382 2482 dicere:
416 2435 583 2495 oramus,
614 2420 650 2481 ut
671 2418 771 2499 ipsam
794 2416 930 2500 gratiam
959 2419 1201 2501 commendaret,
1230 2424 1266 2483 ut

99 2518 354 2602 wintellcgereut
382 2520 441 2598 illi,
472 2520 591 2602 quaudo
623 2538 681 2584 non
711 2520 831 2584 faciunt
859 2521 978 2602 aliquid
1008 2523 1092 2600 meli,
1116 2542 1177 2588 non
1200 2524 1266 2589 sola

134 2641 193 2687 sua
213 2621 379 2688 uoluntate
400 2643 432 2688 se
456 2625 556 2689 uitare
572 2623 699 2698 malum,
723 2623 777 2687 sed
799 2623 953 2688 adiutorio
975 2625 1024 2689 dci
1040 2624 1167 2707 implere
1184 2627 1265 2709 quod

134 2729 258 2793 iussum
280 2734 337 2792 cst.

177 2847 270 2931 Ergo,
293 2846 415 2926 fratres,
440 2850 560 2929 quando
584 2848 783 2931 praecipitur,
807 2850 964 2931 agnoscite
988 2850 1161 2915 uoluntatis
1178 2849 1262 2916 arbi·

132 2950 242 3027 trium,
266 2953 386 3035 quando
408 2957 515 3016 oratur
537 2953 617 3034 quod
640 2951 840 3034 praecipitur,
863 2952 1020 3035 agnoscite
1036 2955 1154 3036 gratiae
1170 2955 1264 3019 bene-

95 3055 251 3120 aeficium.
298 3059 462 3138 utrumque
485 3056 622 3120 enimin
646 3055 807 3137 scripturis
831 3056 944 3120 habes:
967 3060 998 3120 et
1019 3056 1209 3139 praecipitur
1232 3061 1263 3121 et

132 3160 251 3223 oratur.
290 3159 370 3241 quod
392 3159 589 3240 praecipitur,
616 3158 672 3223 hoc
693 3164 809 3224 oratur.
847 3159 950 3224 uidete
969 3158 1043 3241 quid
1059 3159 1135 3223 dico.
1173 3179 1262 3241 prae·

130 3261 260 3343 cipitur,
283 3262 320 3324 ut
335 3261 564 3345 intellegamus.
588 3263 739 3343 quomodo
756 3262 954 3345 praecipitur,
970 3266 1008 3327 ut
1022 3263 1263 3344 intellegamus?

130 3364 261 3430 nolite
283 3380 368 3428 esse
389 3364 497 3428 sicut
520 3382 640 3445 equus
664 3368 702 3428 et
723 3364 865 3445 mulus,
888 3383 961 3430 non
991 3365 1184 3429 habentes
1206 3365 1261 3430 in·

129 3467 351 3531 tellectum.
382 3466 522 3550 audistis,
546 3471 618 3549 quia
634 3467 753 3532 iussum
768 3474 831 3548 eet,
854 3470 933 3550 pete,
957 3470 992 3532 nt
1012 3470 1109 3550 possis
1131 3466 1262 3551 implere

93 3571 216 3654 acquod
239 3570 359 3634 iussum
381 3573 440 3634 est.
476 3571 666 3654 ,quomodo“
693 3573 793 3653 inquis
819 3569 950 3654 ,peto?⁴
968 3573 1041 3637 audi
1063 3570 1260 3652 scripturam.

236 3774 266 3826 11
292 3772 322 3826 II
341 3772 397 3828 Cor.
417 3774 491 3839 lat
596 3774 630 3829 28
648 3774 691 3827 Ps.
710 3774 787 3837 31.9

182 3961 198 4014 1
226 3961 383 4015 condemnet
412 3962 467 4017 GP
564 3963 581 4017 3
608 3962 694 4031 plebi.
720 3967 744 4025 (s
772 3968 836 4028 ros.)
865 3965 892 4019 P
996 3966 1028 4019 10
1054 3965 1154 4020 suflicit
1181 3966 1260 4022 P¹V:

128 4046 249 4101 sufficiat
267 4046 303 4101 Ρ1
389 4048 422 4101 14
440 4046 528 4116 deum}
548 4047 684 4102 dominum
704 4049 731 4102 P
816 4054 919 4117 poterat
933 4050 1098 4106 dicere-15
1115 4052 1179 4106 mali
1197 4053 1259 4109 GP:

131 4150 182 4189 om.
202 4134 238 4189 M
243 4133 268 4187 V
351 4138 456 4202 poterat
475 4135 512 4187 1’:
543 4140 680 4205 propterea
700 4137 736 4190 θ’
772 4140 908 4205 praeterea
924 4139 960 4192 θ’*
1046 4140 1141 4209 dicere]
1161 4140 1260 4194 diceret

131 4218 171 4275 θ’
269 4218 304 4273 20
321 4219 378 4271 sola
397 4219 463 4273 GV:
494 4220 580 4273 solum
600 4221 627 4274 P
723 4222 756 4275 27
775 4223 906 4291 quomodo
925 4225 1086 4293 praecipitur
1105 4227 1260 4293 (percipitur

127 4304 167 4371 P)
185 4306 219 4357 ut
237 4303 427 4372 intellegamus
445 4304 515 4357 1³1³:
546 4321 595 4357 oua
617 4308 642 4359 (ι’
746 4307 780 4361 29
798 4310 861 4375 quia
880 4308 957 4362 P¹l':
987 4308 1057 4377 quod
1075 4310 1115 4363 P²
