2760 4814
181 281 245 349 810
662 277 827 347 Eugippii

182 468 310 555 gendns.
349 467 430 553 quod
459 466 543 534 enim
572 469 698 551 propter
727 485 759 532 se
782 468 973 552 diligendum
995 467 1052 548 est,
1075 467 1109 531 in
1132 484 1168 533 oo
1192 465 1310 532 consti·

183 573 285 639 tuitnr
312 571 406 638 beato
433 570 512 649 uite
547 571 635 635 cuius
665 570 760 635 etiem
789 569 816 635 si
846 570 984 635 nondum
1013 586 1073 648 ros,
1102 571 1213 634 tumm
1242 586 1309 651 spes

184 675 250 740 eius
279 692 333 740 nos
362 674 421 739 hoo
450 674 589 756 temporo
617 674 802 739 consoletur.
840 673 1078 740 maledictus
1107 673 1218 738 eutem
1247 669 1310 756 qni

184 796 291 861 spem
313 796 425 842 suom
448 779 559 859 ponit
580 776 618 842 in
641 776 844 842 hominem.
874 775 927 840 sed
949 793 1006 840 neo
1028 792 1062 839 se
1078 774 1146 857 ipso
1162 772 1310 857 quisfrui

184 880 287 960 debet,
318 880 346 945 si
375 880 493 962 liquide
523 878 679 959 oduertns
710 878 785 960 quia
812 896 870 943 nec
889 896 921 942 se
944 877 1046 961 ipsum
1070 876 1163 942 debet
1183 880 1338 960 propiore

183 1002 217 1049 se
239 967 342 1067 ipsum
357 983 497 1067 diligere,
521 983 575 1049 sed
597 985 722 1065 proptor
743 981 822 1048 illud
844 981 925 1064 quod
948 981 1112 1047 fruendum
1135 984 1196 1047 ost
1235 984 1308 1046 tunc

182 1090 231 1152 est
259 1087 372 1170 qnippe
403 1087 539 1169 optimus
572 1086 672 1165 homo,
700 1103 770 1150 cum
799 1085 867 1150 tote
895 1083 964 1149 nito
985 1102 1042 1150 sne
1062 1083 1169 1167 pergit
1196 1085 1233 1149 in
1261 1084 1308 1149 in·

182 1189 437 1257 commutabilem
457 1187 557 1254 uitam
584 1190 615 1253 et
643 1188 709 1253 toto
737 1187 852 1253 effectu
881 1187 1022 1252 inhoerot
1049 1185 1109 1251 illi.
1148 1187 1177 1252 si
1202 1188 1309 1253 autom

182 1311 215 1358 so
236 1293 362 1376 propter
383 1311 416 1357 se
439 1290 551 1374 diligit,
574 1308 635 1355 non
658 1309 689 1355 se
711 1288 807 1354 refert
828 1290 867 1355 sd
890 1289 994 1372 deum,
1016 1288 1071 1354 sed
1085 1289 1126 1354 ad
1147 1306 1182 1355 se
1204 1290 1308 1372 ipsum

183 1411 347 1459 conuersus
368 1410 430 1459 non
451 1393 492 1458 od
517 1391 772 1457 incommutabile
794 1392 911 1474 eliquid
934 1390 1127 1457 conuertitur
1155 1394 1189 1457 et
1217 1411 1336 1477 prop-o

183 1499 271 1561 tores
299 1497 363 1560 iem
391 1513 462 1560 cum
496 1493 620 1561 delectu
648 1495 750 1577 sliquo
780 1514 813 1560 se
842 1495 966 1574 fruitur,
1003 1495 1077 1577 quin
1107 1494 1223 1561 melior
1252 1500 1307 1572 eet,

185 1616 256 1664 cum
284 1601 369 1664 totus
398 1598 538 1664 inhaeret
566 1601 658 1681 atquo
687 1598 910 1681 constringitur
943 1596 1191 1662 incommutabili
1221 1599 1306 1676 bono,

183 1719 278 1783 quom
301 1719 372 1766 cum
393 1700 465 1765 inde
487 1702 539 1766 uel
561 1701 600 1766 ed
622 1719 656 1766 se
678 1701 781 1783 ipsum
804 1700 969 1766 relaxetur.
1006 1699 1033 1765 si
1055 1718 1127 1782 ergo
1150 1697 1307 1783 teipsum

184 1819 243 1868 nou
266 1804 390 1885 proptor
413 1805 444 1867 te
460 1803 551 1868 debes
567 1801 707 1886 diligere,
730 1805 783 1869 sed
797 1803 922 1885 propter
939 1802 1040 1881 illum,
1063 1803 1117 1868 ubi
1131 1802 1307 1870 dilectionis

183 1907 259 1971 tune
294 1905 484 1970 rectissimus
518 1905 589 1970 linis
621 1907 684 1984 est,
721 1924 781 1971 non
815 1907 994 1970 suscensent
1024 1902 1105 1969 elius
1142 1904 1245 1985 homo,
1281 1906 1334 1971 siu

184 2009 282 2073 etism
303 2009 405 2091 ipsum
426 2011 551 2091 propter
573 2010 664 2074 deum
680 2008 795 2090 diligis.
823 2007 898 2074 hseo
914 2009 997 2072 onim
1011 2006 1119 2091 regule
1134 2007 1308 2075 dilectionis

185 2111 335 2177 diuinitus
358 2114 527 2178 constituta
549 2116 611 2176 eet:
643 2111 806 2196 diliges,
829 2112 940 2194 inquit,
964 2112 1180 2194 proximum
1203 2112 1308 2176 tuum

184 2218 378 2298 tamquam
408 2220 445 2280 te
475 2216 624 2298 ipsum;
658 2217 766 2280 doum
789 2233 861 2280 uero
883 2234 924 2278 ex
952 2216 1035 2279 toto
1065 2214 1180 2280 corde
1206 2217 1246 2280 ot
1268 2234 1308 2280 er

185 2321 268 2384 tota
301 2320 426 2385 anime
458 2321 497 2384 et
528 2338 569 2383 ex
599 2321 683 2384 tota
717 2321 859 2395 mente,
893 2320 929 2383 ut
965 2336 1070 2383 omnes
1107 2317 1308 2402 eogiceuones

183 2422 255 2486 tuos
284 2425 316 2487 et
345 2440 467 2487 omnem
499 2423 598 2488 uitam
621 2428 653 2488 et
674 2441 797 2487 omnem
828 2422 1022 2487 intellectum
1051 2422 1085 2485 in
1115 2421 1209 2487 illum
1238 2439 1336 2487 oon-c

184 2525 280 2603 feres,
310 2544 329 2589 a
357 2542 416 2608 quo
445 2524 541 2590 bobes
570 2542 607 2589 eo
637 2526 702 2610 ipse
731 2543 808 2608 quoe
841 2525 970 2590 confers.
1010 2542 1081 2589 cum
1112 2527 1218 2588 eutem
1247 2524 1309 2590 eit:

185 2627 269 2693 toto
305 2629 437 2708 corde,
472 2630 559 2694 tota
593 2631 737 2705 anima,
776 2631 861 2693 toto
888 2629 1031 2706 mente,
1067 2628 1188 2692 nullom
1223 2628 1310 2694 niteo

184 2733 308 2796 nostroe
337 2734 458 2813 partem
487 2731 621 2814 reliquit,
651 2749 730 2814 quoe
760 2749 871 2796 necere
897 2730 1010 2796 debeat
1032 2734 1063 2795 et
1085 2732 1176 2813 quusi
1208 2730 1311 2798 locum

185 2835 269 2914 duro,
300 2838 335 2899 ut
364 2855 397 2900 re
420 2835 484 2900 olis
516 2834 594 2900 uelit
627 2834 701 2910 frui,
734 2836 786 2899 sed
817 2834 965 2916 quidquid
998 2831 1082 2898 eliud
1115 2833 1312 2918 diligendum

185 2939 306 3004 uenerit
327 2938 527 3021 inanimum,
550 2938 626 3003 illuc
647 2938 786 3022 repletur
801 2955 861 3019 quo
876 2936 960 3001 totus
976 2935 1151 3003 dilectionis
1175 2937 1345 3021 impetuss

186 3040 294 3107 currit.
340 3042 478 3124 quisquis
511 3060 583 3125 ergo
616 3043 699 3105 recte
728 3040 834 3125 diligit
866 3039 1049 3123 proximum,
1083 3039 1142 3105 hoc
1175 3058 1249 3106 cum
1279 3059 1313 3108 eo

186 3145 279 3212 debet
297 3163 398 3229 egere,
421 3147 457 3208 ut
479 3145 575 3208 etiam
596 3145 661 3228 ipse
683 3143 748 3207 toto
771 3141 871 3220 corde,
895 3143 961 3206 tote
982 3144 1096 3219 anime,
1118 3144 1187 3209 tots
1209 3147 1315 3210 menie

186 3245 301 3332 diliget
324 3247 426 3313 doum.
456 3245 501 3311 sic
522 3245 605 3311 enim
628 3263 699 3310 eum
722 3244 854 3328 diligens
870 3247 1030 3326 tamquam
1047 3263 1079 3309 so
1093 3245 1198 3328 ipsum
1212 3246 1315 3313 lolem

288 3432 398 3488 3Hicr.
414 3433 483 3501 lt,t
575 3433 607 3487 ll
625 3431 689 3487 Len.
704 3431 790 3497 19,18
829 3431 977 3498 Dentes
1017 3431 1227 3499 manumet.
1244 3433 1281 3488 39

238 3602 308 3672 loo]
327 3601 392 3657 add.
413 3603 451 3658 θ’
467 3618 544 3672 ougo.
562 3616 633 3657 uere.
746 3600 912 3669 diligendum
932 3602 1015 3657 GPoc
1044 3602 1199 3673 diligendus
1221 3602 1247 3657 V

184 3686 350 3742 4homiuom
367 3688 393 3741 V
403 3693 454 3758 (or.
468 3688 512 3744 ἐπ’
524 3686 701 3761 dodonam:
728 3687 836 3741 homine
849 3687 919 3743 01³0
1013 3689 1085 3758 ipsos
1101 3693 1125 3757 (s
1136 3694 1205 3758 rac)
1219 3690 1247 3746 θ

185 3771 247 3841 quis
267 3772 305 3828 V:
331 3773 443 3842 quisque
462 3774 532 3830 01³»
634 3772 770 3842 bliqnide
789 3773 872 3828 GPoz
898 3772 1001 3842 aliquid
1026 3774 1053 3829 V
1150 3775 1257 3831 tillud
1282 3777 1318 3832 V:

185 3857 265 3912 illum
285 3857 354 3914 oPo
440 3860 511 3927 quod
525 3859 604 3916 6¹1¹:
631 3875 683 3928 quo
697 3858 778 3915 G'Po
862 3857 989 3913 {mendu-
1003 3861 1104 3926 (sroc.)
1120 3859 1147 3915 G
1234 3861 1318 3917 lob-

184 3943 305 3998 timuso
392 3943 518 3999 8sffeetu
532 3941 843 4012 (nosocomorum
931 3944 966 3998 1o
982 3945 1084 4015 aliquid
1097 3945 1176 4001 6¹1⁷:
1203 3946 1318 4017 aliquod

187 4027 227 4084 θ’
254 4028 344 4099 aliquo
365 4029 439 4085 cdo
547 4030 580 4084 12
603 4031 723 4085 inhaeret
744 4031 779 4087 V:
810 4029 900 4084 haeret
925 4030 996 4086 cPo
1104 4031 1137 4086 15
1160 4037 1321 4088 succensent

187 4115 231 4172 Go
327 4114 710 4174 dius0⁸t⁷=e1iuoe0¹e
808 4116 975 4186 dereliquid
996 4117 1051 4173 G'o
1151 4117 1188 4172 26
1206 4135 1267 4174 cnm
1287 4137 1319 4175 eo

187 4201 256 4259 072
283 4202 373 4257 toturn
391 4215 453 4256 eoo
555 4202 588 4257 st
608 4205 665 4258 toto
683 4204 773 4259 enims
793 4204 841 4267 0';
870 4219 941 4258 corr.
959 4205 1032 4257 Μ
