2760 4814
295 346 463 417 Excerpta
479 363 516 402 ex
533 360 603 417 opp.
622 345 649 401 S.
665 348 855 419 Augustini
876 344 1008 404 coxon.
1155 350 1219 417 789

83 538 182 625 iymis
204 543 237 606 et
253 538 312 605 hac
333 557 368 603 ro
382 538 490 606 audita
505 539 721 617 mouebantur,
743 539 790 605 ait
803 539 875 622 post
888 543 1008 606 cetera:
1031 558 1114 606 cum
1136 558 1217 607 coe·

82 644 229 729 piscem
256 644 386 708 autem
408 642 520 726 loqui
542 642 587 708 ad
608 640 721 722 illos,
744 642 892 708 cecidit
911 643 1081 725 spirituo
1108 660 1217 709 saue·

82 745 349 823 codicillos,
376 746 483 811 sicut
511 748 549 811 et
571 748 610 811 iu
632 762 702 810 nos
729 745 862 814 initio.
899 747 1218 828 memoratusque

83 868 168 916 sum
202 850 314 915 uerbi
343 850 507 930 domiui,
542 849 650 914 siout
683 848 857 914 dicebat:
893 853 985 931 quia
1017 848 1218 914 Iohannes

58 953 244 1035 equidem
273 951 505 1035 baptiaauit
538 970 650 1034 aqua,
686 969 753 1016 uos
782 968 871 1018 uero
904 950 1217 1033 baptizabimini

82 1055 236 1139 spiritu
257 1057 404 1120 sancto.
426 1056 457 1119 si
480 1055 609 1137 igitur
630 1054 795 1136 aequale
825 1054 969 1120 donum
998 1054 1109 1120 dedit
1129 1053 1219 1120 illis

57 1157 189 1222 ¹sicut
211 1159 250 1223 et
272 1158 480 1240 uobis‚qui
503 1156 741 1223 credidimus
759 1159 951 1224 domiuum
967 1158 1096 1223 Iesum
1112 1154 1218 1223 Chri·

82 1264 203 1339 stum,
234 1280 303 1346 ogo
333 1262 423 1344 quis
453 1279 577 1338 eram,
600 1258 667 1344 qui
689 1277 849 1343 possem
869 1260 1082 1345 prohibere
1104 1263 1216 1328 deum

82 1382 160 1430 nou
182 1363 276 1430 dore
299 1362 388 1430 illie
412 1362 602 1447 spiritum
623 1366 827 1430 sanctum?
854 1368 886 1429 et
919 1364 1023 1431 multa
1051 1363 1115 1430 alia
1143 1370 1218 1431 sunt

44 1495 72 1536 ιο
82 1468 264 1534 testimonia
285 1466 529 1552 scripturarum,
564 1484 643 1549 quae
665 1467 860 1533 concorditer
888 1467 1079 1533 attestantur
1101 1467 1216 1534 donum

83 1573 136 1639 dei
159 1590 225 1638 esse
249 1570 395 1653 spiritum
416 1572 572 1647 sanctum,
596 1568 799 1652 inquantum
820 1571 912 1637 datur
935 1570 1049 1652 eisqui
1071 1588 1127 1653 por
1145 1589 1216 1637 eum

83 1675 224 1761 diligunt
246 1676 350 1740 deum.
380 1674 433 1739 sed
456 1672 550 1739 nimis
572 1672 704 1756 longum
726 1673 775 1739 ost
789 1679 903 1740 cuncta
917 1676 1073 1760 colligere,
1095 1674 1217 1757 etquid

84 1778 132 1845 eis
155 1777 232 1844 satis
254 1778 303 1843 est
325 1776 437 1860 quibus
460 1775 534 1842 haec
558 1793 637 1859 quae
658 1776 793 1842 diximus
815 1776 894 1843 satis
916 1795 979 1843 nou
1001 1779 1099 1843 sunt?

127 1898 208 1967 Saue
237 1899 425 1967 admouendi
447 1901 537 1977 sunt,
568 1900 692 1982 quaudo
720 1901 848 1984 quidem
869 1904 985 1968 donum
1008 1901 1058 1968 dei
1081 1901 1144 1966 iam
1166 1898 1216 1964 ui·

39 2003 161 2073 1cdent
183 2002 304 2069 dietum
327 2002 474 2086 spiritum
497 2003 546 2068 dei
570 2004 723 2081 sanctum,
746 2006 790 2082 ut,
814 2020 886 2069 oum
902 2005 1052 2070 audiuut=
1075 2006 1216 2069 donum

80 2106 253 2189 spirituo
287 2105 433 2188 sancti,
470 2104 552 2170 illud
585 2124 682 2189 genus
714 2105 883 2172 locutionis
923 2110 1102 2191 agnoscant,
1133 2105 1215 2189 quod

80 2208 283 2276 dictumest:
307 2210 346 2274 iu
368 2206 642 2290 expoliatione
665 2208 841 2290 corporis
868 2208 1007 2275 carnis.
1029 2208 1216 2274 sicutenim

80 2330 194 2396 corpus
216 2311 317 2378 munio
346 2310 427 2375 nihil
449 2309 536 2377 aliud
559 2314 606 2378 est
628 2328 724 2394 quam
745 2328 833 2391 caro,
866 2311 911 2377 sio
940 2312 1055 2378 donum
1084 2310 1216 2394 spiritua

81 2414 186 2482 sancti
209 2414 292 2480 nihil
313 2412 399 2480 aliud
423 2414 472 2479 est
494 2432 588 2497 quam
611 2413 741 2496 spirituo
764 2416 902 2482 sauctus.
937 2414 970 2480 in
992 2416 1118 2481 tautum
1140 2431 1216 2496 ergo

42 2517 201 2587 sodomum
223 2516 274 2583 dci
297 2518 363 2595 est,
390 2516 423 2580 in
445 2516 600 2599 quantum
622 2519 715 2583 datur
737 2517 782 2581 cis
805 2518 917 2599 quibus
940 2517 1040 2583 datur.
1077 2515 1160 2600 apud
1181 2534 1214 2580 se

79 2624 191 2687 autem
213 2619 289 2686 deus
312 2624 377 2699 est,
407 2619 466 2686 etsi
489 2620 607 2685 nemini
630 2619 741 2698 detur,
774 2619 850 2702 quia
876 2622 951 2686 deus
980 2623 1048 2685 erat
1078 2619 1161 2702 patri
1183 2624 1216 2682 ot

81 2723 150 2790 filio
172 2725 363 2801 coaeternus,
387 2728 555 2805 antequam
577 2722 722 2806 cuiquam
738 2723 874 2789 daretur.
898 2740 954 2788 nco
970 2724 1042 2806 quia
1064 2722 1213 2797 illidunt,

80 2826 151 2911 ipse
174 2827 277 2906 datur,
300 2828 368 2893 idco
391 2827 492 2892 minor
515 2828 563 2893 est
583 2826 659 2895 illis.
689 2827 735 2892 ita
757 2829 839 2893 euim
864 2826 959 2893 datur
980 2826 1064 2893 sicut
1086 2825 1136 2892 dei
1158 2823 1214 2888 do-

80 2949 170 3013 num,
193 2934 229 2997 ut
251 2935 349 2998 etiam
370 2952 403 2997 se
425 2932 530 3014 ipsum
551 2934 605 2998 det
626 2933 708 2998 sicut
730 2932 816 2997 deus.
839 2950 900 2998 nou
923 2932 1007 2999 enim
1030 2928 1092 2997 diei
1113 2930 1215 3012 potest

40 3052 148 3109 „nou
170 3053 237 3100 esse
266 3054 340 3101 suae
372 3036 537 3119 potestatis
570 3038 608 3101 de
629 3052 689 3118 quo
712 3034 832 3101 dictum
855 3039 918 3101 est:
949 3035 1117 3120 spiritus
1146 3028 1215 3096 ubi

80 3136 172 3203 uult
193 3138 341 3224 spirat3
364 3141 396 3203 ot
418 3138 501 3221 apud
525 3138 700 3220 apostolum
719 3138 801 3221 quod
823 3137 885 3204 iam
909 3155 1004 3221 supra
1025 3150 1214 3202 commemo-

79 3239 167 3306 raui:
190 3243 315 3307 omnia
336 3242 472 3308 autem
506 3240 599 3306 haec
627 3244 811 3324 operatur
839 3259 938 3305 uuus
973 3242 1088 3323 atque
1116 3238 1214 3304 idem

78 3342 264 3426 spiritus,
283 3343 467 3411 diuidens
483 3344 645 3427 propria
662 3345 873 3427 unicuique
891 3348 1009 3427 prout
1027 3342 1129 3409 uult.
1151 3359 1214 3407 non

187 3589 200 3644 1
228 3591 288 3646 uec
316 3592 356 3655 11,
385 3593 419 3646 15
430 3607 488 3662 sqq.
604 3592 636 3645 ιτ
664 3590 720 3647 001.
748 3590 773 3659 u,
804 3593 833 3647 11
949 3594 984 3647 25
1012 3593 1050 3648 10.
1077 3591 1146 3657 aa

76 3677 115 3733 aa
135 3676 151 3732 1
168 3678 228 3733 eur.
248 3677 340 3746 12,11

132 3910 150 3965 2
175 3908 291 3964 caecidit
321 3910 347 3963 V
453 3911 470 3964 3
496 3911 577 3966 initio
607 3911 688 3967 G'V:
724 3912 752 3965 iu
779 3911 859 3966 initio
888 3912 942 3967 G'o
1045 3912 1062 3965 4
1088 3910 1214 3966 iohannis

85 4002 112 4059 V
208 4004 305 4058 5uero
324 4004 359 4057 V:
386 4007 475 4059 autem
497 4006 540 4061 Ge
639 4005 809 4060 idomiuum
832 4006 869 4063 V:
899 4005 928 4059 in
946 4006 1083 4060 domiuum
1103 4004 1146 4061 Go

76 4100 99 4154 8
123 4098 224 4168 possim
250 4115 267 4154 o
372 4100 405 4154 12
431 4099 496 4169 quid
520 4102 558 4156 eie
580 4100 619 4154 V:
649 4101 683 4156 de
706 4101 749 4155 his
773 4117 790 4155 o
892 4102 925 4154 15
951 4100 1078 4169 spiritum
1105 4099 1147 4154 dei
1175 4101 1213 4153 V:

79 4192 208 4261 spiritum
229 4192 269 4258 03
294 4193 384 4249 ebroe.
403 4194 469 4249 inv
565 4197 597 4249 ut
614 4212 646 4249 a:
676 4202 704 4249 et
724 4195 791 4261 GV3
818 4196 906 4251 ebroe.
923 4197 988 4250 iao
1092 4194 1124 4248 17
1143 4196 1215 4249 sicut

78 4286 153 4342 euim
172 4302 269 4357 corpus
287 4288 383 4358 carum]
403 4304 452 4342 om.
472 4305 488 4343 o
595 4290 628 4345 21
648 4290 760 4361 nemini]
779 4307 815 4347 cx
831 4289 938 4346 nemine
955 4304 1025 4345 corr.
1041 4304 1075 4343 oo
1093 4292 1112 4345 2
1128 4304 1146 4341 o
