2760 4814
166 305 331 374 Excerpta
349 322 384 360 ex
402 322 471 376 opp.
490 306 516 359 S.
535 307 723 376 Augustini
745 306 892 364 CCLXXX.
911 306 1075 363 CCLXXXI.
1119 310 1182 377 899

54 497 112 563 sed
145 496 206 562 iste
239 503 312 563 sunt
345 498 490 577 maxime,
523 499 633 580 quibus
668 495 894 578 intelleguntur
929 496 1024 561 etium
1053 496 1109 562 illa
1131 497 1182 561 uel

53 604 171 666 cuneta
195 601 244 666 uel
267 619 363 685 paene
385 604 498 667 onneta
519 602 660 683 pendere.

509 837 729 922 COLXXXI.

56 1029 142 1077 ITEM
172 1030 217 1075 DE
245 1030 364 1076 EADEM
391 1029 664 1077 PELAGIANORVM
693 1029 848 1078 HAERESI.
886 1029 931 1075 Ex
957 1028 1114 1077 SERMONE
1137 1031 1184 1075 Al)

29 1140 45 1181 ⁵
536 1133 707 1179 POPVLVM.

101 1252 164 1316 Illa
197 1256 273 1318 duo:
310 1253 474 1318 dimitte
506 1253 620 1318 nobis
649 1253 790 1318 debita
815 1256 967 1331 nostra,
1001 1254 1110 1318 sieut
1144 1251 1256 1317 et306

55 1376 126 1423 nos
158 1356 405 1420 dimittimus
434 1355 690 1421 debitoribus
718 1356 940 1421 nostriset:
972 1376 1015 1420 ne
1038 1375 1105 1421 uos
1128 1356 1184 1421 in·

55 1463 72 1526 f
76 1479 162 1527 eras
191 1462 229 1524 in
252 1460 532 1524 temtationem
555 1461 677 1542 quando
700 1460 875 1542 Pelagianie
899 1460 1086 1538 obiciuntur,
1109 1459 1184 1543 quid

55 1581 109 1630 eos
143 1563 261 1645 putatis
294 1563 499 1644 respondere?
532 1563 646 1640 horrui,
680 1562 790 1628 iratres
823 1564 892 1637 mei,
917 1566 1037 1646 quando
1068 1563 1183 1628 audiui.

18 1694 45 1733 ιο
56 1684 115 1752 ego
145 1666 267 1747 quidem
298 1683 359 1730 non
388 1664 496 1730 audiui
524 1667 650 1731 auribus
678 1669 767 1749 meis,
796 1665 851 1731 sed
880 1670 1004 1732 sanetus
1033 1666 1131 1732 frater
1153 1670 1185 1730 et

56 1770 256 1851 eoepiscopus
286 1788 373 1832 meus
405 1769 547 1834 Vrbanus
579 1773 692 1850 noster,
725 1769 777 1852 qui
805 1770 856 1834 bie
885 1770 1048 1852 presbyter
1071 1771 1131 1834 suit
1153 1771 1186 1833 et

55 1873 148 1940 modo
164 1877 211 1937 est
229 1872 379 1937 Siccensis
403 1873 574 1955 episeopus,
598 1893 669 1936 oum
691 1878 860 1937 remeasset
882 1876 920 1938 ab
942 1872 1019 1937 urbe
1034 1874 1132 1938 Roma
1154 1877 1185 1937 et

55 1978 102 2042 ibi
134 1994 205 2040 oum
234 1974 367 2058 quodam
394 1974 474 2039 talia
505 1976 659 2041 sentiente
681 1974 861 2057 confligeret
884 1977 935 2039 uel
958 1993 989 2038 se
1012 1975 1186 2039 conflixisse

55 2079 196 2154 referret,
231 2097 302 2143 oum
333 2079 518 2161 urgueretur
540 2080 674 2161 pondere
697 2078 847 2144 orationis
869 2079 1043 2144 dominicae
1066 2116 1108 2126 —
1131 2099 1184 2143 ur·

20 2182 175 2267 „guebat
197 2181 280 2247 enim
302 2200 374 2246 eum
396 2185 427 2246 et
450 2183 587 2248 dicebat:
621 2182 668 2264 „si
691 2184 723 2247 in
746 2184 852 2248 nostra
874 2185 1032 2263 potestate
1055 2184 1185 2247 estnon

55 2303 183 2369 peecare
212 2288 244 2349 et
265 2286 299 2349 in
322 2289 428 2349 nostra
449 2287 604 2367 potestate
627 2286 674 2350 est
696 2303 801 2350 omnes
824 2289 1021 2369 peecatorum
1044 2286 1185 2351 temtati-

56 2408 132 2456 ones
155 2389 229 2453 solis
251 2388 422 2453 uoluntatis
445 2392 569 2453 nostrae
591 2389 710 2455 uiribus
733 2407 886 2471 superare,
910 2407 1003 2470 quare
1026 2388 1081 2454 deo
1104 2388 1183 2453 diei-

56 2510 144 2557 mus:
175 2512 220 2556 ne
242 2510 307 2555 nos
338 2490 488 2556 inferas
516 2491 555 2556 in
584 2493 908 2558 temtationem?“
940 2528 982 2539 -
1011 2492 1086 2575 quid
1113 2510 1184 2557 eurn

56 2595 179 2679 putatis
201 2595 422 2676 respondisse?
454 2600 634 2679 ,rogamus“
661 2597 763 2679 inquit
787 2599 908 2678 „deum
932 2615 970 2660 ns
993 2614 1048 2660 nos
1071 2595 1185 2659 inierat

20 2698 90 2769 eoin
107 2698 333 2777 temtationem,
357 2717 394 2763 ne
410 2698 527 2781 aliquid
543 2700 619 2763 mali
636 2700 800 2781 patiamur,
816 2702 897 2782 quod
914 2717 974 2764 non
990 2700 1137 2765 habemus
1152 2700 1186 2762 iu

58 2804 224 2886 potestate,
254 2820 293 2865 ne
322 2820 411 2867 ruam
440 2801 478 2866 de
506 2821 583 2884 equo
614 2807 645 2867 et
676 2821 714 2866 ne
737 2802 879 2886 frangam
901 2806 1020 2885 pedem,
1045 2822 1081 2865 ne
1104 2802 1185 2865 latro

56 2923 109 2971 me
138 2904 308 2970 interficiat
338 2906 471 2987 etquid
499 2906 591 2971 huius
621 2906 713 2972 modi.
752 2907 828 2972 haee
849 2908 952 2972 enim‘*
977 2906 1079 2987 inquit
1105 2922 1185 2983 ,non

57 3008 158 3075 habeo
170 3009 203 3073 in
218 3010 386 3092 potestate:
404 3028 476 3073 nam
490 3010 612 3075 uincere
627 3011 827 3076 temtationes
840 3015 1034 3091 peccatorum
1046 3026 1183 3073 meorum

57 3111 87 3177 si
110 3111 191 3190 uolo,
214 3117 246 3177 et
268 3131 403 3196 possum,
428 3132 483 3178 neo
505 3113 555 3178 dei
578 3115 728 3180 adiutorio
751 3118 908 3197 possum.“

19 3252 47 3295 ,5
100 3214 235 3294 Videtis,
267 3215 389 3291 iratres,
419 3235 513 3297 quam
540 3217 680 3301 maligna
709 3216 853 3283 haeresis.
888 3215 1013 3297 uidetis,
1036 3214 1185 3297 quemad·

57 3317 186 3382 modum
209 3334 315 3380 omnes
332 3316 473 3381 horretis.
507 3320 623 3395 cauete,
648 3338 686 3383 ne
702 3317 876 3400 capiamini.
909 3318 981 3384 noui
998 3318 1081 3383 enim
1097 3317 1185 3383 ealli-

56 3420 171 3486 ditates
201 3419 233 3482 et
262 3419 533 3502 tergiuersationes
567 3420 728 3486 homiuum
763 3421 928 3504 impiorum
960 3441 1139 3489 auersorum
1167 3442 1186 3488 a

159 3606 176 3659 6
195 3603 294 3660 matth.
313 3604 337 3668 6,
357 3605 437 3673 12sq.

90 3748 240 3859 imarime
257 3776 449 3844 (aadd.m.2)
470 3778 496 3832 G
599 3779 696 3847 quibus
719 3779 755 3833 V:
785 3796 815 3834 er
833 3780 930 3848 quibus
947 3797 966 3833 a
995 3783 1069 3835 etex
1087 3781 1186 3851 quibus

58 3880 114 3937 GP
203 3881 297 3949 tcap-
316 3880 486 3936 ccnxxxl.
503 3882 527 3948 (Ι
539 3885 605 3946 ror.)
627 3883 664 3936 V:
694 3882 824 3939 CCXCVI
842 3884 869 3937 P
896 3883 1055 3940 CCXCVIII
1076 3885 1118 3941 Go

54 3970 73 4023 8
90 3966 241 4038 pelagianis
258 3967 411 4022 obiciuntur
431 3970 467 4022 P'
473 3969 507 4021 V:
538 3970 674 4038 pelagiani
692 3969 863 4023 subiciuntur
881 3972 918 4025 P¹
1022 3973 1054 4027 18
1072 3972 1100 4025 iu
1119 3976 1186 4026 tem·

54 4054 206 4125 ptationem
224 4052 323 4107 inieras
345 4052 374 4107 P
479 4055 510 4109 19
534 4055 635 4110 inierat
655 4055 691 4108 V:
723 4055 820 4109 inieras
843 4055 897 4111 GP
999 4058 1032 4112 25
1056 4058 1185 4127 maligna]

55 4156 155 4209 magna
167 4140 196 4195 P
270 4138 368 4193 uidetis
379 4140 752 4209 quemadmodum—horretis
766 4141 831 4195 GP:
849 4158 899 4196 om.
913 4142 978 4198 MV
1052 4158 1186 4213 quemam-

56 4242 165 4298 modum
186 4246 276 4311 (quem
294 4243 326 4295 ire
344 4257 398 4297 roe.
417 4258 436 4295 o
453 4259 487 4296 m.
506 4245 535 4310 2)
558 4243 583 4298 G
688 4244 721 4297 26
739 4226 846 4297 'erretis
864 4244 893 4312 (b
912 4244 977 4300 odd.
996 4262 1029 4299 m.
1045 4249 1075 4313 2)
1096 4246 1123 4299 P

1031 4348 1084 4403 57*
