2760 4814
312 353 476 422 Excerpta
494 370 528 407 ox
546 369 616 423 opp.
635 354 661 408 S.
679 352 866 422 Augustini
887 351 1001 407 cem.
1131 341 1192 409 ΤΠ

66 568 121 633 per
143 546 318 624 ueritatem,
343 563 421 627 quae
443 543 602 609 intellecta
624 545 822 626 conspicitur,
845 546 877 610 et
898 564 953 626 per
974 547 1090 612 bouum
1108 567 1194 614 snm-

66 671 166 730 mum,
189 669 208 714 a
230 666 289 730 quo
312 649 361 713 est
383 667 473 712 omne
495 646 620 725 bonum,
645 648 678 712 et
693 665 745 729 per
761 647 927 725 iustitiam,
951 653 1193 735 propterquam

67 754 213 836 diligitur
228 753 350 816 animus
366 751 468 815 iustus
485 752 524 815 ab
538 749 643 815 animo
660 750 756 815 etiam
771 751 910 815 noudum
923 751 1016 829 iusto,
1032 754 1068 818 ut
1082 755 1195 820 natura

67 876 130 923 uon
152 856 254 921 solum
284 853 488 937 incorporalis
521 872 631 917 uerum
665 855 760 918 etiam
789 853 1008 932 immutabilis,
1043 859 1124 939 quod
1147 861 1194 922 est

42 961 156 1038 edens,
172 958 323 1040 quantum
339 956 407 1022 fieri
422 956 535 1039 potest,
558 955 796 1039 intellegeretur
812 955 970 1036 admonui,
994 962 1026 1022 et
1046 977 1102 1042 per
1116 959 1195 1024 cari·

67 1066 177 1136 tatem,
197 1079 274 1143 quae
288 1061 322 1125 in
336 1059 498 1142 scripturis
514 1059 632 1124 sanctis
648 1059 725 1125 dene
741 1060 826 1126 dicta
840 1064 899 1138 eet,
915 1079 1078 1144 perquam
1094 1063 1196 1146 coepit

67 1168 236 1248 utcumque
265 1164 361 1229 otiam
389 1163 514 1229 trinitas
541 1162 796 1248 intellegentibus
829 1182 983 1247 apparere,
1017 1165 1099 1229 sicut
1120 1169 1195 1230 sunt

68 1285 178 1333 amans
202 1271 232 1332 et
255 1268 336 1349 quod
365 1269 489 1331 amatur
518 1272 549 1331 ct
573 1283 668 1331 amor.
707 1267 741 1331 in
763 1284 843 1333 nono
867 1268 906 1333 ad
933 1267 1104 1351 imaginem
1133 1269 1194 1346 dei,

68 1374 149 1454 quod
164 1372 213 1435 est
227 1371 320 1435 homo
339 1372 508 1435 secundum
525 1370 672 1445 mentem,
696 1370 839 1451 peruenit
860 1372 1040 1453 disputatio,
1065 1371 1097 1436 et
1111 1372 1143 1436 in
1159 1390 1195 1436 ea

31 1504 58 1544 ιο
68 1474 222 1558 quaedam
238 1472 365 1538 trinitas
381 1473 550 1549 inuenitur,
574 1473 606 1538 id
622 1474 670 1538 est
684 1491 772 1538 mens
787 1475 819 1538 et
832 1474 954 1553 notitia,
971 1493 1032 1557 qua
1046 1493 1079 1539 se
1096 1473 1195 1556 nouit,

69 1585 101 1642 et
116 1595 212 1660 amor,
228 1596 289 1660 quo
304 1595 337 1641 se
353 1577 557 1657 notitiamque
570 1594 668 1657 ,suam
684 1576 806 1660 diligit,
830 1581 862 1641 et
877 1576 953 1642 haec
968 1577 1032 1642 tria
1054 1577 1197 1659 aequalia

69 1683 145 1744 sunt
166 1679 247 1744 inter
268 1698 301 1744 se
324 1679 471 1744 etunius
500 1677 708 1743 ostenduntur
731 1696 797 1742 esse
820 1679 980 1744 amentiae.
1019 1680 1053 1744 in
1075 1679 1196 1744 decimo

71 1783 128 1849 hoc
151 1783 232 1848 idem
255 1781 440 1865 diligentius
469 1780 677 1862 subtiliusque
710 1782 882 1846 tractatum
905 1786 953 1847 est
987 1782 1081 1864 atque
1103 1784 1142 1846 ad
1165 1782 1197 1846 id

68 1888 265 1971 perductum,
289 1887 325 1951 ut
346 1885 538 1949 inueniretur
560 1883 591 1948 in
607 1888 712 1948 mente
734 1884 908 1950 euidentior
923 1884 1048 1950 trinitas
1064 1886 1140 1963 eius,
1163 1884 1196 1949 in

32 1991 223 2058 rememoria
244 1989 366 2054 scilicet
389 1992 421 2054 et
443 1987 660 2071 intellegentia
681 1989 713 2052 et
729 1988 901 2053 uoluntate.
924 1988 978 2052 sed
1000 1988 1198 2070 quoniamst

70 2094 130 2159 hoc
153 2095 345 2175 compertum
368 2095 425 2170 cst,
449 2090 531 2175 quod
553 2109 641 2155 mene
663 2107 833 2171 numquam
856 2108 922 2155 esse
937 2090 983 2155 ita
998 2091 1146 2174 potuerit,
1162 2094 1198 2154 nt

70 2213 133 2261 non
156 2195 205 2258 sui
229 2194 435 2269 meminisset,
459 2210 520 2257 uon
544 2211 577 2257 se
599 2191 799 2274 intellegeret
822 2196 853 2257 et
876 2192 1029 2275 diligeret,
1053 2186 1197 2276 quamuis

71 2318 134 2365 non
157 2317 277 2380 semper
300 2317 333 2363 se
355 2298 518 2382 cogitaret,
543 2315 614 2361 cum
637 2300 744 2360 autem
767 2297 929 2378 cogitaret,
953 2313 1012 2361 non
1036 2315 1069 2360 se
1091 2316 1109 2360 a
1132 2315 1199 2360 cor·

71 2402 230 2486 poralibue
260 2402 351 2467 rebus
382 2404 489 2466 eadem
521 2399 710 2484 cogitatione
732 2400 936 2464 discerneret:
971 2399 1071 2463 dilata
1094 2400 1140 2463 est
1163 2399 1199 2463 de

32 2505 224 2581 sotrinitate,
260 2507 347 2572 cuius
370 2505 446 2571 haec
468 2506 571 2588 imago
593 2506 651 2582 est,
681 2504 862 2586 disputatio,
892 2506 927 2568 ut
950 2503 982 2567 in
1005 2504 1078 2585 ipsis
1101 2502 1199 2567 ctiam

73 2607 285 2693 corporalibus
301 2609 377 2674 uisis
393 2609 584 2673 inueniretur
600 2606 725 2672 trinitas
738 2609 770 2671 et
781 2605 962 2672 distinctius
977 2606 1009 2669 iu
1023 2625 1058 2671 aa
1075 2607 1199 2671 lectoris

73 2717 265 2778 exerceretur
288 2711 430 2776 intentio.
449 2713 480 2777 in
504 2711 667 2777 undecimo
691 2728 763 2793 ergo
787 2710 904 2775 electus
928 2714 977 2774 est
995 2728 1103 2775 sensus
1127 2728 1200 2775 ocu-

72 2816 185 2893 lorum,
208 2816 316 2897 inquo
333 2815 363 2880 id
380 2814 460 2897 qnod
477 2815 641 2879 inuentum
658 2817 739 2878 esset
755 2813 852 2878 etiam
868 2814 900 2878 in
915 2812 1027 2877 ceteris
1051 2815 1200 2896 quattuor

73 2920 216 2987 sensibus
245 2920 389 3004 corporis,
424 2923 456 2984 et
490 2937 550 2984 non
578 2918 696 2983 dictum
729 2919 833 2999 posset
860 2918 1004 3000 agnosci,
1040 2919 1133 3000 atque
1156 2918 1201 2981 ita

35 3025 235 3093 sextarioris
256 3023 389 3088 bominis
412 3023 537 3087 trinitas
559 3023 659 3105 primo
682 3021 715 3085 in
730 3020 780 3085 his
796 3039 875 3104 quae
900 3021 1068 3085 cernuntur
1083 3019 1200 3085 extrin-

76 3143 176 3203 secus,
200 3145 236 3189 ex
259 3143 386 3208 corpore
409 3110 541 3202 scilicet,
570 3124 651 3206 quod
673 3124 811 3206 uidetur,
836 3126 868 3188 et
890 3123 1001 3202 forma,
1026 3141 1104 3205 quae
1128 3123 1200 3188 inde

75 3231 109 3295 in
125 3230 190 3295 acie
207 3231 359 3294 cementis
380 3228 583 3311 imprimitur,
608 3232 640 3291 et
655 3233 821 3309 utrumque
837 3226 1010 3309 copulantis
1025 3227 1201 3291 intentione

76 3332 251 3398 uoluntatis
282 3333 436 3415 apparuit.
475 3330 528 3395 sed
551 3330 626 3395 haec
648 3331 710 3396 tria
738 3347 797 3394 non
821 3329 902 3394 inter
923 3349 955 3393 se
978 3327 1122 3410 aequalia
1144 3347 1201 3394 nec

77 3437 169 3500 unius
192 3453 259 3500 esse
281 3435 474 3500 substantiae
497 3434 686 3499 claruerunt.
710 3433 819 3498 deinde
841 3431 872 3496 in
889 3431 955 3516 ipso
971 3431 1075 3494 animo
1099 3433 1137 3496 ab
1153 3431 1201 3496 his

39 3557 156 3621 soquae
178 3540 367 3602 extrinsecus
389 3556 482 3602 sensa
503 3539 578 3602 sunt
600 3538 652 3601 uel
674 3536 852 3601 introducta
873 3535 1005 3599 inuenta
1032 3539 1080 3599 est
1104 3536 1203 3599 altera

76 3641 213 3719 trinitas,
234 3639 290 3705 ubi
313 3644 465 3722 apparent
488 3639 594 3704 eadem
618 3639 679 3704 tria
694 3639 785 3704 unius
801 3656 868 3703 esse
890 3636 1099 3715 substantiae,
1124 3640 1201 3702 ima-

178 3800 434 3867 balmam

127 3949 144 4002 5
168 3947 366 4016 intellegeretur
387 3947 423 4002 V:
454 3947 607 4016 intelligia
711 3947 744 4000 10
766 3961 820 4014 qua
837 3960 865 3998 se
883 3946 960 3998 nouit
982 3944 1019 3999 V:
1050 3959 1135 4001 omo

78 4033 110 4088 11
128 4033 316 4103 notitiamque]
336 4035 489 4103 notiamqua
503 4032 530 4086 V
628 4032 661 4086 12
679 4034 743 4086 sunt
760 4032 795 4086 Vr
821 4048 870 4086 om.
892 4031 934 4086 Gr
1034 4030 1066 4084 16
1084 4031 1133 4099 ite]
1153 4044 1204 4083 ono.

77 4135 94 4174 v
195 4118 230 4173 22
247 4123 412 4174 exerceretur
434 4119 469 4174 V:
500 4122 650 4173 exerceatur
669 4118 739 4174 aas
841 4117 874 4171 23
896 4119 964 4170 esset
984 4115 1063 4171 0²1⁷:
1093 4131 1148 4169 esse
1168 4115 1204 4170 θ’

78 4207 120 4260 cst
147 4205 202 4261 G²u
311 4207 346 4260 26
371 4205 458 4260 forma
486 4205 541 4260 Gor
571 4205 671 4259 format
697 4203 754 4258 PV
865 4203 896 4256 31
925 4204 1055 4271 apparant
1082 4201 1205 4256 G¹PVor

79 4293 237 4361 appararent
256 4291 294 4346 θ’
