2760 4814
170 269 236 336 528
656 263 817 333 Eugippii

172 456 237 521 iam
275 453 433 518 hominem
470 455 501 518 in
540 453 728 518 detrimenta
765 472 892 538 uergere
929 453 1083 536 grauioris
1117 471 1153 521 ac
1190 454 1300 520 senilis

170 558 281 622 astatis
303 590 346 604 -
368 562 400 622 et
422 557 490 622 ideo
514 574 573 621 uon
596 575 662 621 esse
685 557 805 622 dictum
828 555 861 620 in
886 575 1065 622 mensuram
1087 558 1224 639 corporis
1248 559 1302 623 uei

171 661 205 725 in
226 679 404 726 mensuram
433 663 580 740 staturae,
604 660 672 725 sed:
696 659 736 723 iu
757 677 981 725 mensuram
1003 661 1154 725 aetatis
1175 661 1303 743 pleni·

171 763 325 829 tudinis
347 761 510 829 Christi.

700 1035 768 1119 CL.
1324 1075 1341 1116 c

169 1245 353 1306 sueruvlr:
387 1244 511 1305 Qvnms
543 1243 812 1293 menusanum
841 1242 893 1291 sir
923 1243 1167 1294 consorcium
1194 1247 1302 1297 SANC-

440 1347 558 1395 'I'OBVII
580 1347 628 1394 AD
650 1346 825 1395 maumam
847 1346 931 1395 FILII
954 1349 1023 1397 DEI.

99 1490 160 1556 166
213 1487 297 1552 Illud
336 1487 434 1553 etiam
472 1486 555 1568 quod
590 1483 636 1550 aIt
668 1486 913 1568 praedestinatos
951 1485 1170 1552 conformes
1203 1485 1299 1554 ima-

169 1589 278 1674 ginis
308 1589 393 1654 filii
423 1589 504 1667 dei,
538 1590 641 1671 potest
668 1594 700 1653 et
729 1589 900 1653 secundum
928 1589 1108 1654 interiorem
1137 1589 1300 1656 hominem

169 1692 374 1776 intellegi-
397 1694 477 1757 unde
499 1691 588 1758 nobis
610 1693 671 1757 alio
694 1691 763 1758 loco
785 1691 878 1758 dicit:
905 1693 1034 1758 nolite
1056 1692 1340 1760 confermarint

170 1798 260 1862 huic
289 1797 465 1874 sacculo,
496 1796 563 1861 sed
585 1796 860 1862 reformamini
885 1796 925 1860 in
947 1796 1130 1861 nouitate
1152 1797 1301 1864 mantis

170 1903 347 1984 uestrae,
383 1897 439 1963 ubi
469 1916 543 1983 argo
571 1899 789 1979 reformamur,
819 1917 859 1964 ne
881 1898 1110 1965 conformemur
1131 1897 1206 1965 huic
1226 1917 1300 1966 sae·

170 2005 249 2082 culo,
273 2003 318 2070 ibi
335 2001 565 2069 conformamur
580 2003 631 2069 dei
646 2002 710 2069 filio
724 2038 768 2050 -
781 2004 886 2086 potest
902 2003 934 2067 et
947 2001 994 2068 sic
1009 2003 1117 2086 achpi,
1135 2005 1172 2067 nt
1186 2020 1300 2086 quem·

166 2109 334 2173 admodum
355 2106 445 2173 nobis
467 2106 522 2173 illa
545 2107 749 2186 mortalitate,
773 2107 819 2172 ita
833 2125 888 2172 nos
904 2105 952 2172 illi
967 2104 1142 2172 efficiamur
1163 2105 1301 2174 immor·

168 2211 292 2276 talitata
322 2210 503 2291 conformes,
537 2213 617 2293 qnod
647 2212 773 2294 quidem
795 2211 828 2275 et
850 2209 891 2275 ad
916 2208 1017 2294 ipsam
1038 2210 1299 2276 resurrectionem
1309 2235 1338 2276 ns

167 2332 331 2398 corporum
353 2314 498 2398 pertinet.
536 2314 564 2379 si
591 2316 696 2380 antem
720 2313 817 2379 etiam
840 2313 873 2378 in
895 2310 945 2377 his
967 2312 1082 2390 uerbis,
1112 2331 1173 2394 qua
1195 2312 1300 2381 forma

167 2420 381 2483 resurrectura
403 2417 469 2482 sint
491 2435 626 2500 corpora,
650 2436 757 2483 sumus
780 2415 942 2495 admoniti,
962 2416 1044 2482 sicut
1065 2415 1123 2481 illa
1139 2434 1298 2497 mensura,

167 2521 269 2585 itaet
295 2519 361 2584 ista
383 2521 585 2586 conformatio
607 2539 669 2586 non
692 2520 878 2602 quantitatis
907 2519 1122 2603 intellegenda
1151 2523 1209 2599 est,
1240 2524 1299 2588 sed

166 2623 292 2688 aetatis.
329 2624 494 2707 resurgent
526 2624 631 2705 itaque
663 2642 768 2688 omnes
801 2627 869 2688 tam
890 2620 999 2706 magni
1030 2639 1166 2704 corpore,
1199 2641 1299 2705 quam

167 2726 220 2791 uel
253 2730 341 2791 erant
375 2728 426 2791 uel
458 2726 558 2792 futuri
591 2729 681 2791 erant
713 2728 816 2792 astate
852 2725 1007 2810 iuuenali,
1041 2725 1183 2808 quamuis
1215 2725 1337 2794 nihilne

165 2829 278 2911 oberit,
310 2830 408 2895 etfam
432 2830 461 2893 si
482 2829 543 2895 erit
566 2830 723 2895 infantiIIs
745 2830 798 2894 uel
820 2829 929 2895 senilis
951 2828 1087 2911 corporis
1109 2829 1218 2903 forma,
1242 2830 1300 2895 ubi

165 2952 223 2998 nec
245 2934 360 2999 mentis
383 2951 441 2998 nec
462 2932 562 3016 ipsius
585 2935 720 3016 corporis
742 2932 809 2998 nlla
823 2933 998 2999 remanebit
1012 2931 1192 2997 infirmitas.
1213 2934 1299 2998 unde

165 3038 262 3103 etfam
297 3037 326 3102 si
358 3036 428 3119 quis
461 3036 493 3101 in
516 3055 552 3102 eo
575 3035 712 3118 corporis
741 3035 843 3116 modo,
878 3036 912 3100 in
946 3053 1005 3119 quo
1039 3034 1202 3102 defunctus
1235 3038 1298 3120 est,

164 3142 410 3206 resurrecturum
439 3158 691 3222 unumquemque
719 3138 888 3218 contendit,
919 3156 982 3203 non
1004 3142 1052 3204 est
1074 3157 1146 3203 cum
1167 3138 1223 3204 illo
1246 3138 1299 3204 la·

166 3243 290 3309 boriosa
312 3243 553 3309 contradictione
576 3244 788 3326 pugnandum.
1307 3275 1336 3315 ,⁵

267 3467 285 3521 3
303 3465 369 3538 aph.
389 3467 415 3534 4,
434 3468 467 3522 13
569 3466 587 3521 8
604 3465 679 3521 Rom.
697 3466 723 3532 8,
741 3465 775 3520 29
879 3466 912 3522 10
929 3464 1004 3520 Rom.
1023 3464 1099 3530 122

216 3670 233 3724 2
258 3686 385 3726 mensura
410 3689 427 3728 c
527 3675 544 3728 5
570 3689 632 3743 cap.
655 3671 771 3728 CLVIII
794 3672 819 3728 Τ
846 3671 954 3728 CLXVI
976 3672 1005 3726 P
1032 3669 1159 3727 CLXVII
1181 3670 1225 3727 Ga

161 3755 181 3809 6
193 3757 315 3824 sequitur
326 3757 363 3813 M
366 3757 404 3813 V:
430 3775 481 3814 coa
494 3760 562 3815 PTc
659 3759 675 3813 V
694 3757 745 3829 dai]
758 3774 789 3812 cx
802 3758 893 3814 eodem
904 3758 975 3813 libro
988 3756 1069 3813 XXII
1082 3757 1146 3813 cdd.
1159 3757 1226 3812 Pru

165 3840 199 3897 10
215 3840 284 3896 dicit
304 3841 367 3897 I'V:
395 3843 529 3900 dicituro
628 3845 660 3900 12
678 3843 725 3898 ubi
744 3843 810 3900 TV:
835 3844 910 3900 ibic
1007 3860 1041 3898 nc
1058 3843 1301 3899 conformemur·-

162 3927 366 4000 conformamur]
386 3946 471 3985 om.c
573 3932 608 3986 13
625 3933 663 3985 sic
679 3930 733 3985 Vc:
760 3930 784 3984 si
804 3930 830 3984 Τ
931 3931 964 3985 18
983 3930 1033 3999 ite]
1052 3946 1137 3985 mmo
1239 3930 1300 3986 ieta

161 4012 246 4069 PTv:
272 4014 301 4066 in
318 4015 373 4069 ista
390 4015 456 4072 MV
551 4016 726 4071 conformatio
745 4016 829 4072 Pro:
856 4016 1066 4072 conformatione
1083 4014 1149 4070 MV
1241 4032 1299 4073 non

162 4096 446 4157 inprouisis
545 4101 744 4161 20iuuenilia
