2760 4814
248 346 415 417 llnoerpta
432 364 468 401 ex
485 364 554 417 opp.
572 349 598 401 S.
617 349 806 417 Augustini
827 348 1000 405 ccxxvm.
1126 352 1188 416 747

56 536 187 619 aliquid,
211 539 265 602 sed
289 540 391 619 ipsum
415 539 544 616 dedisse,
569 542 604 603 ut
627 539 763 618 haberet,
786 540 930 620 genuisse
952 542 1009 619 est,
1033 542 1070 605 ut
1092 548 1185 606 esset.

57 660 121 708 uon
143 643 227 706 enim
249 641 330 707 siout
353 644 503 720 ereatura,
535 642 580 707 ita
609 643 658 706 dei
687 642 769 707 tilius
791 646 864 707 aute
886 642 1132 709 incarnationem
1156 650 1188 708 et

56 746 132 810 ante
163 750 336 810 assumtam
367 749 541 809 ereaturam
571 745 760 828 unigenitus,
792 762 847 826 per
880 764 973 827 quem
1005 745 1091 812 faota
1113 754 1187 812 suut

56 849 174 931 omnia,
197 848 283 913 aliud
305 851 353 912 est
377 852 407 912 et
432 848 518 913 aliud
542 848 646 927 habet,
677 848 731 912 sed
756 848 810 912 hoc
831 848 935 930 ipsum
955 851 1013 930 est,
1037 851 1118 930 quod
1140 856 1189 913 est

31 951 90 1016 eid
114 950 196 1033 quod
220 952 322 1017 habet.
354 950 434 1033 quod
461 951 516 1015 illo
540 951 605 1015 loeo
628 950 826 1015 manifestius
850 949 975 1029 dieitur,
1006 952 1125 1034 siquis
1149 955 1186 1017 ad

56 1054 243 1137 capiendum
267 1058 309 1120 sit
329 1057 469 1133 idoneus,
494 1054 547 1118 ubi
571 1055 632 1119 ait:
661 1055 765 1119 siout
787 1054 904 1120 habet
925 1056 1039 1136 pater
1061 1056 1187 1120 uitam

56 1158 98 1221 in
135 1162 260 1222 semet
297 1158 398 1241 ipso,
435 1159 495 1222 ita
528 1158 639 1221 dedit
676 1157 772 1222 filio
809 1157 950 1222 habore
984 1159 1112 1223 uitam
1146 1160 1186 1237 in

56 1265 183 1327 semet
204 1264 308 1345 ipso;
333 1263 529 1345 nequeenim
552 1261 615 1325 iam
632 1261 793 1326 exsistenti
810 1263 841 1325 et
856 1260 957 1325 uitam
974 1279 1034 1325 non
1058 1260 1186 1327 habenti

57 1364 157 1444 dedit,
180 1368 216 1430 ut
238 1365 365 1429 haberet
388 1366 488 1429 uitam
510 1364 543 1427 in
567 1368 665 1427 semet
688 1366 762 1447 ipso,
787 1382 859 1428 oum
886 1382 926 1428 eo·
943 1361 1010 1445 ipso
1034 1364 1115 1445 quod
1142 1369 1188 1429 est

13 1469 127 1537 muita
159 1469 212 1533 sit.
248 1469 306 1533 hoo
339 1470 387 1533 est
419 1485 509 1551 ergo:
543 1467 656 1532 dedit
690 1467 783 1532 filio
812 1467 957 1532 habere
988 1468 1113 1532 uitam
1145 1468 1186 1531 in

55 1574 182 1637 semet
204 1572 303 1653 ipso,
327 1571 437 1652 genuit
453 1570 555 1635 filium
572 1590 637 1635 esse
660 1569 950 1635 iucommutabilem
972 1570 1082 1645 uitam,
1105 1571 1186 1653 quod

56 1677 108 1739 est
130 1675 196 1739 uita
218 1679 356 1740 aeterna.
395 1693 465 1739 eum
488 1692 561 1759 ergo
584 1673 717 1738 uerbum
739 1674 789 1739 dei
812 1674 855 1737 sit
877 1673 960 1737 filius
975 1673 1024 1738 dei
1047 1678 1079 1737 et
1102 1674 1186 1740 filius

55 1777 108 1843 dei
131 1776 174 1841 sit
197 1796 315 1842 uerus
337 1780 431 1842 deus
455 1780 493 1842 et
515 1778 600 1841 uita
622 1778 798 1855 aeterna,
821 1777 902 1841 siout
924 1775 956 1839 in
974 1775 1110 1857 epistula
1131 1796 1188 1843 sua

56 1882 136 1947 dicit
158 1880 323 1957 lohannes,
355 1879 449 1944 etiam
479 1880 531 1944 hio
561 1878 636 1961 quid
667 1879 752 1943 aliud
782 1881 986 1963 agnoscimus,
1017 1898 1087 1945 oum
1110 1880 1188 1946 dioit

15 1986 219 2055 1⁵dominus:
258 1982 436 2065 uerbum,
472 1984 567 2065 quod
602 1984 761 2047 loeutus
795 2000 894 2057 sum,
929 1983 1053 2065 ipsum
1086 1983 1186 2049 iudi·

57 2086 169 2153 oabit
198 2105 281 2151 eum
311 2087 348 2151 in
379 2085 598 2151 nouissimo
630 2085 720 2150 die?
750 2086 782 2150 et
805 2086 909 2168 ipsum
933 2086 1064 2150 uerbum
1087 2088 1187 2169 patris

57 2190 189 2255 uerbum
219 2209 285 2255 esse
314 2190 391 2254 dicit
413 2193 444 2253 et
467 2189 652 2253 mandatum
675 2188 783 2270 patris,
813 2189 978 2271 ipsumque
1003 2191 1186 2254 mandatum

58 2294 159 2358 uitam
190 2297 358 2358 aeternam.
393 2297 430 2357 et
459 2292 558 2369 seio,
591 2292 702 2373 iuquit,
736 2292 828 2374 quia
854 2291 1077 2357 mandatum
1100 2292 1187 2356 eius

57 2398 147 2461 uita
168 2398 329 2461 aeterna
351 2400 418 2461 est.

23 2527 48 2567 ao
101 2498 220 2579 Quaero
239 2500 353 2582 itaque,
377 2499 529 2582 quomodo
544 2498 783 2582 intellegamus:
806 2516 874 2582 ego
899 2519 970 2564 non
992 2498 1186 2571 iudioabo.

56 2603 124 2668 sed
149 2606 322 2679 uerbum,
349 2604 451 2686 quod
473 2605 635 2667 loeutus
658 2620 757 2680 sum,
790 2603 1000 2669 iudicabit.
1041 2603 1123 2686 quod
1151 2622 1187 2667 ex

57 2707 318 2789 consequentibus
351 2709 480 2791 apparet
513 2708 558 2770 ita
589 2707 719 2785 dictum,
750 2725 787 2771 ao
809 2706 836 2770 si
866 2706 1001 2771 moeret:
1026 2724 1101 2790 „ogo
1123 2724 1185 2771 non

57 2810 211 2887 iudicabo,
235 2810 289 2875 sed
312 2811 442 2875 uerbum
465 2809 564 2890 petris
587 2808 771 2874 iudicabit.“
806 2808 938 2874 uerbum
961 2813 1067 2874 autem
1089 2812 1187 2893 patris

57 2915 106 2980 est
126 2912 194 2997 ipse
216 2914 300 2979 tilius
316 2914 377 2978 dei.
402 2913 500 2977 sieine
517 2912 762 2996 intellegendum
780 2914 842 2978 est:
869 2930 944 2997 „ego
961 2931 1021 2977 nou
1037 2912 1187 2981 iudieabo.

26 3018 112 3083 used
140 3016 326 3082 iudieab0“?
363 3018 514 3099 quomodo
538 3014 623 3079 istud
660 3018 762 3097 potest
791 3033 857 3079 esse
890 3020 1001 3079 uerum
1036 3014 1095 3079 nisi
1126 3016 1187 3081 ita:

58 3139 134 3205 „ego
159 3119 280 3185 soilioet
301 3138 362 3185 nou
395 3117 540 3183 iudioabo
570 3135 605 3182 ex
634 3120 790 3199 potestate
820 3117 968 3198 humana,
1003 3118 1077 3200 quia
1104 3117 1187 3182 filius

56 3222 194 3288 hominis
225 3242 305 3299 sum,
336 3222 390 3286 sed
420 3240 477 3306 ego
508 3220 652 3285 iudicabo
675 3240 710 3287 ex
733 3224 888 3303 potestate
912 3219 1011 3301 uerbi,
1042 3222 1187 3304 quoniam

56 3326 142 3391 filius
159 3326 208 3390 dei
224 3325 324 3391 sum.“
349 3330 404 3390 aut
426 3326 453 3388 si
469 3326 625 3389 contraria
640 3330 672 3389 et
695 3322 901 3409 repugnantia
923 3324 1086 3388 uidentur:
1111 3342 1187 3408 „ego

57 3447 117 3494 non
142 3429 291 3509 iudicabo,
314 3429 368 3493 sed
390 3429 564 3510 iudieabo“,
588 3428 663 3511 quid
685 3428 753 3493 illio
775 3428 921 3503 dicemus,
946 3427 999 3491 ubi
1021 3428 1081 3491 ait:
1105 3446 1188 3492 mea

161 3607 454 3675 s(et10)10.5,2t
571 3605 793 3668 1311o.5‚ao
908 3605 1120 3671 1510.12‚48

60 3693 265 3759 1810.12‚50
365 3694 456 3748 2910.
476 3693 500 3757 l,
520 3695 553 3747 16

109 3856 126 3909 3
145 3858 208 3909 aute
226 3858 373 3909 assumtam
392 3858 542 3909 creaturam
561 3855 596 3908 V:
626 3856 834 3923 assumptionem
853 3858 989 3910 ereaturae
1010 3856 1092 3912 GP¹o
1121 3860 1184 3910 ante

59 3942 268 4009 assumptionem
287 3943 426 3995 creaturae
443 3940 481 3993 1²⁸
569 3942 664 3993 tleum
677 3956 708 3993 eo
721 3940 778 4008 ipso
800 3940 881 3995 GPv:
912 3957 963 3995 om.
986 3940 1012 3995 V
1096 3942 1187 3995 1510·

59 4029 160 4093 quutus
188 4026 215 4079 V
315 4027 348 4081 18
373 4027 430 4080 eius
456 4027 546 4082 G³P¹:
575 4027 640 4080 estis
664 4028 699 4092 V;
728 4044 780 4081 om.
807 4028 901 4082 G¹P²o
1002 4029 1034 4081 21
1061 4028 1187 4097 loquutus

64 4112 89 4164 V
188 4113 223 4167 24
245 4114 329 4167 sicine
350 4112 386 4168 V:
413 4130 462 4167 mn.
486 4131 503 4167 o
605 4114 640 4168 25
662 4114 708 4167 sed
730 4112 765 4166 V:
792 4112 838 4167 sad
861 4129 911 4183 ego
936 4114 1003 4175 GP3
1030 4130 1079 4167 om.
1104 4130 1120 4167 v

59 4200 93 4253 28
110 4200 473 4268 contrariaetrepuguantia
493 4199 575 4253 GPo:
606 4198 753 4253 contrariae
772 4199 964 4268 repugnantiae
981 4198 1008 4251 V
1089 4200 1124 4253 29
1142 4202 1187 4253 sed
1309 4276 1312 4283 Ι

68 4284 99 4335 V:
128 4284 242 4354 osdago
262 4286 332 4341 GPo
435 4286 583 4340 dicimuso
