<?xml version="1.0" encoding="UTF-8"?>
<!DOCTYPE html PUBLIC "-//W3C//DTD XHTML 1.0 Transitional//EN"
    "http://www.w3.org/TR/xhtml1/DTD/xhtml1-transitional.dtd">
<html xmlns="http://www.w3.org/1999/xhtml" xml:lang="en" lang="en">
 <head>
  <title>
</title>
<meta http-equiv="Content-Type" content="text/html;charset=utf-8" />
  <meta name='ocr-system' content='tesseract 3.04.00' />
  <meta name='ocr-capabilities' content='ocr_page ocr_carea ocr_par ocr_line ocrx_word'/>
</head>
<body>
  <div class='ocr_page' id='page_1' title='image "./evgippiiexcerpt00kngoog/evgippiiexcerpt00kngoog_0741.png"; bbox 0 0 2760 4814; ppageno 0'>
   <div class='ocr_carea' id='block_1_1' title="bbox 205 303 851 376">
    <p class='ocr_par' dir='ltr' id='par_1_1' title="bbox 205 303 851 376">
     <span class='ocr_line' id='line_1_1' title="bbox 205 303 851 376; baseline -0.006 0"><span class='ocrx_word' id='word_1_1' title='bbox 205 311 266 376; x_wconf 71' lang='lat' dir='ltr'>ut</span> <span class='ocrx_word' id='word_1_2' title='bbox 686 303 851 373; x_wconf 60' lang='lat' dir='ltr'>fflmffl</span> 
     </span>
    </p>
   </div>
   <div class='ocr_carea' id='block_1_2' title="bbox 198 490 1364 3058">
    <p class='ocr_par' dir='ltr' id='par_1_2' title="bbox 198 490 1364 3058">
     <span class='ocr_line' id='line_1_2' title="bbox 198 490 1332 579; baseline -0.004 -16"><span class='ocrx_word' id='word_1_3' title='bbox 198 490 302 563; x_wconf 81' lang='lat' dir='ltr'>turae.</span> <span class='ocrx_word' id='word_1_4' title='bbox 347 501 379 562; x_wconf 92' lang='lat' dir='ltr'>et</span> <span class='ocrx_word' id='word_1_5' title='bbox 411 497 438 563; x_wconf 89' lang='lat' dir='ltr'>si</span> <span class='ocrx_word' id='word_1_6' title='bbox 476 499 611 564; x_wconf 89' lang='lat' dir='ltr'>discreta</span> <span class='ocrx_word' id='word_1_7' title='bbox 644 499 692 561; x_wconf 88' lang='lat' dir='ltr'>est</span> <span class='ocrx_word' id='word_1_8' title='bbox 726 514 747 561; x_wconf 83' lang='lat' dir='ltr'>a</span> <span class='ocrx_word' id='word_1_9' title='bbox 779 497 1009 579; x_wconf 85' lang='lat' dir='ltr'>comparatione</span> <span class='ocrx_word' id='word_1_10' title='bbox 1042 493 1199 560; x_wconf 89' lang='lat' dir='ltr'>bonorum</span> <span class='ocrx_word' id='word_1_11' title='bbox 1236 495 1332 560; x_wconf 89' lang='lat' dir='ltr'>animi</span> 
     </span>
     <span class='ocr_line' id='line_1_3' title="bbox 205 597 1333 683; baseline 0.001 -19"><span class='ocrx_word' id='word_1_12' title='bbox 205 602 313 677; x_wconf 84' lang='lat' dir='ltr'>nostri,</span> <span class='ocrx_word' id='word_1_13' title='bbox 351 601 458 683; x_wconf 88' lang='lat' dir='ltr'>qualia</span> <span class='ocrx_word' id='word_1_14' title='bbox 491 602 566 665; x_wconf 88' lang='lat' dir='ltr'>sunt</span> <span class='ocrx_word' id='word_1_15' title='bbox 599 597 763 681; x_wconf 83' lang='lat' dir='ltr'>sapientia,</span> <span class='ocrx_word' id='word_1_16' title='bbox 800 598 934 677; x_wconf 73' lang='lat' dir='ltr'>iustitia</span> <span class='ocrx_word' id='word_1_17' title='bbox 973 597 1099 679; x_wconf 86' lang='lat' dir='ltr'>caritas,</span> <span class='ocrx_word' id='word_1_18' title='bbox 1137 599 1270 665; x_wconf 72' lang='lat' dir='ltr'>cantitm</span> <span class='ocrx_word' id='word_1_19' title='bbox 1302 603 1333 665; x_wconf 88' lang='lat' dir='ltr'>et</span> 
     </span>
     <span class='ocr_line' id='line_1_4' title="bbox 204 701 1333 786; baseline -0.002 -16"><span class='ocrx_word' id='word_1_20' title='bbox 204 709 307 770; x_wconf 87' lang='lat' dir='ltr'>cetera</span> <span class='ocrx_word' id='word_1_21' title='bbox 336 703 422 782; x_wconf 82' lang='lat' dir='ltr'>talia,</span> <span class='ocrx_word' id='word_1_22' title='bbox 453 721 530 786; x_wconf 91' lang='lat' dir='ltr'>quae</span> <span class='ocrx_word' id='word_1_23' title='bbox 559 701 697 786; x_wconf 83' lang='lat' dir='ltr'>proiecto</span> <span class='ocrx_word' id='word_1_24' title='bbox 727 718 788 766; x_wconf 89' lang='lat' dir='ltr'>uon</span> <span class='ocrx_word' id='word_1_25' title='bbox 817 701 900 766; x_wconf 93' lang='lat' dir='ltr'>mole</span> <span class='ocrx_word' id='word_1_26' title='bbox 929 703 1065 785; x_wconf 81' lang='lat' dir='ltr'>corporis</span> <span class='ocrx_word' id='word_1_27' title='bbox 1085 702 1257 785; x_wconf 87' lang='lat' dir='ltr'>pandimus</span> <span class='ocrx_word' id='word_1_28' title='bbox 1279 720 1333 768; x_wconf 90' lang='lat' dir='ltr'>nac</span> 
     </span>
     <span class='ocr_line' id='line_1_5' title="bbox 205 804 1332 889; baseline 0.001 -19"><span class='ocrx_word' id='word_1_29' title='bbox 205 823 312 872; x_wconf 93' lang='lat' dir='ltr'>eorum</span> <span class='ocrx_word' id='word_1_30' title='bbox 342 805 432 888; x_wconf 89' lang='lat' dir='ltr'>quasi</span> <span class='ocrx_word' id='word_1_31' title='bbox 461 823 620 889; x_wconf 91' lang='lat' dir='ltr'>corporeae</span> <span class='ocrx_word' id='word_1_32' title='bbox 650 804 766 870; x_wconf 79' lang='lat' dir='ltr'>formas</span> <span class='ocrx_word' id='word_1_33' title='bbox 788 804 976 889; x_wconf 77' lang='lat' dir='ltr'><strong>cogitatione</strong></span> <span class='ocrx_word' id='word_1_34' title='bbox 1006 804 1188 888; x_wconf 82' lang='lat' dir='ltr'>figuramus,</span> <span class='ocrx_word' id='word_1_35' title='bbox 1219 809 1280 875; x_wconf 79' lang='lat' dir='ltr'>eeu</span> <span class='ocrx_word' id='word_1_36' title='bbox 1298 824 1332 871; x_wconf 88' lang='lat' dir='ltr'>ea</span> 
     </span>
     <span class='ocr_line' id='line_1_6' title="bbox 205 907 1363 992; baseline -0.001 -19"><span class='ocrx_word' id='word_1_37' title='bbox 205 911 325 991; x_wconf 89' lang='lat' dir='ltr'>qnando</span> <span class='ocrx_word' id='word_1_38' title='bbox 348 914 432 974; x_wconf 90' lang='lat' dir='ltr'>recte</span> <span class='ocrx_word' id='word_1_39' title='bbox 462 908 685 992; x_wconf 80' lang='lat' dir='ltr'>intellegimus,</span> <span class='ocrx_word' id='word_1_40' title='bbox 713 907 781 972; x_wconf 93' lang='lat' dir='ltr'>sine</span> <span class='ocrx_word' id='word_1_41' title='bbox 803 908 908 991; x_wconf 89' lang='lat' dir='ltr'>aliqua</span> <span class='ocrx_word' id='word_1_42' title='bbox 930 909 1123 991; x_wconf 77' lang='lat' dir='ltr'>corpulentia</span> <span class='ocrx_word' id='word_1_43' title='bbox 1144 909 1198 974; x_wconf 89' lang='lat' dir='ltr'>uel</span> <span class='ocrx_word' id='word_1_44' title='bbox 1219 908 1363 975; x_wconf 78' lang='lat' dir='ltr'>simili-e</span> 
     </span>
     <span class='ocr_line' id='line_1_7' title="bbox 205 1010 1331 1096; baseline -0.001 -18"><span class='ocrx_word' id='word_1_45' title='bbox 205 1013 315 1078; x_wconf 86' lang='lat' dir='ltr'>tudine</span> <span class='ocrx_word' id='word_1_46' title='bbox 336 1011 549 1096; x_wconf 78' lang='lat' dir='ltr'>corpulentiae</span> <span class='ocrx_word' id='word_1_47' title='bbox 578 1012 611 1076; x_wconf 95' lang='lat' dir='ltr'>iu</span> <span class='ocrx_word' id='word_1_48' title='bbox 634 1012 703 1077; x_wconf 88' lang='lat' dir='ltr'>luce</span> <span class='ocrx_word' id='word_1_49' title='bbox 726 1011 842 1076; x_wconf 92' lang='lat' dir='ltr'>mentis</span> <span class='ocrx_word' id='word_1_50' title='bbox 865 1011 1050 1094; x_wconf 74' lang='lat' dir='ltr'>aspicimus:</span> <span class='ocrx_word' id='word_1_51' title='bbox 1085 1016 1203 1094; x_wconf 85' lang='lat' dir='ltr'>quanto</span> <span class='ocrx_word' id='word_1_52' title='bbox 1225 1016 1278 1079; x_wconf 83' lang='lat' dir='ltr'>eet</span> <span class='ocrx_word' id='word_1_53' title='bbox 1294 1010 1331 1077; x_wconf 85' lang='lat' dir='ltr'>ab</span> 
     </span>
     <span class='ocr_line' id='line_1_8' title="bbox 205 1114 1331 1199; baseline -0.001 -16"><span class='ocrx_word' id='word_1_54' title='bbox 205 1116 346 1183; x_wconf 87' lang='lat' dir='ltr'>omnium</span> <span class='ocrx_word' id='word_1_55' title='bbox 369 1117 559 1199; x_wconf 87' lang='lat' dir='ltr'>qualitatum</span> <span class='ocrx_word' id='word_1_56' title='bbox 581 1115 615 1179; x_wconf 91' lang='lat' dir='ltr'>et</span> <span class='ocrx_word' id='word_1_57' title='bbox 636 1114 848 1196; x_wconf 88' lang='lat' dir='ltr'>quantitatum</span> <span class='ocrx_word' id='word_1_58' title='bbox 875 1114 1079 1197; x_wconf 86' lang='lat' dir='ltr'>corporalium</span> <span class='ocrx_word' id='word_1_59' title='bbox 1102 1116 1331 1198; x_wconf 87' lang='lat' dir='ltr'>comparatione</span> 
     </span>
     <span class='ocr_line' id='line_1_9' title="bbox 205 1218 1332 1286; baseline 0.001 -1"><span class='ocrx_word' id='word_1_60' title='bbox 205 1220 393 1286; x_wconf 74' lang='lat' dir='ltr'>discretior?</span> <span class='ocrx_word' id='word_1_61' title='bbox 413 1238 475 1285; x_wconf 87' lang='lat' dir='ltr'>nou</span> <span class='ocrx_word' id='word_1_62' title='bbox 496 1238 567 1286; x_wconf 83' lang='lat' dir='ltr'>eam</span> <span class='ocrx_word' id='word_1_63' title='bbox 588 1223 694 1284; x_wconf 87' lang='lat' dir='ltr'>tamen</span> <span class='ocrx_word' id='word_1_64' title='bbox 716 1223 862 1284; x_wconf 84' lang='lat' dir='ltr'>anostra</span> <span class='ocrx_word' id='word_1_65' title='bbox 885 1218 1047 1284; x_wconf 88' lang='lat' dir='ltr'>intellectu</span> <span class='ocrx_word' id='word_1_66' title='bbox 1071 1219 1199 1285; x_wconf 92' lang='lat' dir='ltr'>omnino</span> <span class='ocrx_word' id='word_1_67' title='bbox 1221 1220 1332 1286; x_wconf 83' lang='lat' dir='ltr'>abhor-</span> 
     </span>
     <span class='ocr_line' id='line_1_10' title="bbox 204 1322 1331 1407; baseline 0.001 -19"><span class='ocrx_word' id='word_1_68' title='bbox 204 1342 272 1389; x_wconf 92' lang='lat' dir='ltr'>rere</span> <span class='ocrx_word' id='word_1_69' title='bbox 294 1324 451 1407; x_wconf 89' lang='lat' dir='ltr'>apostolus</span> <span class='ocrx_word' id='word_1_70' title='bbox 475 1323 564 1389; x_wconf 84' lang='lat' dir='ltr'>testis</span> <span class='ocrx_word' id='word_1_71' title='bbox 588 1328 645 1402; x_wconf 80' lang='lat' dir='ltr'>est,</span> <span class='ocrx_word' id='word_1_72' title='bbox 676 1322 731 1388; x_wconf 82' lang='lat' dir='ltr'>ubi</span> <span class='ocrx_word' id='word_1_73' title='bbox 753 1323 815 1389; x_wconf 73' lang='lat' dir='ltr'>m‘t:</span> <span class='ocrx_word' id='word_1_74' title='bbox 845 1322 1083 1389; x_wconf 86' lang='lat' dir='ltr'>inuisibilia</span> <span class='ocrx_word' id='word_1_75' title='bbox 1112 1325 1217 1390; x_wconf 90' lang='lat' dir='ltr'>enim</span> <span class='ocrx_word' id='word_1_76' title='bbox 1247 1325 1331 1391; x_wconf 85' lang='lat' dir='ltr'>eins</span> 
     </span>
     <span class='ocr_line' id='line_1_11' title="bbox 205 1425 1362 1509; baseline 0.001 -17"><span class='ocrx_word' id='word_1_77' title='bbox 205 1444 224 1492; x_wconf 88' lang='lat' dir='ltr'>a</span> <span class='ocrx_word' id='word_1_78' title='bbox 246 1427 538 1493; x_wconf 89' lang='lat' dir='ltr'>constitutione</span> <span class='ocrx_word' id='word_1_79' title='bbox 569 1427 702 1492; x_wconf 87' lang='lat' dir='ltr'>mundi</span> <span class='ocrx_word' id='word_1_80' title='bbox 732 1445 799 1509; x_wconf 93' lang='lat' dir='ltr'>per</span> <span class='ocrx_word' id='word_1_81' title='bbox 821 1445 865 1491; x_wconf 90' lang='lat' dir='ltr'>ea</span> <span class='ocrx_word' id='word_1_82' title='bbox 887 1443 986 1509; x_wconf 83' lang='lat' dir='ltr'>quae</span> <span class='ocrx_word' id='word_1_83' title='bbox 1011 1425 1120 1492; x_wconf 83' lang='lat' dir='ltr'>iacta</span> <span class='ocrx_word' id='word_1_84' title='bbox 1148 1431 1245 1493; x_wconf 89' lang='lat' dir='ltr'>sunt</span> <span class='ocrx_word' id='word_1_85' title='bbox 1276 1429 1362 1494; x_wconf 82' lang='lat' dir='ltr'>ino</span> 
     </span>
     <span class='ocr_line' id='line_1_12' title="bbox 204 1528 1332 1614; baseline 0.004 -21"><span class='ocrx_word' id='word_1_86' title='bbox 204 1528 377 1594; x_wconf 85' lang='lat' dir='ltr'>tellecta</span> <span class='ocrx_word' id='word_1_87' title='bbox 410 1531 738 1613; x_wconf 86' lang='lat' dir='ltr'>conspiciuntur,</span> <span class='ocrx_word' id='word_1_88' title='bbox 775 1531 1022 1612; x_wconf 87' lang='lat' dir='ltr'>sempiterne</span> <span class='ocrx_word' id='word_1_89' title='bbox 1058 1549 1215 1614; x_wconf 82' lang='lat' dir='ltr'>quoque</span> <span class='ocrx_word' id='word_1_90' title='bbox 1248 1533 1332 1599; x_wconf 90' lang='lat' dir='ltr'>eius</span> 
     </span>
     <span class='ocr_line' id='line_1_13' title="bbox 203 1632 1329 1714; baseline 0.005 -18"><span class='ocrx_word' id='word_1_91' title='bbox 203 1632 336 1697; x_wconf 84' lang='lat' dir='ltr'>uirtus</span> <span class='ocrx_word' id='word_1_92' title='bbox 366 1652 407 1698; x_wconf 88' lang='lat' dir='ltr'>ao</span> <span class='ocrx_word' id='word_1_93' title='bbox 443 1633 648 1699; x_wconf 79' lang='lat' dir='ltr'>diuinitas,</span> <span class='ocrx_word' id='word_1_94' title='bbox 694 1652 731 1698; x_wconf 91' lang='lat' dir='ltr'>ac</span> <span class='ocrx_word' id='word_1_95' title='bbox 764 1652 819 1714; x_wconf 93' lang='lat' dir='ltr'>per</span> <span class='ocrx_word' id='word_1_96' title='bbox 852 1633 918 1709; x_wconf 80' lang='lat' dir='ltr'>hoc,</span> <span class='ocrx_word' id='word_1_97' title='bbox 954 1651 1025 1698; x_wconf 89' lang='lat' dir='ltr'>oum</span> <span class='ocrx_word' id='word_1_98' title='bbox 1057 1637 1167 1700; x_wconf 89' lang='lat' dir='ltr'>eadem</span> <span class='ocrx_word' id='word_1_99' title='bbox 1202 1635 1329 1702; x_wconf 82' lang='lat' dir='ltr'>trinitas</span> 
     </span>
     <span class='ocr_line' id='line_1_14' title="bbox 204 1733 1330 1824; baseline 0.005 -25"><span class='ocrx_word' id='word_1_100' title='bbox 204 1733 314 1800; x_wconf 82' lang='lat' dir='ltr'>lecerit</span> <span class='ocrx_word' id='word_1_101' title='bbox 344 1741 375 1801; x_wconf 89' lang='lat' dir='ltr'>et</span> <span class='ocrx_word' id='word_1_102' title='bbox 405 1754 514 1821; x_wconf 88' lang='lat' dir='ltr'>corpus</span> <span class='ocrx_word' id='word_1_103' title='bbox 545 1742 576 1802; x_wconf 90' lang='lat' dir='ltr'>et</span> <span class='ocrx_word' id='word_1_104' title='bbox 605 1737 754 1822; x_wconf 88' lang='lat' dir='ltr'>animam,</span> <span class='ocrx_word' id='word_1_105' title='bbox 788 1736 855 1802; x_wconf 90' lang='lat' dir='ltr'>siue</span> <span class='ocrx_word' id='word_1_106' title='bbox 889 1735 1087 1803; x_wconf 87' lang='lat' dir='ltr'>dubitatione</span> <span class='ocrx_word' id='word_1_107' title='bbox 1116 1744 1165 1803; x_wconf 89' lang='lat' dir='ltr'>est</span> <span class='ocrx_word' id='word_1_108' title='bbox 1200 1744 1330 1824; x_wconf 91' lang='lat' dir='ltr'>utroque</span> 
     </span>
     <span class='ocr_line' id='line_1_15' title="bbox 204 1839 1331 1923; baseline 0.002 -20"><span class='ocrx_word' id='word_1_109' title='bbox 204 1839 423 1922; x_wconf 88' lang='lat' dir='ltr'>praestantior.</span> <span class='ocrx_word' id='word_1_110' title='bbox 460 1843 566 1906; x_wconf 88' lang='lat' dir='ltr'>anima</span> <span class='ocrx_word' id='word_1_111' title='bbox 598 1841 702 1923; x_wconf 87' lang='lat' dir='ltr'>itaque</span> <span class='ocrx_word' id='word_1_112' title='bbox 736 1839 931 1905; x_wconf 88' lang='lat' dir='ltr'>considerata</span> <span class='ocrx_word' id='word_1_113' title='bbox 963 1841 1098 1905; x_wconf 85' lang='lat' dir='ltr'>maxime</span> <span class='ocrx_word' id='word_1_114' title='bbox 1128 1841 1272 1908; x_wconf 85' lang='lat' dir='ltr'>humana</span> <span class='ocrx_word' id='word_1_115' title='bbox 1301 1843 1331 1907; x_wconf 88' lang='lat' dir='ltr'>et</span> 
     </span>
     <span class='ocr_line' id='line_1_16' title="bbox 206 1941 1362 2028; baseline 0.005 -23"><span class='ocrx_word' id='word_1_116' title='bbox 206 1941 366 2007; x_wconf 90' lang='lat' dir='ltr'>rationalis</span> <span class='ocrx_word' id='word_1_117' title='bbox 396 1944 489 2026; x_wconf 89' lang='lat' dir='ltr'>atque</span> <span class='ocrx_word' id='word_1_118' title='bbox 517 1943 753 2026; x_wconf 86' lang='lat' dir='ltr'>intellectualis,</span> <span class='ocrx_word' id='word_1_119' title='bbox 784 1961 862 2026; x_wconf 90' lang='lat' dir='ltr'>quae</span> <span class='ocrx_word' id='word_1_120' title='bbox 892 1944 1020 2009; x_wconf 89' lang='lat' dir='ltr'>adeius</span> <span class='ocrx_word' id='word_1_121' title='bbox 1050 1944 1221 2028; x_wconf 85' lang='lat' dir='ltr'>imaginem</span> <span class='ocrx_word' id='word_1_122' title='bbox 1250 1945 1362 2019; x_wconf 61' lang='lat' dir='ltr'>factae</span> 
     </span>
     <span class='ocr_line' id='line_1_17' title="bbox 206 2045 1330 2130; baseline 0.005 -20"><span class='ocrx_word' id='word_1_123' title='bbox 206 2047 262 2123; x_wconf 84' lang='lat' dir='ltr'>est,</span> <span class='ocrx_word' id='word_1_124' title='bbox 285 2045 312 2109; x_wconf 93' lang='lat' dir='ltr'>si</span> <span class='ocrx_word' id='word_1_125' title='bbox 335 2045 540 2130; x_wconf 85' lang='lat' dir='ltr'>cogitationes</span> <span class='ocrx_word' id='word_1_126' title='bbox 563 2048 685 2112; x_wconf 88' lang='lat' dir='ltr'>nostras</span> <span class='ocrx_word' id='word_1_127' title='bbox 708 2048 740 2111; x_wconf 88' lang='lat' dir='ltr'>et</span> <span class='ocrx_word' id='word_1_128' title='bbox 762 2046 996 2130; x_wconf 89' lang='lat' dir='ltr'>intellegentias</span> <span class='ocrx_word' id='word_1_129' title='bbox 1023 2066 1083 2112; x_wconf 93' lang='lat' dir='ltr'>uon</span> <span class='ocrx_word' id='word_1_130' title='bbox 1107 2048 1249 2128; x_wconf 84' lang='lat' dir='ltr'>euicerit‚</span> <span class='ocrx_word' id='word_1_131' title='bbox 1279 2051 1330 2116; x_wconf 86' lang='lat' dir='ltr'>sed</span> 
     </span>
     <span class='ocr_line' id='line_1_18' title="bbox 206 2147 1330 2236; baseline 0.004 -22"><span class='ocrx_word' id='word_1_132' title='bbox 206 2147 272 2214; x_wconf 89' lang='lat' dir='ltr'>eine</span> <span class='ocrx_word' id='word_1_133' title='bbox 295 2154 375 2230; x_wconf 89' lang='lat' dir='ltr'>quod</span> <span class='ocrx_word' id='word_1_134' title='bbox 398 2151 492 2216; x_wconf 88' lang='lat' dir='ltr'>habet</span> <span class='ocrx_word' id='word_1_135' title='bbox 514 2153 725 2233; x_wconf 88' lang='lat' dir='ltr'>praecipuum,</span> <span class='ocrx_word' id='word_1_136' title='bbox 752 2151 784 2216; x_wconf 88' lang='lat' dir='ltr'>id</span> <span class='ocrx_word' id='word_1_137' title='bbox 807 2153 856 2216; x_wconf 88' lang='lat' dir='ltr'>est</span> <span class='ocrx_word' id='word_1_138' title='bbox 877 2151 979 2232; x_wconf 90' lang='lat' dir='ltr'>ipsam</span> <span class='ocrx_word' id='word_1_139' title='bbox 1002 2155 1140 2216; x_wconf 88' lang='lat' dir='ltr'>mentem</span> <span class='ocrx_word' id='word_1_140' title='bbox 1164 2157 1261 2236; x_wconf 87' lang='lat' dir='ltr'>atque</span> <span class='ocrx_word' id='word_1_141' title='bbox 1283 2154 1330 2219; x_wconf 91' lang='lat' dir='ltr'>in·</span> 
     </span>
     <span class='ocr_line' id='line_1_19' title="bbox 205 2252 1330 2340; baseline 0.004 -23"><span class='ocrx_word' id='word_1_142' title='bbox 205 2252 429 2337; x_wconf 89' lang='lat' dir='ltr'>tellegentiam‚</span> <span class='ocrx_word' id='word_1_143' title='bbox 460 2259 566 2320; x_wconf 90' lang='lat' dir='ltr'>mente</span> <span class='ocrx_word' id='word_1_144' title='bbox 588 2254 682 2336; x_wconf 87' lang='lat' dir='ltr'>atque</span> <span class='ocrx_word' id='word_1_145' title='bbox 708 2254 924 2339; x_wconf 89' lang='lat' dir='ltr'>intellegentia</span> <span class='ocrx_word' id='word_1_146' title='bbox 945 2258 1139 2338; x_wconf 82' lang='lat' dir='ltr'>potuerimus</span> <span class='ocrx_word' id='word_1_147' title='bbox 1161 2257 1330 2340; x_wconf 89' lang='lat' dir='ltr'>apprehen·</span> 
     </span>
     <span class='ocr_line' id='line_1_20' title="bbox 206 2356 1330 2444; baseline 0.005 -24"><span class='ocrx_word' id='word_1_148' title='bbox 206 2356 287 2434; x_wconf 88' lang='lat' dir='ltr'>dero,</span> <span class='ocrx_word' id='word_1_149' title='bbox 318 2374 379 2421; x_wconf 94' lang='lat' dir='ltr'>non</span> <span class='ocrx_word' id='word_1_150' title='bbox 409 2360 468 2424; x_wconf 88' lang='lat' dir='ltr'>erit</span> <span class='ocrx_word' id='word_1_151' title='bbox 497 2357 640 2423; x_wconf 85' lang='lat' dir='ltr'>fortassis</span> <span class='ocrx_word' id='word_1_152' title='bbox 670 2357 852 2433; x_wconf 89' lang='lat' dir='ltr'>absurdum,</span> <span class='ocrx_word' id='word_1_153' title='bbox 883 2361 919 2423; x_wconf 91' lang='lat' dir='ltr'>ut</span> <span class='ocrx_word' id='word_1_154' title='bbox 941 2377 1012 2423; x_wconf 92' lang='lat' dir='ltr'>eam</span> <span class='ocrx_word' id='word_1_155' title='bbox 1035 2359 1074 2424; x_wconf 85' lang='lat' dir='ltr'>ad</span> <span class='ocrx_word' id='word_1_156' title='bbox 1097 2377 1188 2425; x_wconf 90' lang='lat' dir='ltr'>suum</span> <span class='ocrx_word' id='word_1_157' title='bbox 1212 2379 1330 2444; x_wconf 87' lang='lat' dir='ltr'>quoque</span> 
     </span>
     <span class='ocr_line' id='line_1_21' title="bbox 207 2460 1361 2545; baseline 0.004 -21"><span class='ocrx_word' id='word_1_158' title='bbox 207 2460 376 2525; x_wconf 86' lang='lat' dir='ltr'>creatorem</span> <span class='ocrx_word' id='word_1_159' title='bbox 403 2461 649 2545; x_wconf 84' lang='lat' dir='ltr'>intellegendum</span> <span class='ocrx_word' id='word_1_160' title='bbox 679 2460 745 2544; x_wconf 91' lang='lat' dir='ltr'>ipso</span> <span class='ocrx_word' id='word_1_161' title='bbox 775 2461 945 2526; x_wconf 87' lang='lat' dir='ltr'>adiuuante</span> <span class='ocrx_word' id='word_1_162' title='bbox 967 2464 1154 2528; x_wconf 88' lang='lat' dir='ltr'>meditemur</span> <span class='ocrx_word' id='word_1_163' title='bbox 1175 2464 1361 2537; x_wconf 65' lang='lat' dir='ltr'>attollere„</span> 
     </span>
     <span class='ocr_line' id='line_1_22' title="bbox 206 2562 1330 2648; baseline 0.006 -23"><span class='ocrx_word' id='word_1_164' title='bbox 206 2562 231 2626; x_wconf 89' lang='lat' dir='ltr'>si</span> <span class='ocrx_word' id='word_1_165' title='bbox 254 2567 361 2627; x_wconf 90' lang='lat' dir='ltr'>autem</span> <span class='ocrx_word' id='word_1_166' title='bbox 389 2567 422 2629; x_wconf 94' lang='lat' dir='ltr'>in</span> <span class='ocrx_word' id='word_1_167' title='bbox 445 2583 477 2629; x_wconf 91' lang='lat' dir='ltr'>se</span> <span class='ocrx_word' id='word_1_168' title='bbox 506 2566 575 2648; x_wconf 90' lang='lat' dir='ltr'>ipsa</span> <span class='ocrx_word' id='word_1_169' title='bbox 604 2564 709 2631; x_wconf 84' lang='lat' dir='ltr'>deficit</span> <span class='ocrx_word' id='word_1_170' title='bbox 737 2565 859 2647; x_wconf 86' lang='lat' dir='ltr'>sibique</span> <span class='ocrx_word' id='word_1_171' title='bbox 880 2565 1065 2643; x_wconf 84' lang='lat' dir='ltr'>succumbit,</span> <span class='ocrx_word' id='word_1_172' title='bbox 1095 2566 1149 2648; x_wconf 89' lang='lat' dir='ltr'>pia</span> <span class='ocrx_word' id='word_1_173' title='bbox 1175 2566 1238 2632; x_wconf 87' lang='lat' dir='ltr'>fido</span> <span class='ocrx_word' id='word_1_174' title='bbox 1261 2587 1330 2634; x_wconf 92' lang='lat' dir='ltr'>con·</span> 
     </span>
     <span class='ocr_line' id='line_1_23' title="bbox 206 2666 1330 2751; baseline 0.005 -22"><span class='ocrx_word' id='word_1_175' title='bbox 206 2666 359 2745; x_wconf 81' lang='lat' dir='ltr'>tentarit,</span> <span class='ocrx_word' id='word_1_176' title='bbox 382 2667 531 2749; x_wconf 88' lang='lat' dir='ltr'>quamdiu</span> <span class='ocrx_word' id='word_1_177' title='bbox 547 2669 765 2751; x_wconf 89' lang='lat' dir='ltr'>peregrinatur</span> <span class='ocrx_word' id='word_1_178' title='bbox 780 2687 798 2733; x_wconf 89' lang='lat' dir='ltr'>a</span> <span class='ocrx_word' id='word_1_179' title='bbox 813 2670 950 2744; x_wconf 90' lang='lat' dir='ltr'>domino,</span> <span class='ocrx_word' id='word_1_180' title='bbox 974 2669 1069 2734; x_wconf 89' lang='lat' dir='ltr'>donec</span> <span class='ocrx_word' id='word_1_181' title='bbox 1085 2669 1141 2735; x_wconf 87' lang='lat' dir='ltr'>fiat</span> <span class='ocrx_word' id='word_1_182' title='bbox 1156 2671 1189 2734; x_wconf 91' lang='lat' dir='ltr'>in</span> <span class='ocrx_word' id='word_1_183' title='bbox 1207 2670 1330 2736; x_wconf 91' lang='lat' dir='ltr'>homine</span> 
     </span>
     <span class='ocr_line' id='line_1_24' title="bbox 206 2769 1331 2855; baseline 0.003 -21"><span class='ocrx_word' id='word_1_184' title='bbox 206 2770 286 2852; x_wconf 88' lang='lat' dir='ltr'>quod</span> <span class='ocrx_word' id='word_1_185' title='bbox 320 2769 505 2852; x_wconf 86' lang='lat' dir='ltr'>promissum</span> <span class='ocrx_word' id='word_1_186' title='bbox 535 2776 591 2850; x_wconf 84' lang='lat' dir='ltr'>est,</span> <span class='ocrx_word' id='word_1_187' title='bbox 625 2771 758 2837; x_wconf 84' lang='lat' dir='ltr'>iaciente</span> <span class='ocrx_word' id='word_1_188' title='bbox 785 2772 852 2854; x_wconf 87' lang='lat' dir='ltr'>illo,</span> <span class='ocrx_word' id='word_1_189' title='bbox 882 2771 947 2854; x_wconf 91' lang='lat' dir='ltr'>qui</span> <span class='ocrx_word' id='word_1_190' title='bbox 976 2778 1114 2855; x_wconf 84' lang='lat' dir='ltr'>potens</span> <span class='ocrx_word' id='word_1_191' title='bbox 1146 2776 1222 2852; x_wconf 83' lang='lat' dir='ltr'>est,</span> <span class='ocrx_word' id='word_1_192' title='bbox 1253 2777 1331 2839; x_wconf 87' lang='lat' dir='ltr'>siout</span> 
     </span>
     <span class='ocr_line' id='line_1_25' title="bbox 205 2873 1332 2958; baseline 0.001 -18"><span class='ocrx_word' id='word_1_193' title='bbox 205 2874 252 2940; x_wconf 85' lang='lat' dir='ltr'>ait</span> <span class='ocrx_word' id='word_1_194' title='bbox 281 2873 448 2954; x_wconf 83' lang='lat' dir='ltr'>apostolus,</span> <span class='ocrx_word' id='word_1_195' title='bbox 484 2873 614 2939; x_wconf 86' lang='lat' dir='ltr'>facere</span> <span class='ocrx_word' id='word_1_196' title='bbox 643 2892 762 2957; x_wconf 91' lang='lat' dir='ltr'>supra</span> <span class='ocrx_word' id='word_1_197' title='bbox 795 2892 906 2956; x_wconf 88' lang='lat' dir='ltr'>quam</span> <span class='ocrx_word' id='word_1_198' title='bbox 936 2876 1109 2958; x_wconf 87' lang='lat' dir='ltr'>petimus</span> <span class='ocrx_word' id='word_1_199' title='bbox 1144 2881 1182 2942; x_wconf 93' lang='lat' dir='ltr'>et</span> <span class='ocrx_word' id='word_1_200' title='bbox 1211 2876 1332 2942; x_wconf 90' lang='lat' dir='ltr'>intel-</span> 
     </span>
     <span class='ocr_line' id='line_1_26' title="bbox 207 2976 1364 3058; baseline 0.008 -17"><span class='ocrx_word' id='word_1_201' title='bbox 207 2976 386 3058; x_wconf 80' lang='lat' dir='ltr'>legimus.</span> <span class='ocrx_word' id='word_1_202' title='bbox 1339 3008 1364 3050; x_wconf 81' lang='lat' dir='ltr'>ro</span> 
     </span>
    </p>
   </div>
   <div class='ocr_carea' id='block_1_3' title="bbox 206 3097 1332 3493">
    <p class='ocr_par' dir='ltr' id='par_1_3' title="bbox 206 3097 1332 3493">
     <span class='ocr_line' id='line_1_27' title="bbox 248 3097 1332 3181; baseline 0.002 -17"><span class='ocrx_word' id='word_1_203' title='bbox 248 3098 358 3164; x_wconf 89' lang='lat' dir='ltr'>Restat</span> <span class='ocrx_word' id='word_1_204' title='bbox 379 3100 494 3181; x_wconf 83' lang='lat' dir='ltr'>itaque,</span> <span class='ocrx_word' id='word_1_205' title='bbox 517 3102 553 3163; x_wconf 91' lang='lat' dir='ltr'>ut</span> <span class='ocrx_word' id='word_1_206' title='bbox 575 3099 621 3164; x_wconf 87' lang='lat' dir='ltr'>ita</span> <span class='ocrx_word' id='word_1_207' title='bbox 642 3097 804 3164; x_wconf 87' lang='lat' dir='ltr'>credamus</span> <span class='ocrx_word' id='word_1_208' title='bbox 827 3100 918 3164; x_wconf 88' lang='lat' dir='ltr'>unius</span> <span class='ocrx_word' id='word_1_209' title='bbox 940 3118 1006 3164; x_wconf 87' lang='lat' dir='ltr'>esse</span> <span class='ocrx_word' id='word_1_210' title='bbox 1024 3101 1216 3165; x_wconf 85' lang='lat' dir='ltr'>substantiae</span> <span class='ocrx_word' id='word_1_211' title='bbox 1241 3101 1332 3166; x_wconf 92' lang='lat' dir='ltr'>trini·</span> 
     </span>
     <span class='ocr_line' id='line_1_28' title="bbox 206 3202 1332 3288; baseline 0.003 -21"><span class='ocrx_word' id='word_1_212' title='bbox 206 3203 315 3284; x_wconf 89' lang='lat' dir='ltr'>tatem,</span> <span class='ocrx_word' id='word_1_213' title='bbox 339 3205 376 3268; x_wconf 92' lang='lat' dir='ltr'>ut</span> <span class='ocrx_word' id='word_1_214' title='bbox 397 3203 465 3288; x_wconf 90' lang='lat' dir='ltr'>ipsa</span> <span class='ocrx_word' id='word_1_215' title='bbox 488 3202 625 3268; x_wconf 85' lang='lat' dir='ltr'>essentia</span> <span class='ocrx_word' id='word_1_216' title='bbox 647 3221 707 3268; x_wconf 92' lang='lat' dir='ltr'>non</span> <span class='ocrx_word' id='word_1_217' title='bbox 730 3202 816 3268; x_wconf 88' lang='lat' dir='ltr'>aliud</span> <span class='ocrx_word' id='word_1_218' title='bbox 839 3204 881 3268; x_wconf 88' lang='lat' dir='ltr'>sit</span> <span class='ocrx_word' id='word_1_219' title='bbox 902 3221 995 3285; x_wconf 89' lang='lat' dir='ltr'>quam</span> <span class='ocrx_word' id='word_1_220' title='bbox 1026 3205 1094 3286; x_wconf 90' lang='lat' dir='ltr'>ipsa</span> <span class='ocrx_word' id='word_1_221' title='bbox 1117 3203 1253 3269; x_wconf 78' lang='lat' dir='ltr'>trinitas.</span> <span class='ocrx_word' id='word_1_222' title='bbox 1293 3206 1332 3270; x_wconf 88' lang='lat' dir='ltr'>ad</span> 
     </span>
     <span class='ocr_line' id='line_1_29' title="bbox 206 3306 1332 3390; baseline 0.003 -21"><span class='ocrx_word' id='word_1_223' title='bbox 206 3324 299 3389; x_wconf 89' lang='lat' dir='ltr'>quam</span> <span class='ocrx_word' id='word_1_224' title='bbox 329 3307 497 3379; x_wconf 86' lang='lat' dir='ltr'>uidendam</span> <span class='ocrx_word' id='word_1_225' title='bbox 527 3307 758 3390; x_wconf 88' lang='lat' dir='ltr'>quantumlibet</span> <span class='ocrx_word' id='word_1_226' title='bbox 787 3306 819 3371; x_wconf 92' lang='lat' dir='ltr'>in</span> <span class='ocrx_word' id='word_1_227' title='bbox 849 3307 907 3371; x_wconf 87' lang='lat' dir='ltr'>hac</span> <span class='ocrx_word' id='word_1_228' title='bbox 937 3307 1005 3372; x_wconf 90' lang='lat' dir='ltr'>uita</span> <span class='ocrx_word' id='word_1_229' title='bbox 1034 3306 1243 3389; x_wconf 82' lang='lat' dir='ltr'>proficiamus,</span> <span class='ocrx_word' id='word_1_230' title='bbox 1278 3326 1332 3389; x_wconf 91' lang='lat' dir='ltr'>per</span> 
     </span>
     <span class='ocr_line' id='line_1_30' title="bbox 206 3408 1331 3493; baseline 0.002 -20"><span class='ocrx_word' id='word_1_231' title='bbox 206 3409 366 3493; x_wconf 90' lang='lat' dir='ltr'>speculum</span> <span class='ocrx_word' id='word_1_232' title='bbox 398 3410 458 3475; x_wconf 90' lang='lat' dir='ltr'>erit</span> <span class='ocrx_word' id='word_1_233' title='bbox 487 3411 519 3474; x_wconf 88' lang='lat' dir='ltr'>et</span> <span class='ocrx_word' id='word_1_234' title='bbox 548 3411 581 3474; x_wconf 94' lang='lat' dir='ltr'>in</span> <span class='ocrx_word' id='word_1_235' title='bbox 608 3413 783 3492; x_wconf 84' lang='lat' dir='ltr'>aenigmate</span> <span class='ocrx_word' id='word_1_236' title='bbox 812 3409 893 3491; x_wconf 90' lang='lat' dir='ltr'>quod</span> <span class='ocrx_word' id='word_1_237' title='bbox 923 3408 1107 3474; x_wconf 84' lang='lat' dir='ltr'>uidebimus.</span> <span class='ocrx_word' id='word_1_238' title='bbox 1154 3428 1227 3475; x_wconf 90' lang='lat' dir='ltr'>cum</span> <span class='ocrx_word' id='word_1_239' title='bbox 1258 3428 1331 3476; x_wconf 90' lang='lat' dir='ltr'>uero</span> 
     </span>
    </p>
   </div>
   <div class='ocr_carea' id='block_1_4' title="bbox 307 3592 1226 3664">
    <p class='ocr_par' dir='ltr' id='par_1_4' title="bbox 307 3592 1226 3664">
     <span class='ocr_line' id='line_1_31' title="bbox 307 3592 1226 3664; baseline 0.002 -16"><span class='ocrx_word' id='word_1_240' title='bbox 307 3594 514 3661; x_wconf 59' lang='lat' dir='ltr'>omnm</span> <span class='ocrx_word' id='word_1_241' title='bbox 616 3592 907 3659; x_wconf 58' lang='lat' dir='ltr'>maumas</span> <span class='ocrx_word' id='word_1_242' title='bbox 1011 3594 1226 3664; x_wconf 59' lang='lat' dir='ltr'>amam</span> 
     </span>
    </p>
   </div>
   <div class='ocr_carea' id='block_1_5' title="bbox 205 3765 1336 3954">
    <p class='ocr_par' dir='ltr' id='par_1_5' title="bbox 205 3765 1336 3954">
     <span class='ocr_line' id='line_1_32' title="bbox 256 3765 1272 3836; baseline 0.003 -18"><span class='ocrx_word' id='word_1_243' title='bbox 256 3765 273 3819; x_wconf 85' lang='lat'><strong>3</strong></span> <span class='ocrx_word' id='word_1_244' title='bbox 290 3765 366 3835; x_wconf 86' lang='lat' dir='ltr'>talia]</span> <span class='ocrx_word' id='word_1_245' title='bbox 386 3767 440 3819; x_wconf 86' lang='lat' dir='ltr'>alia</span> <span class='ocrx_word' id='word_1_246' title='bbox 457 3768 484 3820; x_wconf 98' lang='lat' dir='ltr'><strong><em>A</em></strong></span> <span class='ocrx_word' id='word_1_247' title='bbox 574 3768 633 3834; x_wconf 87' lang='lat' dir='ltr'>nec]</span> <span class='ocrx_word' id='word_1_248' title='bbox 652 3783 705 3821; x_wconf 91' lang='lat' dir='ltr'>uon</span> <span class='ocrx_word' id='word_1_249' title='bbox 724 3768 750 3820; x_wconf 92' lang='lat' dir='ltr'><strong><em>A</em></strong></span> <span class='ocrx_word' id='word_1_250' title='bbox 841 3767 859 3821; x_wconf 84' lang='lat'><strong>5</strong></span> <span class='ocrx_word' id='word_1_251' title='bbox 876 3766 1053 3836; x_wconf 88' lang='lat' dir='ltr'>corpulentia]</span> <span class='ocrx_word' id='word_1_252' title='bbox 1072 3766 1225 3836; x_wconf 87' lang='lat' dir='ltr'>copulentia</span> <span class='ocrx_word' id='word_1_253' title='bbox 1245 3768 1272 3821; x_wconf 90' lang='lat' dir='ltr'><em>V</em></span> 
     </span>
     <span class='ocr_line' id='line_1_33' title="bbox 205 3868 1336 3954; baseline 0.004 -33"><span class='ocrx_word' id='word_1_254' title='bbox 205 3868 249 3921; x_wconf 89' lang='lat' dir='ltr'>uel</span> <span class='ocrx_word' id='word_1_255' title='bbox 267 3869 335 3923; x_wconf 88' lang='lat' dir='ltr'>AV:</span> <span class='ocrx_word' id='word_1_256' title='bbox 365 3872 456 3925; x_wconf 84' lang='lat' dir='ltr'>siueo</span> <span class='ocrx_word' id='word_1_257' title='bbox 558 3872 674 3925; x_wconf 82' lang='lat' dir='ltr'>9testes</span> <span class='ocrx_word' id='word_1_258' title='bbox 691 3872 718 3924; x_wconf 98' lang='lat' dir='ltr'><strong><em>A</em></strong></span> <span class='ocrx_word' id='word_1_259' title='bbox 825 3871 858 3924; x_wconf 88' lang='grc'>14</span> <span class='ocrx_word' id='word_1_260' title='bbox 880 3871 1010 3954; x_wconf 82' lang='lat' dir='ltr'>maximae</span> <span class='ocrx_word' id='word_1_261' title='bbox 1029 3871 1055 3923; x_wconf 92' lang='lat' dir='ltr'><strong><em>A</em></strong></span> <span class='ocrx_word' id='word_1_262' title='bbox 1160 3869 1281 3925; x_wconf 82' lang='lat' dir='ltr'>hnmana</span> <span class='ocrx_word' id='word_1_263' title='bbox 1297 3872 1336 3941; x_wconf 80' lang='lat' dir='ltr'>et]</span> 
     </span>
    </p>
   </div>
   <div class='ocr_carea' id='block_1_6' title="bbox 204 3971 1336 4215">
    <p class='ocr_par' dir='ltr' id='par_1_6' title="bbox 204 3971 1336 4215">
     <span class='ocr_line' id='line_1_34' title="bbox 205 3971 1334 4044; baseline 0.004 -20"><span class='ocrx_word' id='word_1_264' title='bbox 205 3971 336 4026; x_wconf 86' lang='lat' dir='ltr'>humanae</span> <span class='ocrx_word' id='word_1_265' title='bbox 363 3972 389 4025; x_wconf 91' lang='lat' dir='ltr'><strong><em>V</em></strong></span> <span class='ocrx_word' id='word_1_266' title='bbox 489 3974 521 4027; x_wconf 79' lang='lat' dir='ltr'>lt</span> <span class='ocrx_word' id='word_1_267' title='bbox 549 3974 628 4043; x_wconf 86' lang='lat' dir='ltr'>quod]</span> <span class='ocrx_word' id='word_1_268' title='bbox 654 3974 719 4043; x_wconf 86' lang='lat' dir='ltr'>quid</span> <span class='ocrx_word' id='word_1_269' title='bbox 745 3990 761 4028; x_wconf 89' lang='lat' dir='ltr'>o</span> <span class='ocrx_word' id='word_1_270' title='bbox 865 3973 897 4028; x_wconf 86' lang='grc'>18</span> <span class='ocrx_word' id='word_1_271' title='bbox 921 3977 1009 4027; x_wconf 88' lang='lat' dir='ltr'>mente</span> <span class='ocrx_word' id='word_1_272' title='bbox 1031 3975 1113 4041; x_wconf 84' lang='lat' dir='ltr'>atque</span> <span class='ocrx_word' id='word_1_273' title='bbox 1136 3972 1334 4044; x_wconf 84' lang='lat' dir='ltr'>intellegentia]</span> 
     </span>
     <span class='ocr_line' id='line_1_35' title="bbox 205 4057 1269 4130; baseline 0.003 -19"><span class='ocrx_word' id='word_1_274' title='bbox 205 4071 274 4112; x_wconf 81' lang='lat' dir='ltr'>erae.</span> <span class='ocrx_word' id='word_1_275' title='bbox 298 4057 336 4124; x_wconf 91' lang='lat' dir='ltr'>V,·</span> <span class='ocrx_word' id='word_1_276' title='bbox 365 4074 449 4112; x_wconf 70' lang='lat' dir='ltr'>omo</span> <span class='ocrx_word' id='word_1_277' title='bbox 546 4059 754 4130; x_wconf 78' lang='lat' dir='ltr'>apprrehendere</span> <span class='ocrx_word' id='word_1_278' title='bbox 771 4062 798 4114; x_wconf 93' lang='lat' dir='ltr'><strong><em>A</em></strong></span> <span class='ocrx_word' id='word_1_279' title='bbox 899 4059 933 4113; x_wconf 90' lang='grc'>20</span> <span class='ocrx_word' id='word_1_280' title='bbox 951 4059 1083 4127; x_wconf 84' lang='lat' dir='ltr'>attollere]</span> <span class='ocrx_word' id='word_1_281' title='bbox 1102 4074 1131 4111; x_wconf 88' lang='lat' dir='ltr'>re</span> <span class='ocrx_word' id='word_1_282' title='bbox 1148 4073 1219 4113; x_wconf 81' lang='lat' dir='ltr'>erus.</span> <span class='ocrx_word' id='word_1_283' title='bbox 1242 4059 1269 4114; x_wconf 87' lang='lat' dir='ltr'><strong><em>V</em></strong></span> 
     </span>
     <span class='ocr_line' id='line_1_36' title="bbox 204 4142 1336 4215; baseline 0.004 -19"><span class='ocrx_word' id='word_1_284' title='bbox 204 4142 237 4198; x_wconf 92' lang='grc'>21</span> <span class='ocrx_word' id='word_1_285' title='bbox 262 4143 291 4197; x_wconf 90' lang='lat' dir='ltr'>iu</span> <span class='ocrx_word' id='word_1_286' title='bbox 308 4142 345 4213; x_wconf 88' lang='lat' dir='ltr'>ae]</span> <span class='ocrx_word' id='word_1_287' title='bbox 363 4143 421 4212; x_wconf 88' lang='lat' dir='ltr'>ipse</span> <span class='ocrx_word' id='word_1_288' title='bbox 439 4146 468 4213; x_wconf 91' lang='lat' dir='ltr'>(p</span> <span class='ocrx_word' id='word_1_289' title='bbox 485 4144 518 4198; x_wconf 76' lang='lat' dir='ltr'>io</span> <span class='ocrx_word' id='word_1_290' title='bbox 535 4160 553 4198; x_wconf 95' lang='lat' dir='ltr'>n</span> <span class='ocrx_word' id='word_1_291' title='bbox 572 4162 641 4200; x_wconf 86' lang='lat' dir='ltr'>corr.</span> <span class='ocrx_word' id='word_1_292' title='bbox 659 4162 692 4200; x_wconf 87' lang='lat' dir='ltr'>m.</span> <span class='ocrx_word' id='word_1_293' title='bbox 713 4151 738 4211; x_wconf 87' lang='grc'>1)</span> <span class='ocrx_word' id='word_1_294' title='bbox 762 4147 789 4201; x_wconf 96' lang='lat' dir='ltr'><strong><em>V</em></strong></span> <span class='ocrx_word' id='word_1_295' title='bbox 887 4146 922 4200; x_wconf 90' lang='grc'>22</span> <span class='ocrx_word' id='word_1_296' title='bbox 944 4144 1069 4215; x_wconf 86' lang='lat' dir='ltr'>quamdio</span> <span class='ocrx_word' id='word_1_297' title='bbox 1087 4146 1114 4198; x_wconf 98' lang='lat' dir='ltr'><strong><em>A</em></strong></span> <span class='ocrx_word' id='word_1_298' title='bbox 1218 4143 1253 4199; x_wconf 86' lang='grc'>26</span> <span class='ocrx_word' id='word_1_299' title='bbox 1271 4144 1336 4200; x_wconf 86' lang='lat' dir='ltr'>snb·</span> 
     </span>
    </p>
   </div>
   <div class='ocr_carea' id='block_1_7' title="bbox 205 4239 731 4319">
    <p class='ocr_par' dir='ltr' id='par_1_7' title="bbox 205 4239 731 4319">
     <span class='ocr_line' id='line_1_37' title="bbox 205 4239 731 4319; baseline 0.008 -19"><span class='ocrx_word' id='word_1_300' title='bbox 205 4239 317 4301; x_wconf 81' lang='lat' dir='ltr'>&#39;tantiae</span> <span class='ocrx_word' id='word_1_301' title='bbox 335 4248 362 4300; x_wconf 94' lang='lat' dir='ltr'><strong><em>A</em></strong></span> <span class='ocrx_word' id='word_1_302' title='bbox 464 4248 498 4302; x_wconf 86' lang='grc'>29</span> <span class='ocrx_word' id='word_1_303' title='bbox 516 4249 650 4319; x_wconf 85' lang='lat' dir='ltr'>enigmate</span> <span class='ocrx_word' id='word_1_304' title='bbox 667 4249 731 4304; x_wconf 71' lang='lat' dir='ltr'>atri</span> 
     </span>
    </p>
   </div>
   <div class='ocr_carea' id='block_1_8' title="bbox 0 0 1385 4814">
    <p class='ocr_par' dir='ltr' id='par_1_8' title="bbox 0 0 1385 4814">
     <span class='ocr_line' id='line_1_38' title="bbox 0 0 1385 4814; baseline 0 0"><span class='ocrx_word' id='word_1_305' title='bbox 0 0 1385 4814; x_wconf 95' lang='lat' dir='ltr'> </span> 
     </span>
    </p>
   </div>
  </div>
 </body>
</html>
