2760 4814
198 515 263 583 832
682 508 852 579 Eugippii

199 705 351 780 homines,
378 704 514 769 alterum
544 720 662 781 earum,
693 718 770 785 quas
792 700 1084 767 animaduerterunt
1105 699 1169 765 iam
1193 702 1335 783 peractas

199 812 255 874 aut
277 808 430 873 diuinitus
453 806 627 871 institutas.
666 804 744 870 illud
760 807 841 887 quod
865 807 913 869 est
927 804 1101 870 secundum
1117 803 1336 870 institutiones

198 912 362 977 hominum
383 911 500 993 partim
523 910 776 994 superstitiosum
800 913 858 987 est,
880 910 997 991 partim
1019 926 1081 973 non
1103 910 1152 973 est
1182 906 1334 990 supersti-

198 1016 324 1080 tiosum.

243 1134 504 1218 Superstitiosum
535 1140 581 1200 est
611 1136 760 1219 quidquid
790 1136 975 1201 institutum
1006 1138 1053 1200 est
1083 1132 1124 1198 ab
1155 1130 1362 1197 hominibnse

200 1240 240 1304 ad
269 1238 411 1306 facienda
440 1244 472 1304 ot
495 1240 627 1305 colenda
642 1240 725 1305 idola
747 1241 904 1325 pertinens
927 1238 979 1303 uel
1002 1237 1042 1302 ad
1065 1233 1232 1302 colendam
1254 1234 1330 1298 sicut

200 1341 292 1407 deum
322 1346 497 1409 creaturam
532 1347 694 1426 partemue
725 1342 825 1407 ullam
855 1344 1012 1407 creaturae
1046 1337 1097 1404 uel
1133 1338 1174 1403 ad
1208 1337 1329 1403 consul·

198 1446 333 1511 tationes
363 1450 394 1512 et
423 1450 514 1530 pacta
544 1446 696 1529 quaedam
727 1446 994 1529 significationum
1023 1460 1096 1508 oum
1126 1441 1328 1507 daemonibus

198 1549 316 1632 placita
344 1551 436 1633 atque
459 1550 626 1629 foederata,
654 1551 758 1634 qualia
780 1556 853 1616 sunt
876 1548 1039 1615 molimina
1059 1544 1258 1629 magicarum
1282 1562 1329 1609 ar·

198 1653 289 1730 tium,
313 1672 392 1734 quae
415 1654 543 1737 quidem
560 1672 801 1720 commemorare
818 1654 921 1736 potius
943 1670 1035 1736 quam
1059 1650 1169 1715 docere
1195 1646 1358 1714 assolente

198 1758 317 1838 poetae,
341 1776 377 1820 ex
392 1775 452 1838 quc
474 1775 587 1841 genere
610 1760 693 1841 sunt,
716 1757 770 1822 ssd
793 1758 881 1840 quasi
899 1757 1060 1821 licentiore
1081 1754 1236 1829 uanitate,
1258 1770 1328 1817 aru-

197 1859 318 1940 spicum
341 1863 371 1924 et
393 1878 548 1944 augurum
570 1860 654 1925 libri.
687 1862 726 1926 ad
749 1861 807 1925 hcc
822 1878 920 1941 geum
935 1858 1093 1941 pertinent
1107 1874 1218 1922 omnes
1235 1857 1326 1921 stiam

198 1962 355 2046 ligaturas
380 1966 474 2047 atque
504 1966 649 2044 remedia,
681 1984 759 2050 quae
789 1963 981 2029 mediocrum
1017 1980 1136 2044 quoque
1165 1959 1328 2045 disciplina

199 2069 392 2150 condemnat,
415 2068 482 2133 siue
503 2070 536 2134 in
558 2069 863 2152 praecantationibus
887 2068 955 2131 sius
978 2068 1010 2130 in
1033 2065 1224 2148 quibusdam
1240 2066 1326 2143 notis,

199 2188 275 2251 quos
299 2172 469 2237 caracteres
492 2177 614 2251 uocant,
639 2173 705 2238 siue
727 2173 761 2237 in
784 2171 959 2255 quibusque
985 2171 1078 2235 rebus
1105 2164 1327 2251 suspendendis
1335 2184 1356 2222 ιε

198 2277 292 2356 atque
315 2274 450 2358 ligandis
472 2275 524 2341 uel
559 2277 656 2342 ctiam
694 2276 849 2342 saltandis
887 2276 1021 2360 quodam
1058 2274 1161 2356 modo,
1196 2290 1260 2339 non
1291 2273 1326 2336 nd

198 2379 457 2459 temperationem
484 2397 657 2463 corporum,
686 2381 740 2445 sed
763 2380 802 2446 ad
826 2381 977 2463 quasdam
1006 2377 1255 2461 significationes
1277 2378 1327 2440 aut

197 2480 336 2547 occultas
366 2485 421 2548 aut
450 2484 546 2548 etiam
573 2483 767 2561 manifestas,
797 2502 876 2566 quae
906 2483 1030 2549 mitiore
1052 2482 1179 2546 nomine
1203 2481 1327 2564 physica

198 2590 320 2664 uocant,
348 2587 383 2650 ut
406 2588 494 2668 quasi
517 2604 578 2651 non
601 2588 822 2670 superstitione
844 2586 1018 2669 implicare,
1041 2585 1097 2650 sed
1119 2587 1237 2650 natura
1258 2600 1325 2666 pro·

198 2689 287 2753 desse
319 2689 489 2769 uideantur,
519 2691 603 2757 sicut
624 2696 699 2756 sunt
722 2692 846 2756 inaures
869 2690 902 2755 in
925 2708 1048 2755 summo
1072 2690 1200 2754 aurium
1223 2688 1354 2770 singu-a

197 2792 309 2869 larum,
332 2798 388 2857 aut
410 2793 448 2857 de
470 2794 683 2859 strutihonnm
706 2793 828 2859 ossibus
844 2794 973 2859 ansulas
993 2793 1027 2858 in
1042 2791 1162 2875 digitis,
1185 2796 1244 2857 aut
1261 2807 1326 2857 cum

197 2893 259 2960 tibi
288 2894 404 2960 dicitur
434 2896 642 2977 singultienti,
672 2900 709 2961 ut
731 2897 839 2962 dextra
864 2915 960 2962 mann
989 2896 1155 2961 sinistrum
1183 2894 1325 2978 pollicem

197 2999 313 3064 teneas.
352 2998 400 3063 his
430 2999 642 3083 adiunguntur
668 3000 757 3065 milia
785 3002 1036 3065 inanissimarum
1066 3000 1323 3065 obseruationum,

197 3102 224 3166 si
254 3101 433 3168 membmm
455 3102 580 3185 aliquod
603 3105 732 3185 salierit,
755 3104 783 3168 si
806 3104 937 3169 iunctim
958 3101 1196 3168 ambulantibus
1219 3100 1323 3168 amicis

196 3206 278 3289 lapis
301 3209 357 3272 aut
379 3208 465 3271 canis
483 3211 538 3272 aut
553 3227 630 3291 puer
646 3208 768 3272 medius
784 3208 998 3272 interuenerit.
1028 3209 1121 3289 atque
1137 3206 1233 3285 illud,
1249 3204 1350 3289 quoda

196 3310 332 3394 lapidem
355 3311 477 3376 calcant
499 3313 663 3394 tamquam
685 3311 887 3376 diremtorem
910 3309 1076 3391 amicitiae,
1101 3309 1209 3375 minus
1232 3308 1322 3375 mole

246 3602 264 3655 2
288 3600 420 3655 diuinitus
443 3600 479 3654 V:
509 3599 612 3654 diuitus
635 3616 651 3654 s
766 3601 783 3655 5
807 3598 1037 3668 superstitiosum]
1060 3598 1113 3652 del.
1137 3602 1213 3653 Μ
1239 3600 1264 3653 V

195 3674 412 3755 superstitiosum
426 3686 479 3756 cst]
496 3702 582 3740 ormo
660 3686 832 3754 'lpartcmm
848 3684 884 3738 V:
911 3687 1014 3753 partem
1032 3683 1111 3739 uelo
1189 3684 1274 3739 ullam
1289 3681 1320 3737 V:

194 3772 305 3828 illamc
407 3774 461 3841 nel]
484 3773 561 3826 uelut
584 3770 620 3838 V;
646 3787 732 3826 cm.o
833 3771 1043 3825 consultationes
1065 3769 1101 3824 V:
1132 3770 1320 3825 consolationes

194 3875 210 3911 c
314 3860 344 3913 11
369 3858 526 3913 nouitatis
631 3858 663 3911 14
686 3857 843 3911 condemnat
866 3857 902 3912 V:
937 3856 1097 3911 continete
1203 3858 1237 3911 15
1260 3868 1320 3926 quos

196 3944 287 3999 GPV:
305 3960 400 4011 qnasv
477 3945 643 3999 characteres
660 3943 702 3998 Ge
782 3943 975 4013 suspendendis
988 3943 1069 3999 GPc:
1087 3942 1262 4011 suspendiso

195 4026 227 4081 16
254 4028 373 4096 ligandis
400 4030 478 4086 P²V2
513 4029 662 4099 inligandis
682 4029 726 4084 Gc
760 4029 906 4098 inligendis
932 4030 971 4085 Ρι
1078 4029 1113 4083 18
1136 4029 1250 4099 physica
1272 4027 1321 4083 Gr:

193 4114 325 4183 phisicam
354 4114 380 4167 V
497 4117 530 4170 21
558 4116 590 4171 de
617 4115 801 4171 strutihonnm
829 4115 866 4171 V:
902 4115 1109 4170 distractionum
1138 4115 1235 4181 G¹P03
1261 4113 1322 4170 alibi

193 4200 382 4254 distractiones
395 4200 422 4254 in
435 4201 555 4269 ossibus,
579 4202 659 4256 alibi:
677 4205 726 4256 aut
737 4202 769 4255 ds
781 4203 945 4256 strutionum
960 4201 1024 4255 odd.
1039 4200 1078 4257 6³
1089 4216 1168 4270 srcpr.
1181 4218 1256 4257 uera.

192 4288 227 4341 22
251 4285 345 4341 dextra
368 4302 450 4341 mauu
471 4285 507 4341 V:
538 4288 658 4342 dextram
683 4304 792 4343 manum
815 4306 832 4343 o
935 4289 1077 4343 sinistrum
1099 4286 1137 4341 V:
1168 4288 1198 4342 in
1216 4288 1323 4343 sinistro

192 4391 209 4430 c
304 4373 434 4443 pollices
529 4373 563 4429 23
580 4375 658 4429 milia
681 4375 716 4429 V:
746 4374 882 4430 similias
979 4375 1101 4444 atrapis
1124 4374 1161 4430 Vr
1191 4378 1242 4431 aut
1259 4374 1324 4445 lepis

194 4461 237 4518 Ga
340 4459 374 4513 26
392 4458 563 4513 dirsmtcrem
586 4460 622 4514 V:
651 4461 844 4530 direptorems
