2760 4814
171 279 239 347 570
654 281 821 350 Eugippii

174 467 276 534 uiator
298 467 325 533 si
347 470 415 535 tem
437 469 638 552 pertinaciter
660 489 767 536 caecus
790 475 846 550 est,
876 474 913 536 ut
940 472 1204 554 euangelistarurn
1227 490 1307 538 eon·

174 572 313 637 cordiam
342 575 380 639 de
403 574 560 639 alabastro
589 574 689 639 fracto
719 575 862 659 frangere
886 579 1022 653 conetur,
1049 576 1137 656 prius
1166 573 1306 658 accipiat

175 673 313 756 perfusos
336 679 439 759 pedes,
470 679 638 760 antequam
668 678 747 743 illud
778 677 914 743 fractum
937 681 1027 761 esset,
1057 679 1094 742 ut
1123 678 1156 741 in
1178 676 1304 761 integro

174 780 357 857 remaneret,
388 780 469 845 unde
497 781 592 846 etiam
622 783 715 863 caput
737 780 981 864 perfunderetur,
1009 780 1062 845 ubi
1084 780 1222 845 fractura
1245 780 1307 846 illa

175 882 277 946 totum
313 882 492 949 effunderet.
536 902 555 948 a
588 884 689 966 capite
723 882 837 967 quippe
873 883 964 949 nobis
1001 883 1143 949 ordinate
1180 885 1346 952 consulis

175 985 391 1067 agnoscimus,
429 986 484 1051 sed
522 985 662 1052 ordinate
701 987 796 1051 etiarn
834 1005 889 1052 nos
920 1005 938 1052 e
966 986 1096 1071 pedibus
1133 986 1173 1050 ed
1204 988 1305 1070 ceput

174 1088 379 1153 ascendimus.

217 1208 329 1274 Cetera
354 1209 430 1274 lacti
456 1210 547 1274 huius
564 1208 683 1274 nullam
698 1209 776 1273 mihi
793 1208 938 1274 uidentur
953 1208 1065 1274 habere
1080 1211 1305 1290 quaestionem.

175 1311 256 1395 quod
293 1312 378 1377 enim
415 1311 471 1376 alii
508 1311 615 1377 dicunt
652 1310 821 1395 discipulos
858 1330 1069 1377 murmurasse
1100 1312 1138 1376 de
1169 1311 1303 1395 ungent‘

174 1415 325 1481 effusione
357 1414 497 1497 pretiosi,
532 1416 682 1481 Iohannes
715 1419 821 1481 autem
855 1416 966 1481 Iudam
1001 1416 1235 1491 commemorat,
1271 1421 1344 1480 etro

173 1519 242 1584 ideo
265 1519 339 1601 quia
360 1518 412 1582 fur
434 1522 511 1597 crat,
534 1517 737 1583 manifestum
759 1522 833 1601 puto
857 1537 923 1584 esse
939 1518 1161 1602 discipulorum
1176 1519 1304 1583 nomine

176 1621 310 1686 eundem
331 1621 444 1686 Iudam
466 1620 678 1706 significatum
701 1622 855 1688 locutione
878 1623 945 1703 illa,
976 1640 1069 1704 quam
1093 1623 1130 1685 de
1152 1621 1303 1707 Philippo

174 1728 207 1791 iu
230 1726 366 1808 quinque
382 1725 512 1807 panibus
534 1725 772 1805 insinuauimus,
796 1727 912 1810 plurali
935 1744 1063 1791 numero
1078 1744 1132 1807 pro
1149 1724 1304 1806 singulari

174 1833 334 1911 usurpato.
372 1832 476 1912 potest
506 1828 600 1894 etiam
629 1829 782 1913 intellegi,
814 1829 895 1912 quod
926 1835 958 1893 et
988 1829 1043 1894 alii
1074 1827 1221 1910 discipuli
1247 1831 1305 1891 aut

176 1934 332 1996 senserint
352 1933 410 1997 hoc
432 1934 487 1998 aut
510 1933 645 1999 dixerint
666 1936 721 1997 eut
743 1933 788 1999 010
805 1933 884 1998 Iuda
900 1933 1023 1999 dicente
1046 1949 1224 2015 persuasum
1250 1930 1343 2007 sites

175 2036 267 2117 atquc
290 2035 429 2101 omnium
451 2037 645 2101 uoluntatem
667 2036 848 2103 Matthaeus
876 2038 909 2101 et
930 2037 1055 2102 Marcus
1079 2035 1174 2100 etiam
1197 2032 1304 2099 uerbis

176 2139 392 2221 expresserint,
415 2140 468 2204 sed
491 2139 585 2205 Iudas
607 2144 767 2224 propterea
789 2140 911 2218 dixerit,
936 2141 1010 2222 quia
1031 2139 1083 2203 fur
1105 2142 1181 2217 erat,
1205 2137 1303 2201 ceteri

174 2261 247 2308 uero
280 2247 407 2326 propter
438 2260 608 2326 pauperum
642 2262 765 2322 curam;
803 2242 975 2307 Iohannem
998 2260 1071 2306 uero
1094 2245 1131 2307 de
1152 2241 1218 2307 solo
1244 2238 1304 2306 illo

174 2345 207 2410 11
229 2363 482 2412 commemorasse
505 2347 650 2425 uoluisse,
674 2348 761 2412 cuius
784 2365 820 2412 01
838 2346 897 2411 hac
913 2347 1072 2411 occasione
1087 2343 1212 2410 furandi
1230 2360 1305 2409 con·

174 2449 370 2515 suetudinem
393 2449 526 2516 credidit
547 2451 763 2516 intimandam.
1313 2474 1343 2514 ro

228 2734 504 2804 101100]010100
522 2737 561 2790 A¹
591 2737 628 2792 sit
646 2754 715 2795 ane
811 2737 912 2807 caecus]
932 2753 1023 2792 000000
1040 2738 1068 2791 A
1163 2737 1213 2806 est]
1232 2741 1307 2792 00001

175 2822 203 2875 A
306 2821 427 2877 2frscto
444 2825 468 2889 (o
486 2838 520 2877 coc
538 2840 556 2876 u
573 2827 655 2891 corr.)
673 2825 702 2880 P
801 2824 960 2895 3perlnsue
977 2823 1043 2877 AP¹
1146 2822 1306 2893 4pcriudo-

174 2910 250 2962 retur
272 2908 301 2963 P
403 2907 460 2977 ubi]
484 2907 523 2962 ibi
546 2909 575 2964 P
674 2911 743 2966 601
761 2911 853 2981 ceput]
871 2927 921 2966 ono
941 2910 968 2964 P
1070 2909 1186 2963 801110
1209 2909 1238 2964 P

175 2995 284 3048 uidetur
301 2995 356 3050 P'e
442 2995 459 3048 9
472 3011 652 3052 murmurasse
663 2997 806 3067 discipulos
818 2997 969 3066 (discipulis
982 2996 1021 3064 P)
1041 2997 1084 3051 Pu
1170 2998 1307 3065 unguenti

175 3081 268 3135 P²V¹o
293 3083 411 3151 ungento
431 3080 469 3135 Ρι
573 3082 607 3136 10
623 3082 728 3137 iung
828 3084 861 3138 11
877 3084 949 3154 quia]
967 3085 1016 3153 qui
1032 3083 1060 3138 V
1154 3084 1219 3152 puto
1237 3084 1305 3153 0000]

174 3167 294 3236 potuisse
319 3167 363 3221 Po
474 3167 508 3222 12
534 3169 688 3237 loquutione
718 3169 745 3224 V
770 3169 933 3225 locutionem
961 3171 1005 3225 Po
1114 3168 1193 3223 illam
1217 3185 1236 3225 0

176 3287 210 3341 13
232 3287 438 3346 insinuamuea
540 3263 638 3361 plorali
660 3290 771 3359 (1011.
789 3294 870 3361 m.2)
892 3291 920 3347 V
1019 3292 1053 3348 16
1076 3293 1114 3361 01]
1132 3308 1182 3347 om.
1206 3292 1234 3345 A

176 3373 208 3426 17
231 3373 277 3428 101
299 3377 475 3443 00100101
493 3392 512 3430 a
528 3393 562 3431 m.
580 3380 600 3433 2
616 3377 647 3432 e'n
663 3380 730 3447 rae.)
751 3378 779 3434 V
880 3379 912 3434 18
936 3379 1077 3434 iohannem
1095 3378 1168 3448 uero]
1191 3377 1305 3447 scripsit

179 3458 215 3513 V¹
233 3460 264 3515 in
281 3462 372 3531 spatio
388 3463 588 3519 0000001010
691 3480 754 3519 uero
771 3465 846 3520 MV:
874 3468 963 3519 autem
982 3465 1053 3520 APo
1157 3464 1189 3519 19
1214 3462 1255 3533 11]
1275 3465 1306 3520 11

175 3559 271 3602 sumo
360 3563 578 3604 000000010000
596 3549 673 3605 MV:
700 3566 903 3606 00000οο1010
920 3552 976 3606 AP
1001 3551 1236 3609 commemoraris
