2760 4814
230 338 393 408 Excerpta
410 354 447 392 cr
464 354 532 408 opp.
550 338 577 394 S.
595 336 782 408 Augustini
804 337 906 395 CCXX
923 336 1040 395 CCXXI.
1135 340 1202 408 ‘105

66 530 146 614 quia
166 529 246 594 bene
268 527 463 609 sperantium
484 545 620 610 superna
634 527 822 612 exspectatio
843 530 902 593 est.
934 526 1000 594 ism
1021 543 1094 593 uero
1116 526 1200 593 illud

66 654 105 700 ex
127 633 224 718 ligno,
247 629 330 713 quod
343 647 406 696 non
420 632 556 714 apparet
580 630 662 714 qnod
677 631 775 696 fixum
789 630 976 707 occultatur,
999 632 1080 696 unde
1095 631 1200 698 totum

66 735 150 803 iliud
177 734 327 818 exsurgit,
358 733 607 817 profunditatem
635 733 792 818 significat
819 735 977 820 gratuitae
1005 733 1135 819 gratiae,
1165 735 1200 800 in

67 860 130 924 qua
152 840 324 906 multorum
352 839 480 921 ingenia
509 840 712 904 conternntur
738 841 770 906 id
798 839 954 924 uestigare
981 839 1132 923 conantia
1162 842 1199 904 ut

40 943 110 1009 ead
130 946 304 1008 extremum
332 944 378 1009 eis
407 943 545 1008 dicetur:
583 942 753 1022 onemo,
783 945 825 1011 tu
847 944 935 1026 quis
958 961 1015 1026 es,
1045 943 1111 1025 qui
1141 961 1198 1009 re-

66 1049 264 1131 spondeas
287 1045 382 1112 deo?
403 1046 512 1111 uiuent
527 1063 599 1131 crgo
622 1047 717 1113 corda
738 1048 949 1113 saturatorum
971 1065 1144 1133 pauperum
1164 1048 1199 1112 in

65 1149 227 1216 saeculum
249 1150 378 1229 saeculi,
400 1149 460 1215 hoc
482 1154 529 1215 est
551 1149 720 1216 humilium
743 1151 873 1217 caritate
894 1151 1108 1233 flagrantium,
1134 1169 1196 1216 non

65 1272 126 1319 sua
146 1253 374 1336 quaerentium,
397 1253 452 1317 sed
475 1254 654 1319 sanctorum
675 1254 825 1321 societate
845 1254 1061 1339 gaudentium.

556 1541 709 1628 ccxxi

24 1726 54 1764 ιο
109 1717 156 1764 EX
179 1716 344 1764 EPISTVLA
366 1718 414 1763 AD
442 1718 657 1765 Boumaurvnt
686 1718 877 1766 aulaeorum
909 1719 956 1766 DE
984 1717 1153 1765 Peavvnls

64 1819 328 1886 REQVIBENTEM,
359 1822 478 1869 VTRVM
507 1821 682 1869 PARENTES
710 1821 910 1870 BAP'I'IZA'I'IS
932 1822 1102 1869 Peuvvnls
1125 1822 1196 1871 svm

108 1923 284 1986 ΝΟΟΕΔΝΤ,
316 1923 388 1972 CVM
416 1924 480 1973 Eos
508 1923 763 1973 Deumomonvnr
792 1923 991 1973 sacmulcns
1020 1924 1154 1974 SANAEE

533 2027 727 2075 commun.

109 2146 236 2228 Quaeris
269 2165 288 2211 a
320 2165 380 2224 me,
419 2151 524 2211 utrum
565 2147 710 2228 parentes
746 2145 916 2228 baptisatis
953 2146 1093 2227 paruulis
1130 2144 1269 2212 suis239

23 2252 210 2329 xenoccant
233 2267 304 2314 cum
328 2268 379 2315 eos
402 2249 636 2314 daemoniorum
658 2247 820 2315 sacrificiis
841 2266 950 2313 sanare
972 2252 1132 2327 conantur,
1162 2253 1194 2314 et

63 2357 90 2419 si
107 2370 170 2417 non
186 2358 308 2438 nocent,
331 2352 482 2435 quomodo
501 2353 545 2418 cis
572 2353 677 2435 prosit,
702 2370 772 2417 oum
794 2352 1003 2434 baptizantur,
1027 2355 1194 2435 parentum

62 2459 151 2540 detes,
182 2474 312 2539 quorum
344 2457 388 2520 eis
418 2473 480 2520 non
509 2456 614 2538 potest
636 2457 741 2521 obesse
763 2455 903 2538 perfidie.
940 2455 995 2522 nbi
1023 2455 1194 2537 respondeo

63 2562 185 2627 tantam
209 2558 297 2624 illins
320 2561 516 2637 sacramenti,
540 2558 599 2625 hcc
616 2564 664 2624 est
679 2557 831 2641 baptismi
854 2558 1013 2639 salutaris,
1036 2576 1104 2623 esee
1126 2559 1193 2624 uir-

64 2669 169 2731 tutem
191 2663 225 2728 iu
248 2664 359 2728 sancte
381 2675 532 2748 compage
548 2663 683 2746 corporis
699 2660 826 2740 Christi,
849 2666 886 2727 ut
907 2661 1004 2727 semel
1026 2665 1195 2745 generatus

25 2755 119 2851 uper
152 2765 286 2832 aliorum
321 2766 476 2831 carnalem
511 2766 722 2848 uoluptatem,
760 2785 832 2831 cum
866 2765 962 2830 semel
996 2766 1195 2848 regeneratus

63 2870 162 2935 fuerit
183 2887 238 2951 per
261 2868 394 2933 aliorum
417 2867 593 2952 spiritalem
615 2870 821 2950 uoluntatem,
844 2867 990 2950 deinceps
1011 2887 1071 2934 uon
1094 2868 1196 2952 possit

64 2970 193 3038 uinculo
223 2972 343 3038 alienae
370 2971 548 3055 iniquitatis
571 2972 737 3056 obstringi,
769 2973 820 3037 cui
843 2972 931 3038 nulla
953 2990 1009 3037 sua
1031 2973 1194 3038 uoluntate

63 3077 230 3142 consentit.
282 3078 394 3141 etenim
437 3074 564 3140 anima
602 3076 732 3158 patris
768 3093 849 3140 mea
886 3078 961 3156 est,
998 3075 1118 3158 inquit,
1157 3081 1194 3141 et

62 3179 194 3244 anima
215 3178 305 3244 filii
327 3198 410 3244 mea
432 3180 508 3257 est;
538 3179 688 3254 anima,
711 3196 805 3261 quac
826 3180 1077 3265 peccauerit,
1107 3179 1195 3262 ipsa

26 3284 268 3349 remetietur.
307 3301 367 3348 non
392 3288 496 3349 autem
519 3284 626 3366 peceat
647 3284 725 3366 ipsa,
756 3301 827 3348 cum
851 3285 994 3365 parentes
1017 3281 1046 3347 ei
1068 3283 1193 3348 omniuo

164 3469 274 3522 bitom.
293 3468 371 3534 9,ao
473 3469 541 3524 boi.
561 3468 605 3525 Ps.
625 3469 719 3535 2l,2'i
822 3468 965 3523 23Eaach.
986 3468 1062 3535 18,4

115 3639 306 3708 lerpectatio
333 3640 377 3694 Aa
495 3639 647 3710 terurgit
672 3641 700 3695 A
734 3643 900 3710 exsurgcta
1013 3641 1194 3710 tuestigare

60 3724 158 3781 APV:
188 3723 387 3795 inuestigarcu
490 3725 684 3780 conantibuee
786 3726 897 3796 tquis]
915 3727 963 3795 qui
980 3728 1008 3782 A
1110 3726 1193 3783 issa·

60 3827 251 3898 manue
352 3812 781 3912 esusdrmamm
883 3828 1193 3898 eoepccxxrre

60 3928 268 3987 ccxxxvlm
286 3930 313 3985 P
347 3929 439 3986 CCXL
459 3930 502 3986 Ga
605 3932 639 3986 10
656 3931 820 3987 bonifacium
838 3931 881 3985 Po
912 3932 1077 3987 bonefacium
1097 3933 1124 3988 0

60 4017 181 4088 punctis
197 4015 226 4070 A
313 4017 343 4070 ll
362 4016 420 4070 suis
437 4017 476 4072 Μ
479 4017 514 4072 V:
541 4033 592 4073 cas.
611 4016 711 4073 AGPo
798 4018 831 4072 1³
855 4016 891 4083 cs.
905 4033 936 4085 p.
954 4021 1013 4082 714,
1030 4021 1049 4074 2
1065 4025 1123 4073 aot.

60 4104 95 4159 14
111 4102 219 4173 quaeris
233 4102 314 4157 cve:
341 4118 451 4171 quaeres
465 4104 524 4159 AV
606 4104 724 4174 paractis
741 4105 770 4157 A
856 4103 888 4158 21
907 4103 1077 4159 uoluntatem
1095 4106 1123 4158 A

59 4189 95 4243 22
112 4188 222 4244 uinculo
239 4192 265 4256 (o
282 4203 318 4242 ca
334 4204 381 4242 um
397 4195 478 4256 corr.)
496 4192 524 4244 A
621 4190 657 4244 23
674 4190 773 4244 etenim
791 4189 882 4243 anima
902 4187 939 4243 V:
968 4192 996 4244 et
1013 4191 1104 4245 anima
1120 4192 1194 4247 euim

59 4279 105 4332 Μ
208 4274 375 4346 Effice

114 4377 208 4434 vnn.
1053 4379 1088 4433 45
