2760 4814
306 569 474 640 Excerpte
492 586 528 625 ex
544 585 614 641 opp.
631 570 658 625 s„
676 572 864 640 Augustini
885 571 959 627 XXI.
1137 574 1198 642 173

61 781 141 845 quae
165 760 270 844 prima
291 760 444 845 peccauit,
467 762 666 827 uoluntatem
689 762 814 829 malam.
849 764 904 829 sed
927 765 1023 830 etiam
1044 784 1096 830 res
1117 765 1196 848 ipse,

61 883 275 948 quaecumque
303 867 351 929 est
379 865 509 930 inferior
536 884 634 948 usque
662 867 701 931 od
730 866 870 932 infimam
893 870 1019 948 terram,
1051 868 1196 950 quoniam

58 973 176 1032 nature
197 969 230 1030 et
252 968 390 1033 essentia
412 972 470 1048 est,
498 968 608 1050 procul
637 968 731 1034 dubio
754 972 833 1036 bona
855 970 903 1035 est
926 968 1045 1035 habens
1068 972 1196 1036 modum

59 1074 90 1134 et
112 1072 253 1153 speciem
276 1087 366 1135 snam
389 1073 422 1136 in
444 1090 559 1156 genere
588 1077 682 1155 atque
711 1072 818 1137 ordine
841 1090 906 1137 suo.
945 1074 1098 1155 quomodo
1121 1092 1195 1158 ergo

37 1192 105 1240 eres
136 1175 219 1239 bona
252 1172 390 1240 efficiens
421 1178 469 1239 est
502 1175 677 1240 uoluntatis
707 1175 832 1241 malae?
861 1179 1023 1258 quomodo,
1057 1175 1195 1261 inquam,

56 1280 177 1344 bonum
200 1278 250 1342 est
271 1295 363 1343 causa
385 1278 487 1343 mali?
514 1297 587 1343 cum
602 1279 685 1344 enim
701 1298 734 1345 se
751 1279 896 1344 uoluntas
912 1279 1022 1343 relicto
1038 1279 1195 1362 superiore

57 1381 97 1444 sd
120 1379 276 1445 inferiora
299 1381 462 1459 conuertit,
486 1381 622 1446 efficitur
644 1383 738 1460 male,
762 1401 823 1447 non
839 1382 913 1464 quia
929 1381 1049 1444 maium
1065 1382 1112 1446 est
1134 1399 1195 1464 quo

57 1502 91 1546 se
114 1485 285 1563 conuertit,
308 1484 362 1548 sed
387 1487 459 1566 quia
481 1502 630 1567 peruersa
652 1485 701 1548 est
723 1486 791 1565 ipsu
807 1483 981 1548 conuersio:
1005 1484 1117 1548 idcirco
1133 1502 1195 1550 non

56 1604 106 1650 ree
129 1586 263 1651 inferior
285 1588 480 1652 uoluntatem
503 1586 619 1652 malum
642 1586 728 1668 iecit,
752 1586 807 1651 sed
822 1605 889 1651 rem
906 1586 1084 1651 inferiorem
1100 1605 1195 1669 praue

24 1691 153 1772 »atque
177 1690 364 1772 inordinate,
388 1691 458 1773 ipsa
486 1690 561 1772 quia
583 1689 666 1755 iacta
688 1693 744 1767 est,
774 1690 936 1772 appetiuit.
974 1689 1003 1753 si
1026 1689 1110 1755 enim
1133 1689 1193 1755 ali·

57 1793 112 1874 qni
146 1792 210 1857 dno
245 1795 417 1875 aequaliter
449 1792 554 1859 affecti
586 1793 690 1857 animo
719 1796 751 1857 et
781 1808 905 1874 corpore
937 1792 1067 1857 uideant
1099 1792 1194 1857 unius

57 1895 195 1977 eorporis
233 1895 508 1977 pulchritudinem,
544 1914 606 1978 qua
642 1896 710 1960 uisa
744 1914 824 1962 unus
858 1913 963 1960 eorum
998 1894 1037 1959 ad
1073 1894 1195 1960 inlicite

57 1997 229 2063 fruendum
258 1999 433 2076 moueatur,
462 1998 544 2063 alter
565 2000 596 2063 in
618 1999 785 2065 uoluntate
807 1998 921 2082 pudica
943 1998 1067 2063 stabilis
1090 2016 1193 2081 perse·

56 2102 156 2182 umet,
191 2100 266 2183 quid
299 2103 446 2184 putamus
475 2119 542 2166 esse
570 2120 678 2166 causae
708 2104 744 2166 ut
765 2101 797 2166 in
821 2102 877 2167 ilio
899 2101 966 2179 fiat,
997 2103 1028 2166 in
1051 2101 1107 2165 illo
1131 2119 1193 2166 non

27 2203 112 2271 nfiat
140 2203 290 2269 noluntas
322 2204 428 2269 mala?
460 2222 539 2285 quae
572 2204 661 2269 illam
690 2223 740 2270 res
770 2204 844 2269 fecit
872 2204 905 2268 in
929 2223 989 2287 qno
1012 2204 1099 2269 facta
1121 2207 1193 2270 est?

58 2326 157 2389 neque
182 2308 265 2372 enim
288 2306 487 2389 pulchritudo
518 2306 576 2371 iila
598 2308 749 2389 corporis3
785 2327 857 2372 nam
886 2326 954 2372 eam
976 2324 1038 2372 non
1063 2306 1137 2372 iecit
1160 2310 1193 2372 in

57 2410 222 2487 mnbobns,
256 2412 380 2493 quando
402 2410 526 2493 quidem
550 2411 712 2476 amborum
734 2431 796 2476 non
832 2410 1024 2492 dispariliter
1058 2410 1193 2475 occurrit

58 2516 248 2596 aspectibus.
283 2533 322 2579 an
351 2530 421 2578 caro
450 2514 602 2579 intuentis
633 2516 825 2580 causaest?
859 2533 913 2578 eur
943 2531 1005 2577 non
1027 2516 1060 2578 et
1082 2512 1193 2578 illius?

58 2635 96 2682 an
125 2635 202 2682 uero
231 2617 377 2682 animm?
408 2635 463 2682 cur
492 2632 553 2681 non
576 2619 758 2701 utriusque?
793 2620 901 2684 ambos
923 2619 1005 2682 enim
1030 2621 1062 2681 et
1085 2617 1191 2681 animo

28 2726 88 2785 »et
109 2739 241 2804 corpore
270 2721 443 2804 cequeliter
473 2722 600 2787 affectos
630 2722 849 2804 prcedirimus.
886 2742 925 2787 an
954 2721 1122 2787 dicendum
1144 2722 1192 2785 est

58 2824 194 2889 alterum
218 2844 323 2889 eornm
340 2824 461 2890 occulta
475 2825 608 2909 maligni
623 2826 751 2908 spiritus
777 2826 979 2910 suggestione
1010 2826 1192 2904 temtatum,

58 2930 146 3010 quasi
177 2947 241 2993 uon
268 2929 367 2994 eidem
390 2930 582 3013 suggestioni
613 2933 644 2994 et
666 2929 886 3012 qualicumque
908 2929 1045 2994 suasioni
1067 2931 1191 3012 propria

56 3033 224 3097 uoluntate
247 3032 464 3097 consenserit?
490 3033 570 3098 hanc
593 3034 690 3116 igitur
705 3034 947 3110 consensionem,
973 3033 1052 3097 hanc
1074 3032 1192 3098 malam

58 3154 151 3218 quam
176 3135 262 3200 male
284 3136 427 3201 suadenti
449 3135 596 3200 adhibuit
610 3137 806 3201 uoluntatem
823 3155 901 3219 quae
917 3139 949 3202 in
964 3153 1000 3200 eo
1015 3153 1066 3199 res
1083 3135 1193 3200 iecerit

27 3240 250 3322 senuerimus.
286 3257 356 3304 nam
388 3239 425 3303 ut
447 3236 504 3304 hoc
526 3258 648 3321 quoque
670 3240 930 3322 impedimentum
953 3239 993 3304 ab
1015 3239 1077 3302 ista
1098 3257 1192 3321 quae·

56 3344 160 3407 mione
199 3341 339 3421 tollatur,
381 3344 409 3407 ei
445 3345 553 3408 eadem
591 3344 775 3409 temtatione
811 3343 903 3409 ambo
948 3343 1120 3407 temtentur
1161 3343 1194 3405 et

56 3464 136 3512 unus
161 3444 192 3510 ei
217 3445 308 3511 osdat
338 3447 432 3528 etque
461 3447 647 3523 consentiat,
677 3445 757 3511 alter
780 3448 863 3512 idem
886 3446 939 3527 qni
962 3445 1064 3510 iuerat
1085 3461 1192 3526 perse-

56 3551 154 3628 ueret,
179 3546 256 3631 quid
278 3548 362 3614 aliud
385 3549 514 3632 apparet
535 3548 598 3613 nisi
621 3567 717 3614 uuum
734 3550 882 3627 noluisse,
906 3549 1039 3614 aiterum
1055 3547 1195 3612 uoluisse

57 3650 248 3718 constitute
269 3650 422 3716 deficere?
456 3651 539 3715 unde
570 3650 631 3715 nisi
659 3652 783 3734 propria
806 3652 978 3729 uoluntate,
1008 3650 1061 3717 ubi
1085 3651 1195 3715 eadem

106 3904 177 3960 aar
193 3919 244 3960 osu
262 3921 281 3960 o
382 3904 600 3960 testricions'l’
699 3906 803 3960 thena
820 3906 858 3961 1³¹
962 3921 1068 3960 musam
1088 3904 1124 3959 Ρι

59 3992 91 4046 10
106 3992 225 4061 ntiqui
253 3991 279 4046 T
380 3992 412 4046 la
438 4008 492 4061 qun
519 3991 581 4045 nise
607 3993 686 4062 unus]
713 3993 837 4062 quamuis
861 3994 967 4047 animus
992 4008 1010 4047 o
1112 3990 1196 4045 unius

60 4079 85 4134 T
179 4079 212 4132 13
230 4081 378 4148 porseuemt
395 4077 502 4133 stabilis
521 4077 564 4132 Po
662 4079 696 4134 15
712 4081 868 4147 quae-ert
885 4096 902 4135 c
919 4081 951 4133 in
967 4076 1123 4148 mospius.

58 4166 133 4234 quse]
148 4164 208 4235 uP
287 4163 383 4220 incito
470 4164 571 4223 ldeec
659 4165 691 4220 17
704 4163 888 4232 dispariterP
972 4164 1005 4218 18
1017 4167 1053 4232 (et
1067 4162 1110 4229 19)
1121 4177 1192 4232 quur

59 4250 160 4306 1?st
246 4249 281 4304 19
296 4249 418 4319 utrinqne
436 4248 500 4304 MV
581 4253 617 4314 20
633 4250 756 4319 moces]
769 4250 813 4303 eff.
826 4249 910 4306 fuisse
928 4249 998 4306 PTo
1083 4250 1124 4303 ast
1141 4261 1191 4301 orn.

60 4336 101 4391 Po
200 4336 233 4391 21
252 4351 345 4391 eorum
362 4349 449 4391 om
546 4344 579 4409 22
597 4344 693 4405 mam
712 4336 889 4406 suggestione
906 4337 962 4392 P¹o
1061 4333 1194 4389 suasioni

60 4421 272 4478 nmmos*
363 4420 577 4505 occupatione
587 4438 635 4504 R,
733 4421 766 4477 rr
784 4422 867 4479 seer
884 4424 913 4479 P
928 4422 950 4490 (r
968 4427 1058 4492 em)
1153 4401 1201 4488 qia

60 4508 256 4572 Ρςὶσιιθ
359 4518 614 4612 Pmmfttffl'
726 4509 938 4578 reapperetr'
