2760 4814
199 314 263 379 468
680 306 848 377 Eusiruii

200 501 226 567 si
248 503 319 584 pest
340 500 516 575 adderetur,
537 499 575 563 ut
596 503 639 563 sic
660 516 694 563 se
716 496 844 563 heberet
865 498 934 560 tote
955 497 1128 561 sententie:
1161 496 1198 560 et
1220 496 1329 561 cleu·

198 605 253 669 sit
283 607 320 668 et
349 588 534 687 signauit
563 620 679 684 super
709 620 808 680 eum,
843 603 962 665 denec
991 598 1191 664 finiantur
1213 600 1329 665 mille

197 709 302 787 enni,
326 707 369 772 ut
391 725 468 771 nen
489 704 699 771 seduceret
721 707 800 770 iem
822 707 980 786 gentes,
1011 701 1044 768 id
1073 707 1120 767 est
1147 701 1216 767 ideo
1241 703 1326 768 cleu·

197 811 249 883 sit
273 811 369 876 donec
392 811 543 875 finiantur
566 809 653 873 mille
677 810 761 886 unni,
792 813 828 873 ut
850 824 911 871 non
933 804 1094 871 seduceret
1116 804 1181 868 iem
1203 810 1327 887 gentes.

239 930 332 995 Post
362 931 471 1008 hece,
505 929 619 1012 inquit,
654 929 813 1011 oportet
835 947 918 992 eum
950 927 1054 992 sciui
1086 926 1200 992 breui
1233 935 1362 993 tem-e

197 1050 297 1116 pore.
336 1032 364 1097 si
394 1032 454 1099 hcc
483 1035 531 1098 est
561 1030 682 1097 diabolo
719 1030 814 1115 ligeri
844 1034 876 1096 et
904 1029 1032 1107 includi,
1066 1030 1232 1095 ecclesium
1265 1051 1326 1096 non

196 1155 285 1219 posse
307 1137 460 1220 seducere,
488 1136 564 1200 heec
586 1153 659 1219 erge
682 1135 742 1200 erit
764 1132 878 1200 solutio
903 1133 980 1210 eius,
1013 1134 1049 1197 ut
1071 1134 1195 1215 pessit?
1228 1134 1327 1199 absit.

197 1257 367 1322 numquam
402 1237 487 1304 enim
519 1237 558 1304 eb
586 1237 642 1302 illc
676 1238 807 1303 ecclesie
835 1236 1000 1303 seducetur
1027 1236 1264 1319 praedestinate
1297 1238 1328 1303 et

196 1345 296 1409 eiecta
318 1343 391 1408 ente
413 1342 524 1408 mundi
546 1342 812 1424 constitutionem,
835 1343 872 1407 de
894 1358 957 1423 que
977 1336 1098 1406 dictum
1121 1342 1186 1407 est:
1209 1341 1329 1408 uenit

197 1447 376 1512 deminus
398 1447 461 1529 qui
490 1449 583 1511 suut
611 1446 702 1511 eius.
727 1447 881 1523 ettamen
896 1444 947 1510 hie
962 1445 1023 1509 erit
1045 1445 1142 1508 etiem
1162 1444 1219 1509 illc
1243 1447 1363 1510 tem-re

196 1567 279 1632 pere,
310 1566 370 1632 que
401 1549 567 1615 soluendus
598 1551 647 1613 est
676 1548 828 1627 diabolus,
860 1550 941 1613 sicut
966 1568 1001 1613 ex
1024 1565 1085 1630 quc
1108 1548 1156 1613 est
1175 1544 1329 1615 'institute

197 1652 248 1717 hic
269 1650 340 1731 fuit,
369 1652 402 1714 et
425 1653 485 1716 erit
513 1652 767 1733 omnitempore,
799 1651 833 1716 in
854 1651 920 1717 suis
949 1651 1056 1732 utique
1079 1652 1132 1733 qui
1155 1652 1329 1717 succedunt

197 1756 348 1820 nascende
370 1754 588 1821 morientibus.

659 1993 855 2079 CXXVIII.

196 2186 241 2233 EX
263 2186 382 2234 EODEM
403 2185 508 2233 LIBRO
530 2186 577 2232 DE
599 2183 759 2233 mvlunuu
782 2186 842 2232 DEI
859 2185 917 2232 XX.
940 2185 1025 2245 QVID
1048 2184 1365 2235 RESPONDENDVM

196 2289 248 2336 sl'r
276 2289 329 2337 uls
359 2290 418 2348 Qvl
448 2288 584 2336 PV'I'ANT
615 2288 924 2336 RESVRBEUI‘IONEM
953 2289 1001 2334 AD
1037 2288 1123 2336 SOLA
1155 2287 1328 2350 CORPORA,
1369 2322 1372 2327 -

439 2391 511 2439 NON
532 2392 639 2438 E'I'IAII
661 2392 709 2438 ΑΙ)
730 2390 859 2439 Annius
881 2391 1085 2440 PERTINERE.

126 2528 189 2595 144
240 2532 344 2596 Heec
376 2529 624 2596 resurrectio
657 2531 783 2612 prime
817 2533 888 2594 est.
925 2530 1068 2596 beatus
1094 2530 1328 2595 etsenctus

196 2633 262 2716 qui
296 2632 414 2698 hebet
447 2633 487 2697 in
520 2633 594 2699 hec
620 2632 750 2716 prIme
779 2631 1071 2699 resurrectione
1093 2633 1267 2713 purtem,
1295 2631 1328 2697 id

197 2740 244 2801 est
265 2737 419 2820 particeps
441 2736 506 2801 eius
529 2737 586 2802 est.
625 2739 689 2819 ipse
712 2738 760 2802 est
782 2741 887 2803 eutem
909 2735 1063 2820 particeps
1088 2734 1165 2818 eius,
1188 2736 1244 2818 qui
1265 2755 1364 2803 nense

196 2839 298 2906 selum
319 2857 338 2904 e
360 2843 470 2917 morte,
493 2858 571 2923 quse
594 2839 788 2922 inpeccatis
811 2844 868 2918 est,
896 2840 1062 2906 renidescit
1090 2857 1200 2904 uerum
1228 2840 1328 2906 etiem

196 2945 229 3011 in
250 2960 286 3010 ec
308 2946 389 3029 quod
411 2944 561 3010 reuixerit
582 2942 788 3028 permanebIt.
818 2944 860 3011 in
883 2944 995 3025 istis,
1018 2945 1131 3028 inquit,
1154 2945 1328 3010 secunde

197 3067 297 3115 mers
322 3067 397 3115 nen
426 3048 546 3114 hebet
567 3048 820 3132 potestatem.
853 3047 949 3115 hebet
971 3065 1045 3130 erge
1068 3050 1102 3113 in
1122 3047 1263 3131 reliquis,
1287 3050 1326 3114 de

146 3172 159 3201 ι
197 3153 309 3233 quibus
325 3155 466 3236 superius
481 3154 541 3218 eit:
564 3151 710 3235 reliqui
728 3138 858 3218 eorum
880 3171 953 3218 non
975 3153 1179 3230 uixerunt,
1202 3154 1328 3218 donee

195 3254 397 3322 finientur
426 3255 538 3323 mille
567 3255 678 3332 enni,
708 3257 855 3339 quonism
881 3256 947 3321 tete
971 3256 1032 3320 iste
1054 3254 1204 3338 temperis
1225 3255 1362 3322 iuter-ss

196 3357 292 3435 uelle,
314 3359 396 3440 qued
420 3358 508 3425 mille
531 3375 628 3423 annes
649 3360 752 3436 uocet,
775 3360 1061 3442 quantumcumque
1082 3359 1115 3423 in
1137 3376 1173 3423 eo
1194 3359 1328 3444 quisque

197 3477 304 3525 eorum
336 3462 416 3526 uixit
447 3462 480 3528 in
513 3478 648 3544 nemore,
681 3480 744 3527 non
777 3461 893 3528 reuixit
925 3465 1080 3541 emente,
1112 3465 1146 3526 in
1169 3478 1231 3544 qne
1254 3481 1327 3527 eum

299 3646 367 3714 ιιιι
378 3647 406 3714 5)
424 3647 507 3717 spos.
523 3648 602 3714 sus
687 3647 705 3702 e
722 3646 753 3702 11
764 3647 834 3702 uim.
851 3648 877 3713 e,
890 3648 922 3703 re
1011 3647 1043 3701 rs
1060 3649 1142 3718 spes.
1160 3647 1203 3714 ee,
1221 3648 1288 3719 seq.

247 3819 264 3873 6
284 3817 393 3873 diebcln
412 3824 440 3886 (ιι
458 3836 492 3875 ex
510 3838 525 3876 c
543 3837 612 3878 ecee.
630 3838 666 3876 m.
683 3824 713 3889 2)
739 3822 765 3876 T
865 3822 882 3876 8
905 3821 1046 3875 seducetur
1071 3822 1111 3877 T:
1137 3819 1278 3874 seducitur
1302 3820 1331 3877 G

196 3904 240 3961 Pe
280 3902 417 3960 seduceret
443 3910 496 3973 (ret
522 3908 585 3962 add.
609 3923 643 3962 m.
666 3909 740 3961 21η
763 3909 854 3978 epete'c
877 3910 894 3961 5
916 3908 980 3975 lire.)
1008 3905 1034 3961 V
1072 3906 1195 3961 seducere
1221 3906 1263 3963 M

195 3990 392 4061 preedietinete
411 3990 482 4047 GPe
567 3996 595 4046 et
612 3994 696 4048 electe
714 3993 780 4047 ΡΤε
797 4009 847 4047 ceu
869 3992 973 4048 eme
1059 3993 1094 4047 10
1110 3991 1155 4046 hic
1174 3990 1240 4047 TV:
1263 3992 1331 4048 hece

195 4093 213 4132 e
298 4078 333 4133 14
348 4094 410 4147 sep.
424 4077 564 4133 cxxxvl
583 4079 609 4133 Τ
631 4078 763 4134 cxnnn
781 4079 837 4144 Pe;
855 4095 992 4134 nemeen.
1011 4077 1041 4133 G
1128 4078 1162 4132 15
1178 4077 1230 4132 XX
1248 4079 1332 4135 MV:

195 4160 247 4216 XX
263 4163 334 4219 inter
350 4165 438 4219 cetere
454 4166 483 4218 et
500 4166 541 4230 (et
556 4163 610 4220 det.
629 4165 674 4229 P)
698 4165 732 4219 ed
750 4165 838 4220 locum
856 4164 897 4220 ue
999 4163 1033 4218 21
1055 4164 1206 4218 renimet
1229 4169 1260 4220 ιιι

195 4248 231 4302 dd
247 4264 310 4318 erge
330 4249 393 4305 TV:
419 4266 504 4305 eme
606 4251 642 4306 25
660 4254 813 4320 temperes
