2760 4814
210 321 273 387 ‘176
690 318 855 388 maiivii

209 527 246 574 ex
268 510 405 591 tempore
430 506 553 586 dicitur,
577 505 670 572 sicuti
692 507 754 571 est:
779 506 951 583 domine,
974 507 1180 592 refugium
1202 509 1334 575 factus

210 628 248 675 es
270 608 401 687 nobis,
425 608 504 674 nihil
526 611 555 674 ei
577 613 720 675 accedere
742 628 802 692 quo
826 610 975 686 mutetur,
998 610 1052 674 secl
1077 610 1208 677 omnino
1231 613 1333 696 ipsum

208 712 241 777 in
264 712 374 777 natura
395 712 447 777 uel
470 714 602 778 essentia
623 730 680 777 sua
701 711 931 777 immutabilem
954 729 1143 793 permanere.
1183 713 1217 779 in
1239 717 1331 789 sextu

209 818 360 898 quomodo
395 815 497 880 dictus
525 814 567 879 sit
590 813 733 880 Christus
761 832 812 879 ore
834 814 1000 896 apostolico
1030 815 1079 882 dei
1102 817 1208 884 uirtus
1231 822 1265 883 et
1286 819 1331 884 dei

209 919 369 1000 sapientia,
392 918 438 983 sic
461 918 649 999 disputatur,
673 921 709 981 ut
731 916 893 982 differatur
916 917 1022 982 eadem
1037 919 1180 1001 quaestio
1197 921 1359 1005 diligen-s

208 1021 271 1086 tius
300 1019 507 1097 retractanda,
541 1024 689 1085 utruma
717 1036 776 1102 quo
805 1023 852 1083 est
880 1021 1004 1103 genitus
1026 1019 1171 1088 Christus
1202 1042 1266 1089 non
1293 1024 1332 1088 sit

206 1127 272 1208 ipse
294 1123 457 1206 sapientia,
480 1124 534 1188 sed
557 1125 680 1188 tantum
702 1122 872 1206 sapientiae
895 1141 968 1188 suae
991 1128 1088 1207 pater,
1113 1143 1156 1189 an
1179 1126 1331 1209 sapientia

206 1229 392 1310 sapientiam
414 1226 565 1311 genuerit.
589 1228 643 1291 sed
665 1225 826 1308 quodlibet
849 1226 957 1292 horum
981 1229 1071 1310 esset,
1095 1227 1199 1294 etiam
1221 1228 1257 1295 in
1279 1230 1330 1294 hoc

208 1332 286 1398 libro
315 1330 459 1414 apparuit
491 1329 645 1395 trinitatis
678 1328 850 1412 aequalitas
879 1332 910 1395 et
933 1349 992 1396 non
1014 1329 1089 1395 deus
1118 1329 1246 1415 triplex,
1279 1330 1329 1398 ssd

207 1434 342 1516 trinitas,
377 1451 433 1498 nso
462 1432 548 1514 quasi
580 1431 698 1515 aliquid
722 1431 850 1514 duplum
874 1450 941 1497 esse
962 1436 1083 1515 patrem
1113 1433 1274 1499 etlilium
1295 1437 1357 1500 adu·

208 1537 355 1618 simplum
371 1535 516 1619 spiritum
534 1540 688 1613 sanctum,
711 1534 765 1600 ubi
782 1553 837 1599 nec
852 1535 913 1601 tria
927 1537 997 1619 plus
1014 1533 1134 1618 aliquid
1148 1536 1226 1602 sunt
1240 1554 1329 1620 quarn

208 1658 304 1704 unum
328 1639 447 1705 horum.
470 1639 663 1720 disputatum
686 1641 732 1702 est
755 1638 860 1714 etiem
884 1642 1034 1720 quomodo
1063 1639 1161 1719 possit
1192 1639 1330 1722 intellegi

207 1740 288 1824 quod
318 1740 363 1803 ait
391 1738 531 1803 Hilarius
560 1738 736 1820 episcopus:
766 1739 934 1804 aeternitas
963 1743 995 1804 in
1024 1742 1122 1822 patre,
1151 1742 1329 1824 speciesin

207 1842 354 1925 imagine,
386 1860 459 1906 usus
488 1842 522 1905 in
550 1861 685 1907 munere.
723 1843 757 1906 in
785 1843 919 1923 septimo
948 1844 1100 1927 quaestio,
1130 1863 1212 1927 qnae
1234 1846 1330 1911 dilata

81 1934 87 1947 “
208 1945 319 2024 iuerat,
349 1945 527 2030 explicatur,
556 1946 660 2011 itaut
683 1946 767 2022 deus,
796 1947 849 2029 qui
872 1947 981 2028 genuit
1003 1945 1113 2026 filium,
1145 1966 1208 2013 nou
1231 1949 1358 2015 soluma

208 2049 251 2114 sit
266 2051 355 2132 pater
370 2047 498 2115 uirtutis
515 2050 547 2115 et
559 2049 729 2132 sapientiae
750 2068 834 2126 suae,
857 2050 913 2115 sed
928 2050 1023 2116 stiam
1038 2051 1103 2133 ipse
1119 2051 1226 2116 nimus
1242 2054 1331 2135 atque

208 2153 368 2236 sapientia,
402 2152 448 2218 sic
470 2155 502 2218 et
524 2153 654 2235 spiritus
682 2153 817 2232 sanctus,
849 2171 904 2218 noc
932 2157 1038 2219 tamen
1061 2153 1157 2218 simul
1180 2156 1248 2220 tres
1269 2155 1331 2220 sint

206 2256 342 2321 uirtutes
364 2257 419 2320 aut
441 2257 503 2321 tres
526 2256 703 2337 sapientiae,
736 2255 790 2321 sed
812 2274 875 2322 una
898 2257 999 2322 uirtus
1022 2262 1054 2321 et
1076 2273 1139 2321 una
1168 2257 1329 2341 sapientia,

207 2359 290 2425 sicut
305 2378 385 2424 unus
401 2360 476 2425 deus
492 2361 523 2424 et
538 2379 600 2425 una
615 2359 757 2425 essentia.
781 2359 891 2424 deinde
907 2359 1082 2442 quaesitum
1104 2363 1163 2437 est,
1179 2362 1331 2443 quomodo

208 2461 329 2527 dicatu
357 2481 419 2527 una
447 2464 581 2528 essentia
608 2464 672 2528 tres
694 2480 853 2545 personas,
877 2465 928 2528 uel
950 2481 968 2529 a
990 2463 1176 2546 quibusdam
1206 2463 1361 2531 Graecias

207 2581 270 2629 nna
285 2563 419 2631 essentia
433 2566 496 2630 tres
511 2563 713 2642 substantiae,
738 2569 770 2629 et
792 2564 954 2630 inuentum
970 2571 1017 2631 est
1031 2566 1215 2632 elocutionis
1231 2585 1332 2633 neces

207 2667 299 2732 sitate
322 2666 394 2747 dici,
416 2667 453 2733 ut
474 2668 577 2750 aliquo
600 2686 661 2734 uuo
684 2668 808 2733 nominc
832 2669 1052 2749 enuntiaretur,
1077 2686 1149 2735 curn
1171 2671 1333 2752 quaeritur

207 2774 271 2835 tres
300 2770 374 2852 quid
403 2770 477 2849 sint,
512 2788 587 2853 quos
616 2773 678 2837 tres
708 2790 774 2838 esse
804 2774 956 2838 ueraciter
984 2771 1177 2851 confitemur,
1210 2775 1332 2856 patrem

207 2873 328 2940 scilicet
349 2878 380 2939 et
402 2874 503 2939 filium
518 2877 550 2939 st
572 2874 718 2958 spiritum
741 2877 894 2941 sanctum.
918 2877 950 2940 in
966 2878 1074 2942 octauo
1097 2875 1219 2941 ratione
1236 2878 1332 2942 etiam

206 2976 329 3043 reddita
350 2976 606 3061 intellegentibus
635 2977 755 3043 clarum
778 2981 826 3044 est
848 2977 880 3044 in
903 2979 1078 3044 substantia
1099 2979 1248 3044 ueritatis
1271 2997 1365 3044 nona

207 3081 308 3146 solum
335 3085 457 3164 patrem
485 3080 550 3145 filio
573 3098 635 3145 non
658 3100 723 3146 esse
752 3082 911 3160 maiorem,
945 3082 999 3147 sod
1022 3099 1078 3146 nec
1099 3082 1209 3146 ambos
1238 3082 1334 3147 simul

206 3181 307 3247 maius
330 3183 447 3265 aliquid
462 3202 529 3249 esse
544 3202 637 3265 quam
652 3185 753 3248 solum
769 3184 915 3266 spiritum
931 3187 1083 3261 sanctum,
1103 3187 1159 3249 ant
1174 3185 1336 3267 quoslibet

206 3283 283 3350 duos
306 3287 339 3350 in
369 3286 474 3351 eadem
497 3287 641 3350 trinitate
670 3286 767 3350 maius
790 3304 855 3351 esse
884 3286 1003 3369 aliquid
1031 3305 1123 3368 quam
1147 3305 1257 3368 unum,
1281 3291 1337 3354 aut

206 3406 312 3454 omnes
334 3389 430 3454 simul
457 3392 520 3454 tres
543 3387 645 3453 maius
674 3389 791 3471 aliquid
820 3408 1004 3471 essequam
1033 3389 1183 3474 singulos.
1224 3391 1336 3456 deinde

309 3613 320 3664 1
342 3611 384 3665 Ps.
403 3613 444 3676 89,
464 3614 477 3667 1
581 3613 649 3666 «ies.
667 3612 682 3666 1
701 3612 761 3668 Cor.
782 3612 805 3678 l,
824 3611 858 3665 24

258 3813 399 3867 lsicuto
503 3815 659 3870 dominnso
759 3815 869 3871 anihil
892 3804 928 3872 V:
958 3817 987 3871 in
1004 3817 1108 3872 nihilo
1211 3820 1337 3876 accedere

209 3896 292 3954 GVo:
319 3898 436 3953 accidere
453 3916 472 3951 a
556 3901 787 3956 3immutabilam
803 3902 840 3956 V:
867 3902 1147 3957 incommutabilemo
1236 3906 1270 3960 13
1288 3906 1336 3961 lli·

204 3981 298 4052 larius]
311 3983 409 4037 clarius
422 3983 449 4038 P
536 3986 674 4055 episcopus
688 3986 802 4041 hilarius
816 3987 871 4043 G¹o
956 3989 1101 4042 aeternitas
1115 3987 1198 4044 GPo:
1218 3994 1336 4047 aeterni·

204 4067 319 4123 tatisV
410 4069 442 4123 15
459 4072 491 4122 ut
512 4069 547 4125 V:
574 4076 635 4126 eto
721 4073 755 4128 20
772 4073 816 4127 uel
841 4073 875 4128 V:
903 4073 1011 4128 usluto
1096 4075 1129 4128 al
1148 4076 1336 4145 eloquutionis

209 4154 234 4209 V
334 4155 367 4208 22
386 4157 622 4214 enuntiarenturo
723 4160 758 4215 23
775 4166 830 4216 tras
848 4161 913 4230 qnid
934 4161 972 4217 V:
1001 4161 1066 4230 qnid
1083 4163 1138 4215 tres
1156 4161 1186 4217 P
1211 4166 1262 4233 qui
1280 4168 1337 4221 tre·

205 4239 249 4297 Gn
351 4241 407 4294 sint
426 4242 509 4298 aas:
539 4247 602 4298 sunt
621 4246 649 4299 P
749 4249 782 4301 21
801 4247 905 4318 aliquid
923 4249 1009 4302 maius
1029 4247 1098 4304 01²0
