2760 4814
306 549 471 619 iireerpta
488 564 524 603 ex
541 564 610 618 opp.
629 549 656 604 8.
674 549 864 617 Augustini
887 546 1013 605 CXVIII.
1159 553 1222 619 441

92 741 178 805 sieut
207 739 242 804 in
271 740 440 822 octonario,
474 739 547 821 quie
569 740 649 804 redit
670 739 709 802 ad
732 739 879 823 primum,
912 740 960 805 ita
988 741 1022 806 in
1051 739 1118 822 hoc,
1151 742 1225 824 quia

92 847 246 921 creatura,
277 861 356 925 quae
377 842 554 924 septenario
576 841 740 925 figuratur,
771 842 919 907 adhaeret
942 843 1083 932 creatori,
1107 844 1223 929 inquo

90 946 270 1012 declaratur
284 948 389 1012 unitus
404 945 556 1010 trinitatis
572 982 612 994 —
627 963 683 1027 per
701 944 882 1009 uniuersum
896 946 1050 1012 muudum
1065 951 1224 1032 tempora·

91 1049 169 1115 liter
199 1050 403 1115 annuntiatus
432 1047 489 1125 est,
524 1048 598 1130 quia
619 1047 756 1112 mundus
778 1052 810 1112 et
833 1063 852 1110 a
873 1048 1022 1130 quattuor
1043 1052 1146 1116 uentis
1168 1051 1223 1117 (ie

66 1152 226 1217 eliniatur
247 1158 279 1218 et
296 1171 320 1218 'a
342 1152 490 1234 quattuor
513 1149 675 1215 elementis
698 1150 830 1232 erigitm
852 1145 919 1216 eta
939 1154 1089 1233 quattuor
1110 1153 1223 1219 annuis

91 1261 271 1338 temporum
300 1255 423 1320 uicibus
452 1254 601 1319 uanstur.
633 1254 742 1319 decem
765 1256 871 1317 autem
893 1254 1004 1335 quater
1032 1254 1067 1320 in
1088 1257 1223 1338 quadra·

91 1360 181 1443 muta
202 1360 454 1440 consummatum
480 1356 740 1440 quadragenarius
763 1360 869 1421 autem
890 1357 1033 1438 partibus
1056 1358 1121 1423 suis
1137 1376 1222 1424 crom-

91 1464 222 1545 putatus
237 1462 327 1528 addit
341 1464 444 1545 ipsum
462 1460 637 1544 denarium,
660 1464 691 1524 et
705 1457 787 1524 fiunt
801 1458 1037 1544 quinquaginta,
1059 1465 1222 1545 tamquam

92 1584 211 1631 meroes
233 1564 351 1632 loboris
374 1567 406 1630 et
428 1562 648 1630 continentiae.
680 1562 885 1645 nequeenim
903 1562 1020 1634 nmina
1041 1566 1106 1647 ipse
1121 1565 1222 1631 domi-

53 1687 151 1734 renus
174 1670 207 1735 et
224 1669 437 1752 quadraginta
465 1667 533 1732 dies
562 1668 634 1750 poet
656 1666 915 1733 resurrectionem
944 1667 978 1733 in
1000 1667 1059 1734 hae
1080 1671 1166 1734 terra
1188 1668 1221 1735 et

91 1773 125 1838 in
158 1771 218 1837 hac
250 1772 319 1838 uita
352 1789 423 1836 cum
456 1770 618 1854 discipulis
647 1771 846 1836 conaerentes
876 1771 923 1836 est
946 1772 987 1851 et,
1021 1773 1222 1855 posteaquam

91 1874 232 1942 moendit
253 1875 288 1940 in
310 1873 442 1951 caelum,
466 1874 572 1939 decem
588 1873 698 1939 diebus
719 1873 913 1964 interpositis
930 1876 1118 1957 promissum
1133 1875 1222 1942 misit

91 1977 242 2061 spiritum
263 1981 407 2041 sanctum
429 1977 592 2059 completo.
608 1977 658 2042 die
679 1980 889 2058 pentecostes:
911 1978 966 2059 qui
981 1977 1046 2042 dies
1068 1977 1222 2061 quinqua·

91 2080 239 2164 genucius
271 2078 369 2145 habet
402 2079 537 2145 alterum
567 2081 811 2157 sememonten,
844 2080 927 2162 quod
956 2080 1071 2164 septies
1100 2080 1221 2164 septeni

56 2200 217 2249 sexnvrm
243 2183 339 2262 fiunt3
370 2188 403 2248 et
431 2203 503 2250 cum
528 2185 647 2251 reditur
669 2183 707 2249 ad
738 2184 876 2258 initium,
907 2184 989 2265 quod
1012 2187 1061 2248 est
1083 2184 1221 2259 octuuus,

90 2288 145 2370 qui
168 2291 202 2353 et
222 2288 352 2371 primus,
377 2287 444 2352 dies
467 2285 694 2370 quinquaginta
716 2286 928 2369 complentur:
950 2284 1004 2367 qui
1026 2286 1222 2353 celebrantur

88 2392 161 2470 post
190 2386 311 2453 domini
341 2389 601 2453 resurrectionem
633 2388 697 2452 iarn
726 2387 759 2452 in
786 2387 889 2468 figura
917 2405 980 2453 non
1003 2387 1131 2466 laboris,
1165 2389 1219 2454 sed

89 2491 207 2573 quietis
229 2490 263 2556 et
284 2491 433 2556 laetitiae.
467 2492 594 2575 propter
616 2491 673 2556 hoo
701 2489 819 2555 ieiunis
840 2490 1022 2556 relaxantur
1044 2492 1077 2556 et
1098 2495 1219 2556 stantes
1284 2521 1287 2528 ·

60 2585 225 2671 'oramus
256 2595 337 2676 quod
367 2599 415 2660 est
444 2594 571 2678 signum
601 2593 846 2659 resurrectionis.
884 2593 966 2659 unde
989 2593 1086 2658 etiam
1107 2592 1218 2660 diebus

54 2695 234 2763 nomnibus
267 2697 429 2764 dominicis
460 2697 499 2762 ad
532 2698 633 2762 altare
663 2696 847 2762 obseruator
877 2699 909 2759 et
935 2695 1062 2761 alleluia
1084 2696 1219 2776 canitur,

41 2855 43 2858 ,
88 2799 173 2883 quod
194 2799 353 2883 significat
375 2801 530 2867 actionem
545 2801 685 2866 nostram
702 2799 844 2866 futuram
858 2817 920 2865 non
936 2817 1003 2864 esse
1018 2798 1078 2865 nisi
1093 2802 1219 2867 laudem

89 2904 151 2982 dei,
181 2903 265 2970 sicut
294 2905 446 2989 scriptum
480 2906 542 2970 est:
576 2902 785 2986 beatiqui
814 2903 1010 2969 habitant
1038 2903 1078 2968 in
1108 2905 1219 2970 domo

86 3010 175 3092 tna;
211 3007 253 3072 in
274 3008 436 3073 saecula
457 3007 708 3074 saeculorum
730 3004 952 3071 laudabunt
975 3009 1021 3072 te.

130 3127 192 3195 Sed
223 3127 290 3192 dies
320 3127 548 3212 quinquaginta
570 3127 656 3191 etin
678 3124 844 3208 scripturis
866 3125 1133 3205 commendantur,
1157 3143 1219 3190 non

54 3233 216 3298 stantum
238 3233 272 3296 in
294 3231 465 3315 euangelio,
499 3231 572 3315 quia
594 3234 670 3295 tunc
691 3229 819 3311 spiritus
842 3232 968 3295 sanctus
992 3229 1130 3310 aduenit,
1164 3229 1219 3292 sed

88 3334 188 3403 etiam
221 3335 255 3400 in
288 3334 448 3402 ueteribus
481 3333 581 3401 libris.
619 3352 693 3400 uam
721 3335 754 3397 et
775 3331 846 3415 ipsi,
880 3336 1082 3415 posteaquam
1104 3331 1220 3413 pascha

87 3438 189 3505 occiso
212 3456 294 3524 agno
311 3437 554 3518 celebrauernut,
577 3436 807 3520 qninquaginta
821 3434 888 3500 dies
904 3439 1108 3500 numerantur
1124 3452 1220 3518 usque

87 3540 122 3605 in
154 3540 248 3618 diem,
282 3559 343 3624 quo
372 3542 424 3607 lex
453 3541 528 3605 data
558 3540 606 3606 est
631 3539 665 3603 in
687 3540 793 3605 monte
816 3536 890 3604 Sina
918 3537 1037 3604 famulo
1067 3539 1117 3604 dei
1139 3538 1220 3604 Masi

88 3644 190 3728 digito
213 3643 263 3709 dei
285 3645 415 3727 scripta.
993 3719 996 3726 ,

51 3792 80 3831 ss
130 3761 316 3829 Gelebratur
338 3783 446 3830 uemm
470 3764 586 3848 pascha
608 3769 638 3829 et
655 3763 851 3847 interpositis
867 3761 1095 3847 quinquaginta
1109 3760 1218 3826 diebus

192 3964 227 4019 22
244 3965 280 4020 Pe
307 3965 383 4029 83,5
487 3967 521 4021 28
539 3966 637 4020 cilix.
658 3965 889 4034 19,1et·31,18

139 4135 158 4189 4
183 4133 327 4189 diiiuiatnr
354 4136 390 4190 Μ
394 4137 420 4189 V
519 4138 536 4192 5
562 4138 700 4207 quattuor]
729 4140 842 4206 quartus
867 4152 885 4191 o
987 4137 1083 4191 annuis
1106 4136 1219 4206 scripa:

84 4235 174 4276 mua
198 4220 303 4277 ms
328 4223 393 4276 anni
414 4238 433 4275 a
535 4222 551 4276 7
573 4225 775 4279 consummatur
800 4222 865 4277 TV:
890 4225 1151 4279 consummanturo

85 4307 121 4363 13
137 4309 305 4377 pentecostes
323 4324 353 4361 a:
380 4311 549 4376 pentecosten
569 4311 637 4368 TVo
725 4309 756 4363 17
768 4308 806 4377 in]
819 4322 870 4362 osso
886 4309 912 4363 Τ
994 4310 1112 4379 figuram
1130 4309 1157 4364 V

86 4391 342 4491 lisiqnurneeto
432 4393 646 4469 pompam
731 4393 1017 4464 ilinturamloouo
1103 4394 1225 4466 misus

83 4496 102 4535 a
209 4493 329 4548 meyero
825 4508 829 4514 ,
