2760 4814
133 299 216 367 1084
613 294 780 365 Eugippii

130 490 180 556 est
209 488 292 571 quod
322 485 402 552 nihil
432 489 481 551 est
510 486 595 553 aliud
626 486 738 555 habere
761 504 856 569 quam
878 503 978 551 nosse.
1016 487 1166 553 omnium
1190 488 1268 553 enim

132 611 238 658 rerum
259 590 567 676 praestantissimum
596 593 747 674 estquod
771 591 933 657 aeternum
956 592 1016 667 eet,
1048 591 1081 655 et
1103 595 1269 675 propterea

132 696 166 760 id
180 694 294 760 habere
310 714 373 759 non
387 713 552 776 possumus
568 694 626 759 nisi
643 712 679 759 ea
694 714 739 772 re,
758 713 819 778 qua
834 694 1078 776 praestantiores
1093 713 1218 771 sumus,
1240 696 1268 761 id

132 800 181 864 est
203 800 317 864 mente.
355 798 505 882 quidquid
533 803 639 864 autem
663 800 769 863 mente
789 796 934 876 habetur,
958 797 1115 863 noscendo
1141 797 1269 864 habetur

133 902 317 986 nullumque
340 902 459 968 bonum
480 902 614 985 perfecte
631 903 780 985 noscitur,
805 901 886 984 quod
901 920 962 965 non
977 901 1120 984 perfecte
1137 902 1266 965 amatur.
1283 926 1294 965 s

133 1025 233 1091 neque
255 1007 293 1071 ut
314 1006 380 1071 sola
397 1025 485 1071 mens
502 1007 605 1088 potest
620 1023 813 1089 cognoscere,
830 1005 875 1070 ita
890 1005 1042 1070 clamare
1066 1003 1136 1068 sola
1157 1007 1266 1087 potest.

134 1126 267 1191 namque
290 1127 378 1174 amor
401 1110 559 1191 appetitus
582 1109 709 1190 quidam
732 1110 789 1190 est,
814 1110 846 1172 et
867 1107 1008 1172 uidemus
1032 1109 1135 1172 etiam
1161 1107 1266 1173 ceteris

133 1213 232 1277 animi
255 1211 398 1294 partibus
422 1214 522 1277 inesse
545 1212 731 1295 appetitum,
755 1213 808 1293 qui
831 1212 858 1275 si
880 1211 978 1275 menti
999 1210 1183 1294 rationique
1196 1228 1266 1276 con·

134 1315 259 1394 sentiat,
282 1314 317 1380 in
340 1315 397 1379 lali
412 1332 488 1398 paee
504 1315 536 1379 et
551 1314 780 1397 tranquillitate
795 1313 920 1379 uocabit
935 1314 1043 1379 mente
1059 1312 1265 1397 contemplari

130 1419 216 1500 quod
246 1419 408 1484 aeternum
439 1423 495 1485 est
533 1436 605 1503 ergo
635 1417 731 1483 etiam
762 1416 872 1481 ceteris
893 1416 961 1480 suis
983 1416 1134 1499 partibus
1164 1434 1291 1484 amaron

133 1522 257 1585 animus
274 1522 367 1587 debet
384 1522 442 1587 hoc
464 1524 530 1587 tam
553 1541 704 1604 magnum
719 1521 801 1606 quod
817 1523 922 1586 mente
936 1522 1134 1586 noscendum
1150 1525 1207 1586 est.
1236 1522 1264 1585 el

133 1626 277 1707 quoniam
292 1626 325 1690 id
341 1629 422 1708 quod
437 1628 562 1691 amatur
577 1626 696 1692 efficiat
710 1645 746 1691 ex
761 1645 794 1691 se
819 1626 979 1690 amantem
996 1643 1127 1691 necesse
1143 1628 1200 1707 est,
1220 1623 1261 1698 fit

132 1732 168 1795 ut
190 1728 235 1794 sic
258 1731 398 1797 amatum
422 1733 503 1813 quod
525 1731 685 1795 aeternum
710 1733 756 1796 est
778 1728 963 1795 aeternitate
979 1727 1125 1793 animum
1141 1728 1261 1794 afficiat

130 1832 278 1915 quocirca
300 1834 407 1899 eadem
430 1835 498 1901 uita
521 1834 624 1917 beata,
648 1852 726 1916 quae
749 1835 876 1898 aeterna
893 1835 951 1897 eet.
983 1832 1060 1915 quid
1077 1850 1153 1897 uero
1170 1837 1260 1899 aeter·

132 1954 208 2002 num
232 1941 290 2019 eet,
314 1939 396 2020 quod
419 1938 606 2003 aeternitate
638 1937 754 2002 afliciat
776 1937 928 2014 animum,
956 1935 1019 2001 nisi
1050 1935 1156 2001 deus?
1183 1952 1287 2003 amore

132 2043 238 2106 autem
266 2060 373 2106 rerum
403 2042 607 2108 amandarum
638 2043 753 2106 caritas
776 2041 827 2106 uel
851 2038 976 2105 dilectio
1001 2040 1117 2106 melius
1142 2039 1259 2105 dicitur.

131 2162 227 2227 quare
258 2147 401 2211 omnibus
431 2146 658 2231 cogitationum
680 2145 801 2212 uiribus
827 2142 1088 2211 considerandum
1111 2146 1163 2208 est
1186 2143 1261 2207 saln-

131 2246 302 2313 berrimum
317 2248 396 2313 illud
411 2254 627 2332 praeceptum:
644 2249 792 2333 diliges
807 2248 1008 2313 dominum
1025 2247 1144 2311 deum
1163 2247 1261 2312 tunm

131 2349 170 2415 in
200 2352 284 2416 tolo
316 2352 432 2417 corde
462 2355 533 2418 tuo
563 2358 601 2417 et
631 2353 670 2416 in
701 2352 786 2416 tota
812 2350 941 2416 anima
963 2352 1032 2413 tua
1056 2349 1096 2412 et
1118 2349 1161 2413 in
1185 2349 1262 2413 tola

130 2459 259 2519 mente
293 2459 374 2535 tua,
409 2458 442 2521 et
475 2456 554 2520 illud
587 2455 669 2538 quod
691 2456 738 2520 ait
768 2455 911 2520 dominus
941 2452 1049 2517 Iesus:
1081 2453 1181 2518 haec
1210 2456 1287 2523 este

130 2561 264 2621 autem
286 2559 371 2623 uita
394 2563 568 2639 aeterna,
594 2563 635 2624 ut
659 2561 901 2641 cognoscant
925 2561 962 2620 te
984 2555 1115 2620 solum
1134 2573 1261 2621 uerum

129 2660 240 2725 deum
265 2664 437 2744 siquem
459 2662 612 2728 misisti
635 2663 763 2727 Iesum
787 2659 1002 2727 Christum.

589 2916 802 3000 cccxciii.

130 3108 176 3154 DE
198 3108 291 3155 VERA
313 3107 535 3157 DILECTIONE.
575 3109 622 3156 Ex
644 3109 756 3157 LIBRIS
779 3109 825 3156 DE
851 3106 1036 3155 nummuli
1056 3107 1130 3172 VIII,
1155 3106 1186 3153 Τ.
1204 3104 1259 3153 vn.

55 3235 120 3300 379
174 3226 234 3307 Qui
265 3248 338 3313 ergo
367 3234 453 3295 amat
482 3229 630 3309 homines,
662 3230 718 3295 aut
747 3231 820 3311 quia
848 3227 926 3293 iusti
952 3227 1028 3292 eunt
1049 3230 1108 3292 aut
1130 3227 1167 3290 ut
1188 3223 1286 3292 iustis

129 3330 194 3395 sint
216 3350 321 3396 amare
344 3332 444 3398 debet.
475 3334 518 3397 sic
533 3333 618 3398 enirn
641 3332 674 3397 et
696 3351 729 3397 se
752 3334 857 3413 ipsum
880 3347 986 3395 amare
1002 3328 1106 3408 (lebet,
1121 3332 1177 3394 aut
1192 3326 1259 3409 quic

232 3518 265 3573 18
283 3519 382 3574 Marcu.
401 3518 443 3587 22,
461 3519 494 3573 31
599 3518 687 3573 2010.
710 3517 750 3582 11,
768 3518 785 3572 3

179 3692 197 3746 4
223 3691 355 3746 noscenda
384 3692 417 3760 0¹
526 3693 543 3747 5
569 3690 728 3759 nullumque
756 3687 833 3742 MV:
868 3687 974 3741 nullum
1002 3685 1026 3756 Q
1137 3686 1155 3740 6
1182 3681 1258 3751 mens]

128 3779 237 3880 men'ene
265 3797 345 3862 (corr.
371 3812 405 3851 m.
430 3799 456 3860 1)
487 3795 514 3848 V
620 3794 719 3864 amare]
747 3808 836 3846 amore
865 3791 892 3845 V
939 3838 944 3846 .
1000 3791 1018 3845 8
1045 3790 1199 3845 consentiat
1228 3786 1260 3857 Q:

128 3897 231 3952 sentiat
253 3898 280 3953 V
381 3899 414 3953 12
437 3915 466 3953 so
484 3898 559 3953 MV:
589 3914 640 3953 oea.
669 3898 692 3968 Q
795 3897 903 3951 amante
925 3895 952 3950 V
1054 3894 1088 3949 13
1112 3895 1151 3949 sic
1168 3911 1199 3948 a:
1228 3893 1263 3945 sit

127 3982 221 4052 MQV
321 3985 354 4039 15
376 3986 495 4040 animam
523 3985 546 4054 Q
650 3985 682 4038 li
705 3987 748 4038 eet
771 3983 844 4037 MV:
875 3997 925 4037 ona
954 3981 977 4052 Q
1078 3982 1111 4035 18
1134 3980 1205 4035 illud
1229 3978 1263 4050 Q:

128 4068 209 4124 illum
231 4068 257 4123 V
352 4069 446 4140 diligis
468 4070 491 4140 Q
596 4071 628 4124 19
647 4072 674 4123 et
692 4071 722 4123 in
740 4072 801 4123 tota
819 4071 909 4123 mente
926 4070 976 4121 tna
992 4066 1068 4121 MV:
1099 4066 1197 4137 oen-Q

128 4152 414 4224 aecap.cccxn111
432 4157 509 4212 MV:
536 4156 724 4213 cccxxxm
743 4156 779 4227 Q3
800 4156 875 4210 decet
891 4156 923 4208 ia
941 4154 996 4210 GP
1079 4153 1116 4208 24
1134 4152 1214 4208 libris
1232 4150 1267 4207 M

135 4239 170 4294 V:
199 4240 268 4295 libro
291 4242 314 4310 Q
421 4243 488 4298 VIII
506 4245 527 4298 t.
545 4243 609 4314 Vll]
629 4242 735 4297 XVIII·
752 4246 774 4296 t.
793 4241 859 4296 VII·
880 4240 945 4296 MV
970 4237 1111 4308 0010100
