2760 4814
241 353 407 424 Excerpta
424 369 459 407 en
476 369 546 423 opp.
567 352 595 407 S.
612 353 800 422 Augustini
822 350 1017 408 cccxxxm.
1113 355 1197 422 1059

64 546 163 612 trium
200 544 233 609 in
267 543 422 611 fornacem
456 542 540 625 ignis
573 543 612 608 ab
646 543 742 625 impio
771 561 844 627 rege
872 541 1041 608 misoomm
1069 560 1198 625 corpora

64 649 216 716 incendit.
254 648 283 713 si
313 650 419 714 autem
448 646 507 712 hcc
536 647 568 711 in
604 647 705 712 tribus
741 648 818 713 uiris
852 646 1041 713 miraculum
1075 647 1198 713 factum

64 773 133 819 esse
155 769 216 817 non
239 750 367 817 dubitat
389 749 529 833 quisquis
552 750 591 814 de
612 750 727 815 diuinis
749 749 896 833 operibus
918 751 999 816 recte
1026 749 1120 832 sapit,
1142 767 1197 815 cur

64 876 128 921 non
156 855 299 922 medetur
329 853 382 936 qni
412 853 486 920 lecit
508 853 565 918 illa
588 871 715 935 corpora
737 873 799 919 non
822 871 911 936 posse
939 855 1011 936 igne
1041 854 1198 939 corrumpi

41 959 175 1025 eiecisse
206 958 287 1023 illud
317 975 428 1040 corpus
455 974 512 1022 nec
540 956 613 1039 igne
643 974 699 1022 neo
717 956 799 1023 lame
822 974 879 1022 nec
901 956 1008 1022 morbo
1031 975 1088 1022 nec
1109 957 1197 1022 senio

65 1081 123 1128 nec
145 1061 213 1126 ulla
235 1060 269 1124 ui
291 1060 364 1139 alia,
389 1079 450 1143 qua
472 1059 554 1125 solet
569 1060 706 1125 humana
720 1076 847 1142 corpora
863 1057 1052 1124 labefactare
1068 1078 1196 1144 corrup-

65 1164 135 1232 tio?
157 1163 237 1249 quod
260 1165 288 1228 si
311 1163 476 1246 quisquam
499 1162 578 1227 dicit
599 1182 660 1228 non
684 1162 770 1229 carni
792 1164 890 1227 trium
913 1162 1041 1228 illorum
1057 1165 1197 1229 uirorum

65 1267 206 1334 additam
230 1268 338 1332 contra
361 1267 464 1349 ignem
487 1266 762 1349 incorruptionem,
786 1266 840 1330 sed
863 1265 921 1347 ipsi
939 1265 1007 1348 igni
1023 1266 1196 1332 detractam

65 1368 285 1452 corrumpendi
300 1368 496 1446 facultatem,
513 1371 587 1452 quid
603 1388 757 1449 ueremur,
774 1388 814 1433 ne
829 1387 953 1434 carnem
968 1368 1070 1434 lacere
1085 1372 1201 1452 nequi<
1271 1428 1275 1435 .

29 1497 57 1538 ιο
65 1475 150 1542 uerit
170 1491 234 1539 non
256 1490 346 1555 posse
376 1473 533 1557 corrumpi
562 1474 616 1555 qui
638 1473 714 1539 lecit
736 1475 841 1556 iguem
864 1492 924 1537 non
946 1491 1035 1557 posse
1057 1492 1197 1539 corrum-

65 1578 161 1662 pere?
192 1578 319 1642 namsi
349 1577 429 1642 illud
456 1594 518 1641 non
548 1577 586 1641 de
619 1576 731 1651 carnis,
761 1577 815 1641 sed
845 1576 883 1640 de
912 1575 996 1659 ignis
1019 1576 1198 1643 mutatione

66 1681 273 1764 intellegitur,
304 1680 404 1744 multo
436 1681 485 1744 est
512 1679 704 1763 mirabilius3
737 1678 832 1744 simul
859 1681 942 1745 enim
970 1682 1003 1744 et
1032 1680 1197 1745 hominum

66 1802 197 1867 corpora
219 1799 277 1849 non
301 1782 421 1860 urebat,
445 1802 483 1847 ne
505 1783 608 1865 posset
626 1800 746 1862 nocere,
770 1783 801 1847 et
823 1780 911 1864 ligna
926 1780 1059 1847 fornacis
1073 1781 1196 1862 urebat,

66 1892 104 1953 ut
131 1890 237 1970 posset
264 1887 381 1951 ardere.
420 1886 475 1952 sed
504 1884 558 1967 qui
587 1886 684 1952 etiam
713 1886 775 1950 ista
802 1903 864 1949 non
892 1884 1034 1968 credunt,
1063 1884 1198 1950 nimium

32 1992 105 2056 rode
134 1989 243 2055 diuina
270 1989 424 2074 potestate
451 1988 600 2054 diffidunt
628 2007 686 2054 neo
716 2006 788 2053 cum
818 1985 864 2053 eis
891 1987 944 2051 uel
973 1988 1013 2052 acl
1039 2005 1091 2052 eos
1114 2006 1198 2053 nunc

65 2111 169 2160 sermo
199 2091 289 2158 nobis
319 2093 377 2157 est
414 2093 467 2175 qui
497 2096 604 2156 autem
634 2091 697 2155 ista
726 2089 865 2170 credunt,
893 2109 928 2154 er
950 2090 1000 2155 his
1023 2090 1117 2156 etiam
1141 2090 1200 2157 illa

65 2198 239 2277 utcumque
261 2195 418 2260 coniciunt
440 2213 518 2276 quae
533 2192 667 2259 fideliter
682 2196 844 2275 quaeruut.
879 2193 965 2258 ualet
979 2192 1077 2276 igitur
1093 2193 1200 2261 diuina

66 2297 209 2385 potentia
241 2299 279 2363 de
311 2299 374 2363 ista
407 2297 526 2364 nisibili
564 2299 658 2379 atque
693 2295 854 2363 tractabili
887 2299 1001 2361 natura
1036 2312 1199 2380 corporum

67 2401 257 2485 quibusdam
290 2400 489 2466 manentibus
522 2400 643 2466 auferre
677 2418 753 2483 quas
784 2399 918 2466 uoluerit
948 2399 1128 2481 qualitates,
1161 2419 1200 2467 ac

32 2526 123 2591 seper
155 2505 213 2570 hoc
249 2507 334 2570 ualet
367 2506 464 2571 etiam
497 2506 637 2570 membra
671 2503 820 2570 mortalia
852 2505 970 2570 formae
1003 2503 1198 2571 liniamentis

68 2609 281 2685 manentibus,
319 2609 516 2691 corruptione
552 2628 624 2676 uero
661 2608 866 2675 mortalitatis
909 2612 1051 2674 emortua
1089 2608 1200 2675 stabili

69 2717 177 2799 uigore
199 2714 331 2794 firmare,
354 2715 391 2779 ut
412 2713 495 2780 absit
517 2714 612 2792 labes,
635 2714 718 2779 adsit
736 2711 867 2797 efligies,
891 2714 968 2777 assit
982 2712 1090 2792 motio,
1114 2711 1201 2778 absit

67 2817 224 2901 fatigatio,
247 2817 329 2882 adsit
351 2816 494 2882 uescendi
515 2818 664 2898 potestas,
688 2816 772 2882 absit
795 2814 951 2881 esuriendi
974 2815 1155 2881 necessitas.

112 2937 244 3003 Constat
274 2936 379 3018 itaque
409 2955 509 3019 neque
540 2937 604 3001 ulle
634 2935 725 3002 modo
753 2935 961 3001 dubitandum
997 2941 1059 3013 cst,
1087 2951 1200 3017 corpus

34 3041 194 3115 rsChnsti,
226 3039 317 3122 qued,
347 3041 423 3106 licet
446 3041 676 3123 corruptionem
697 3039 872 3122 putredinis
896 3039 929 3104 in
951 3038 1116 3122 sepulchro
1138 3057 1201 3104 non

68 3143 188 3210 uiderit
208 3179 253 3191 —
274 3142 357 3207 unde
387 3142 540 3225 scriptum
570 3149 631 3209 est:
655 3160 724 3207 nec
745 3141 865 3206 dabis
888 3145 1068 3206 sanctum
1090 3146 1202 3207 tuum

69 3247 206 3314 uidere
229 3245 521 3327 corruptionem
543 3245 705 3310 —clanis
729 3246 834 3310 tamen
857 3246 889 3308 et
910 3244 1018 3309 lancea
1043 3248 1202 3329 perrumpi

69 3351 184 3434 potuit,
215 3368 297 3416 nunc
327 3350 453 3415 omnino
484 3349 517 3412 in
548 3340 778 3430 incorruptione
808 3349 976 3414 consistere
1005 3352 1037 3414 et
1064 3348 1145 3431 quod
1168 3349 1202 3413 in

70 3454 262 3520 contumelia
290 3453 443 3534 passienis
472 3453 644 3534 mortisque
670 3432 862 3517 seminatum
889 3455 937 3518 est
966 3470 1050 3517 nunc
1078 3470 1145 3518 esse
1167 3453 1202 3516 in

34 3556 173 3641 ingloria
202 3556 287 3622 uitae
319 3560 473 3634 aeternae,
508 3559 540 3620 et
566 3556 647 3637 quod
670 3575 706 3619 ex
729 3555 913 3621 infirmitate
935 3555 1039 3637 potuit
1060 3553 1201 3639 crucifigi

71 3678 155 3725 nnnc
170 3660 204 3725 in
218 3659 338 3725 uirtute
352 3677 492 3744 regnare,
509 3664 541 3723 et
552 3660 632 3741 quod
644 3663 711 3723 erat
727 3657 985 3740 corpusanimale
999 3659 1201 3741 —quoniam

174 3897 242 3951 tef-
261 3897 326 3951 Dcn.
347 3898 372 3963 3,
390 3897 425 3951 23
526 3897 560 3952 26
578 3896 621 3951 Po.
641 3897 682 3963 15,
702 3897 736 3950 10

124 4119 293 4173 lioruaoem
312 4136 344 4173 a:
373 4117 478 4173 fomucc
499 4118 525 4172 V
624 4120 706 4174 bnoc
723 4117 787 4187 igue
804 4118 880 4174 MV:
909 4133 957 4173 nec
974 4133 1050 4187 posse
1068 4121 1202 4188 corrumpi

70 4206 135 4274 igne
152 4220 172 4259 u
276 4205 308 4260 17
332 4205 468 4259 coniciunt
489 4205 526 4260 V:
556 4205 691 4259 coniciant
714 4221 734 4258 o
837 4205 870 4259 18
893 4203 998 4257 risibili
1021 4221 1052 4258 o:
1081 4204 1203 4261 nisibilia

70 4290 138 4346 MV
238 4290 376 4346 tractabili
394 4308 424 4344 a:
454 4290 607 4346 tractabilia
624 4291 689 4345 MV
788 4289 822 4344 22
840 4290 913 4345 labes
931 4307 962 4344 a:
992 4288 1064 4343 labia
1084 4290 1111 4345 V

1052 4391 1111 4444 b'l*
