2760 4814
264 311 429 381 Eroerpta
446 327 482 366 ex
500 328 569 382 opp.
587 312 615 367 S.
632 313 821 382 Augustini
845 313 994 370 CCXXIII.
1131 316 1195 382 715

60 503 231 589 intellegit,
261 502 400 584 profecto
430 501 663 585 praeponendus
692 507 741 568 est
763 503 791 568 oi
814 506 868 587 qui
890 504 979 587 eupit
1008 504 1111 569 adhue
1140 505 1191 569 in·

61 605 214 689 tellegere
237 605 319 688 quod
341 605 449 687 eredit.
488 606 514 669 si
536 608 643 671 autem
665 625 722 672 neo
746 607 834 689 eupit
856 609 888 672 et
911 626 947 672 aa
964 625 1043 691 quae
1065 607 1191 673 intelle-

60 708 164 792 genda
185 711 262 775 sunt
284 709 437 775 eradenda
459 710 676 776 tantummodo
693 710 862 792 existimat,
886 711 938 776 oui
959 713 1005 776 roi
1023 710 1099 776 fides
1120 729 1192 796 pro-

60 813 104 878 sit
133 813 268 898 ignorat.
306 832 379 879 nam
401 814 454 896 pia
477 813 553 880 fides
575 815 642 879 sine
664 832 719 896 spe
742 818 776 879 et
798 817 863 880 sine
886 813 1018 880 raritate
1040 832 1106 878 esse
1128 831 1190 879 non

36 915 141 981 suult.
182 916 228 980 sio
261 917 360 1000 igitur
392 916 484 982 homo
517 916 618 983 fidelis
653 917 743 983 debet
776 918 902 983 eredere
935 917 1018 1000 quod
1052 916 1191 983 nondum

60 1018 158 1097 uidet,
182 1021 218 1083 ut
240 1019 393 1085 nisionem
417 1024 448 1084 et
471 1021 575 1102 speret
596 1021 628 1084 et
649 1022 743 1086 amet.

102 1156 144 1221 Ill
159 1156 335 1222 ulsibilium
352 1156 479 1240 quidem
494 1176 597 1222 rerum
612 1159 862 1240 praeteritarum,
883 1176 960 1241 quae
975 1157 1189 1240 temporaliter

59 1259 264 1343 transierunt,
295 1259 363 1325 sola
392 1259 466 1325 fides
496 1264 552 1337 est,
583 1260 729 1343 quoniam
755 1278 815 1325 non
838 1261 939 1326 adhue
961 1260 1093 1325 uidenda
1117 1279 1188 1343 spe·

59 1366 180 1440 nanim,
202 1364 256 1428 sed
279 1363 363 1429 laeta
385 1366 417 1428 et
440 1367 601 1429 transacta
623 1365 800 1429 ereduntur.
830 1365 974 1428 montoso
992 1363 1082 1441 illud,
1106 1363 1189 1447 quod

19 1465 205 1532 rechristua
229 1467 326 1532 semel
349 1485 403 1550 pro
426 1468 559 1550 peccatis
583 1467 698 1533 nostris
721 1474 863 1533 mortuus
886 1470 934 1533 est
955 1472 988 1532 et
1011 1467 1189 1545 resurrexit,

59 1588 118 1635 neo
139 1571 203 1635 iam
225 1569 360 1636 moritur
382 1574 414 1635 et
436 1590 520 1636 mors
543 1572 571 1636 ei
593 1571 679 1635 ultra
701 1588 760 1635 non
791 1570 1014 1636 dominabItur.
1050 1588 1087 1635 ea
1115 1587 1190 1636 uero

58 1691 140 1755 quae
156 1673 293 1738 nondum
309 1675 391 1751 sunt,
408 1674 462 1738 sed
478 1672 585 1739 futura
600 1679 685 1751 sunt,
708 1673 792 1738 siout
806 1676 982 1740 nostrorum
1000 1673 1190 1757 spiritalium

59 1794 224 1859 oorpomm
254 1777 448 1854 resurreetio,
483 1778 528 1841 ita
559 1777 738 1854 ereduntur,
773 1780 808 1842 ut
838 1777 933 1843 etiam
963 1777 1098 1842 uidenda
1119 1795 1191 1860 spe·

58 1882 178 1957 rentur,
209 1879 261 1943 sed
292 1879 412 1944 ostendi
437 1881 526 1944 modo
549 1879 637 1945 nullo
659 1884 790 1963 possunt
813 1880 913 1945 modo.
949 1900 1028 1963 quae
1051 1898 1122 1946 uero
1145 1881 1191 1947 ita

17 1985 143 2064 nsunt,
176 1984 215 2046 nt
247 2001 345 2065 neque
377 1985 573 2064 praetereant
606 2000 706 2064 neque
740 1982 847 2048 lutura
873 1983 947 2062 sint,
986 1985 1040 2048 sed
1063 1986 1190 2049 aeterne

57 2088 277 2171 permaneant,
315 2087 430 2167 partim
468 2088 541 2150 sunt
578 2085 767 2168 inuisibilia
811 2087 894 2151 sient
931 2086 1068 2164 iustitia,
1105 2089 1189 2153 siout

57 2188 223 2273 sapientia,
246 2189 363 2271 partim
386 2188 536 2266 risibilia,
560 2189 641 2254 siout
656 2187 772 2254 Christi
794 2189 971 2254 immortale
987 2188 1050 2254 iam
1066 2207 1187 2273 eorpus.

58 2295 113 2359 sed
147 2291 320 2357 inuisibilia
353 2292 515 2357 intellecta
548 2292 782 2373 conspiciuntur
816 2309 853 2356 ao
883 2309 937 2373 per
966 2291 1026 2356 hoe
1055 2295 1087 2357 et
1120 2294 1188 2376 ipsa

57 2399 150 2462 modo
172 2397 304 2478 quodam
328 2396 388 2461 sIbi
412 2413 547 2478 congruo
570 2396 715 2460 uidentur
737 2400 778 2478 et,
808 2413 879 2460 oum
902 2395 1061 2478 uidentur,
1088 2395 1189 2460 multo

19 2499 193 2564 noemiora
214 2499 289 2563 sunt
310 2516 405 2580 quam
429 2517 465 2563 ea
488 2517 566 2581 quae
589 2499 724 2590 eorporis
746 2516 854 2563 sensus
873 2499 1021 2582 attingIt3
1044 2502 1096 2565 sed
1118 2498 1188 2565 ideo

57 2603 207 2668 dicuntur
228 2601 411 2678 inuisibilia,
434 2602 507 2683 quia
522 2601 620 2666 oeulis
643 2601 715 2666 istis
738 2601 922 2668 mortalibus
944 2601 1046 2667 uideri
1062 2602 1189 2667 omnino

58 2723 119 2772 uon
142 2708 280 2788 possunt.
321 2708 355 2769 at
377 2704 432 2770 illa
455 2722 532 2786 quae
556 2702 696 2769 uisibilia
717 2705 790 2769 sunt
812 2706 1027 2786 permanentia
1048 2708 1188 2787 possunt,

58 2810 86 2874 si
109 2807 324 2886 ostendantur,
349 2809 445 2873 etiam
468 2806 517 2872 his
539 2806 725 2873 mortalibus
746 2807 844 2872 oeulis
875 2808 1021 2890 conspici,
1051 2808 1133 2873 siout
1155 2825 1190 2873 so

58 2910 222 2995 discipulis
255 2914 326 2994 post
355 2910 613 2976 resurrectionem
641 2909 784 2975 dominus
806 2911 953 2985 ostendit,
987 2912 1068 2976 siout
1090 2910 1187 2976 etiam

18 3020 129 3098 rspost
150 3016 360 3080 ascensionem
382 3013 520 3096 apostolo
542 3013 641 3078 Paulo
665 3015 696 3077 et
718 3012 845 3078 diaeouo
868 3012 1036 3096 Stephano.

163 3253 196 3307 10
218 3252 251 3307 ol.
269 3251 345 3306 Rom.
369 3252 393 3317 6,
416 3252 480 3320 9sq.
585 3251 619 3304 24
641 3250 674 3304 ol.
699 3251 799 3305 Mattio.
823 3250 858 3306 28
892 3251 973 3306 Maro.
1000 3251 1032 3305 16
1068 3249 1131 3306 Luc.
1154 3249 1190 3304 24

55 3340 97 3395 Io.
116 3338 198 3408 20sq.
302 3339 337 3394 25
355 3339 387 3392 oi.
406 3341 467 3393 Aet.
485 3338 510 3404 9,
529 3339 594 3407 3sq.
613 3342 642 3392 et
660 3337 685 3401 7,
703 3340 737 3394 55

112 3557 337 3630 lproponendus
360 3561 387 3615 A
495 3560 685 3614 3exsistimat
712 3559 739 3614 V
842 3558 998 3615 bnondum
1022 3560 1104 3614 PVo:
1135 3576 1188 3615 non

57 3649 85 3703 A
190 3645 306 3700 Guidet
324 3651 349 3708 (e
367 3662 400 3699 ea
418 3645 428 3699 i
445 3648 526 3712 corr.)
548 3647 575 3701 A
677 3646 718 3716 ut]
744 3649 811 3700 etv
913 3646 1076 3715 8speratnr
1099 3646 1125 3700 V

57 3732 305 3802 rossemanum
393 3731 607 3802 austrimentis
693 3732 837 3786 resorrerit
854 3732 881 3786 A
979 3733 1011 3787 ll
1029 3733 1144 3787 moritur
1165 3732 1230 3787 V.

56 3818 105 3888 (of.
115 3814 369 3890 purinotvaioml:
388 3818 573 3872 morieturAv
663 3818 697 3872 13
709 3818 791 3871 etiam
804 3816 872 3872 AV:
890 3817 973 3872 iamo
1066 3819 1099 3873 14
1110 3818 1189 3873 modo

56 3906 143 3976 nnllo]
161 3905 238 3960 nullo
255 3905 366 3961 modoo
460 3906 493 3960 15
509 3909 541 3957 nt
558 3918 643 3972 neque
661 3902 743 3959 PVo:
772 3906 857 3972 utque
874 3904 902 3958 A
994 3904 1025 3959 17
1044 3905 1188 3975 sapientia]

57 3992 225 4062 patientiae
315 3989 436 4045 risibilia
452 3990 465 4059 ΙΙ
480 3988 529 4054 fol.
548 3993 595 4044 δύ’
614 3988 680 4043 bilia
697 3989 725 4043 A
817 3990 850 4044 18
867 3991 1075 4059 oonspionnntur
1093 3992 1120 4045 A

57 4079 92 4132 19
116 4093 175 4132 eum
200 4077 335 4147 uidentur]
359 4091 449 4131 om.o
564 4075 600 4129 20
622 4075 737 4130 oaroiors
760 4077 788 4129 A
899 4077 976 4146 quae]
1001 4091 1121 4145 qnamo

56 4163 92 4218 22
109 4164 294 4233 permanentia
312 4161 430 4232 possum]
450 4177 534 4216 om.o
631 4161 666 4215 23
682 4160 841 4216 ostendatur
859 4162 886 4216 A
986 4162 1021 4216 25
1038 4165 1188 4218 asoemione

64 4249 91 4303 V
190 4248 376 4305 PauloPVo:
407 4248 503 4303 onuA
