2760 4814
246 368 411 437 Excerpta
425 383 460 421 ex
473 381 544 435 epp.
560 365 585 421 S.
598 364 788 434 Augustini
803 364 972 421 ccxcvm.
985 363 1171 422 ocxovlm
1209 366 1273 433 965

142 556 263 623 homini
294 557 438 640 prodesse
460 560 531 639 post
553 558 698 633 mortem,
726 556 754 621 si
781 555 842 621 fide
870 574 999 623 suorum
1026 555 1183 622 humando
1205 556 1272 622 eius

141 660 262 745 eorpori
297 661 369 727 talis
403 661 604 742 prouiueatur
636 658 732 739 loeus,
767 658 799 724 iu
833 676 893 742 quo
930 662 1078 743 appareat
1110 659 1272 743 opitulatio

141 765 240 831 etiam
261 764 322 829 isto
345 764 437 829 modo
460 764 602 847 quaesita
623 768 814 829 sanotorum.

187 884 246 951 Sed
275 903 347 950 eum
371 885 512 951 haesita
534 887 618 964 sunt,
645 884 796 968 quomodo
819 886 893 951 lunio
915 884 1055 967 opinioni
1081 885 1273 951 eontrarium

115 1008 202 1055 enon
237 992 279 1055 sit
312 989 395 1071 quod
428 988 475 1055 ait
508 989 683 1071 apostolus:
717 1008 849 1055 omnes
883 989 984 1054 enim
1018 988 1272 1054 adstabimus

139 1098 231 1158 ante
260 1091 444 1158 tribunal
467 1089 638 1170 Christi,
668 1093 710 1156 ut
737 1091 894 1157 referat
921 1093 1191 1174 unusquisque
1219 1110 1272 1156 se·

139 1193 303 1260 eundum
327 1214 369 1260 ea
391 1213 485 1278 quae
507 1213 573 1279 per
592 1213 732 1278 eorpus
750 1196 896 1278 gessit,
920 1197 1004 1261 siue
1026 1196 1165 1260 bonum
1187 1195 1271 1259 siue

140 1298 301 1374 malum,
325 1317 386 1365 non
408 1301 441 1364 te
463 1300 539 1364 satis
562 1299 669 1364 uidere
684 1298 853 1383 significae.
882 1299 958 1366 haee
973 1300 1087 1382 quippe
1100 1298 1272 1381 apostoliea

140 1402 297 1466 sententia
318 1406 391 1466 ante
413 1406 546 1467 mortem
569 1400 717 1468 admonet
739 1400 806 1467 fieri
829 1404 909 1484 quod
929 1403 1027 1485 possit
1041 1404 1186 1486 prodesse
1201 1402 1272 1483 post

103 1507 285 1582 uomentem,
308 1523 369 1570 non
392 1508 478 1583 tuno,
503 1505 626 1587 quaudo
648 1503 864 1589 recipiendum
886 1510 934 1570 est
952 1506 1033 1588 qnod
1049 1506 1180 1588 quisque
1202 1521 1271 1586 ges·

140 1608 218 1672 serit
239 1609 311 1673 ante
334 1611 477 1674 mortem.
507 1628 619 1673 uerum
641 1608 720 1673 haee
741 1608 787 1674 ita
808 1611 942 1675 soluitur
957 1611 1107 1693 quaestio,
1124 1606 1272 1691 qnoniam

140 1711 277 1793 quodam
307 1712 392 1776 uitae
419 1730 531 1796 genere
553 1712 737 1794 adquiritur,
761 1711 836 1777 dum
858 1712 891 1779 iu
914 1712 972 1778 hoe
994 1730 1118 1795 eorpore
1140 1711 1271 1788 uiuitur,

139 1819 178 1881 ut
208 1813 326 1897 aliquid
357 1815 507 1880 adiuuent
529 1816 591 1881 ista
612 1816 785 1892 defunctos,
819 1835 855 1882 ao
885 1834 938 1899 per
960 1816 1018 1881 hoe
1045 1815 1214 1881 seeundum
1237 1832 1274 1879 oa

140 1936 221 2002 quae
244 1937 298 2002 per
321 1936 431 2001 eorpus
454 1926 618 2003 gesserunt
646 1922 688 1985 eis
716 1937 795 2002 quae
825 1920 897 2000 poet
918 1936 1027 2000 eorpus
1050 1917 1195 2000 religiose
1217 1934 1272 2000 pro

103 2021 207 2093 isillis
237 2021 319 2087 faeta
346 2022 464 2087 fuerint
492 2021 690 2089 adiuuautur.
727 2023 802 2088 sunt
831 2022 915 2087 enim
945 2039 1021 2103 quos
1045 2020 1123 2085 nihil
1147 2022 1272 2085 omniuo

140 2125 294 2192 adiuuant
323 2124 395 2205 ista,
424 2125 491 2190 siue
514 2143 569 2207 pro
593 2127 636 2190 eis
659 2125 736 2190 fiant
758 2144 889 2208 quornm
912 2125 979 2191 tam
1001 2125 1085 2189 mala
1107 2126 1183 2190 suut
1204 2141 1272 2186 me·

140 2232 213 2309 rita,
237 2232 273 2293 ut
295 2246 353 2293 neo
374 2229 492 2294 talibus
515 2228 605 2313 digni
626 2229 692 2293 sint
721 2228 873 2309 adiuuari,
901 2229 967 2293 siue
989 2245 1045 2310 pro
1067 2228 1117 2292 his
1139 2245 1271 2310 quorum

141 2334 207 2399 tam
232 2330 315 2397 bona
336 2334 420 2412 sunt,
449 2338 486 2396 ut
513 2329 631 2397 talibus
654 2348 715 2397 non
738 2331 899 2415 indigeant
921 2329 1123 2396 adiumentis.
1160 2348 1273 2414 genere

141 2437 250 2520 igitur·
263 2436 358 2510 uitae,
382 2435 464 2518 qnod
486 2434 583 2517 gessit
605 2434 735 2517 quisquo
757 2453 812 2518 per
834 2452 954 2518 eorpus,
977 2433 1119 2509 efficitur,
1141 2434 1179 2498 ut
1199 2452 1271 2515 pro·

104 2539 209 2604 rosint
231 2537 283 2603 uel
304 2556 365 2604 uon
387 2539 506 2622 prosint
528 2555 740 2619 quaecumque
765 2555 821 2620 pro
844 2537 900 2603 illo
921 2539 971 2619 pie
993 2536 1080 2613 fiunt,
1104 2555 1176 2603 eum
1198 2536 1272 2602 reli·

141 2642 247 2724 querit
269 2658 387 2723 eorpus.
419 2659 492 2705 nam
515 2641 673 2718 meritum,
696 2658 751 2722 per
769 2640 852 2723 qnod
874 2640 936 2706 ista
949 2641 1082 2724 prosint,
1105 2640 1131 2706 si
1146 2641 1270 2707 nullum

140 2748 355 2828 eomparatum
378 2747 426 2809 est
448 2744 481 2808 in
497 2745 558 2809 hae
572 2746 647 2821 uita,
671 2744 789 2810 frustra
806 2749 876 2828 post
890 2745 970 2811 hanc
985 2747 1147 2828 quaeritur
1161 2746 1273 2810 uitam.

140 2845 188 2913 ito
218 2846 265 2927 fit,
296 2852 332 2913 ιιι
354 2866 452 2930 neque
473 2847 609 2913 inaniter
641 2848 773 2914 eoolesia
801 2850 852 2914 uel
881 2866 1008 2915 suorum
1038 2868 1112 2915 eura
1141 2866 1196 2932 pro
1218 2849 1272 2914 de·

139 2951 260 3017 innotis
282 2951 363 3032 quod
385 2950 524 3034 potuerit
538 2951 697 3035 religionis
713 2951 874 3033 impendat
895 2952 1051 3017 ettamen
1073 2953 1153 3017 ferat
1174 2970 1271 3017 unns·

104 3078 131 3119 as
141 3053 275 3136 quisque
297 3054 470 3119 secundum
493 3072 530 3118 ea
552 3073 631 3136 quae
653 3072 838 3136 percorpus
860 3055 959 3137 gessit
985 3055 1053 3120 siue
1073 3055 1189 3120 bonum
1204 3054 1272 3120 siue

141 3156 273 3233 malurn,
314 3155 461 3221 reddente
499 3154 555 3220 deo
590 3155 756 3239 unicuique
792 3158 962 3222 seeundum
998 3175 1092 3240 opera
1121 3157 1197 3223 eius.
1237 3161 1273 3223 ut

142 3259 227 3325 enim
255 3256 313 3323 hoe
342 3259 422 3342 quod
450 3260 642 3342 impenditur
663 3261 762 3343 possit
784 3260 813 3324 ei
835 3259 981 3343 prodesse
1002 3265 1073 3344 post
1095 3278 1216 3343 eorpus,
1239 3260 1273 3325 in

141 3379 179 3427 ea
202 3361 270 3426 uita
292 3363 341 3427 est
363 3362 566 3444 adquisitum,
589 3380 684 3444 quam
706 3365 803 3447 gessit
825 3363 857 3428 iu
880 3381 1016 3447 eorpore.

185 3481 336 3546 Pmnisus
358 3483 465 3564 itaque
486 3483 672 3566 sepeliendis
690 3484 868 3566 corporibus
885 3487 965 3566 apud
982 3485 1165 3550 memoriam
1181 3501 1273 3548 sano·

105 3584 246 3650 aterum
270 3585 354 3650 loeus
377 3585 475 3652 bonae
496 3586 668 3652 affectionis
682 3587 836 3653 humanae
851 3592 900 3653 ost
914 3606 987 3671 erga
1002 3587 1112 3653 funera
1134 3605 1271 3663 snorum,

245 3779 310 3834 511
328 3780 388 3833 Cor.
406 3781 432 3843 5,
453 3782 486 3835 10
588 3784 622 3837 26
638 3784 672 3837 el.
692 3783 767 3837 Rom.
786 3785 811 3848 2,
830 3786 847 3840 6

193 3962 294 4015 dsunt
310 3960 347 4015 V:
376 3962 434 4016 aiut
447 3963 502 4017 GP
586 3964 765 4020 destabimus
779 3966 807 4020 P
891 3967 1004 4036 9possit
1024 3967 1056 4021 V:
1083 3965 1209 4036 possitP

143 4048 178 4101 10
190 4046 296 4116 quaudo
313 4044 351 4101 V:
378 4049 484 4117 quando
496 4050 550 4103 iam
565 4050 620 4105 GP
707 4052 740 4105 13
752 4052 886 4106 defunctis
898 4053 927 4106 P
1010 4069 1041 4107 ao
1056 4052 1093 4107 V:
1120 4052 1169 4106 hae
1181 4050 1209 4104 P

144 4132 305 4202 ldpostas
332 4134 689 4206 perPV(ef.p.9dd,23)
782 4137 1066 4207 lihis1P2inros.
1154 4137 1186 4192 18
1202 4136 1274 4189 bona

143 4216 213 4273 GP:
241 4217 315 4272 mala
339 4217 366 4273 V
463 4224 527 4275 sunt
549 4220 584 4276 V:
615 4238 665 4277 om.
692 4222 748 4278 01>
848 4226 880 4277 ut
902 4224 1014 4294 talibus]
1037 4223 1072 4279 V¹
1093 4225 1126 4279 ιιι
1147 4236 1203 4276 rua.

140 4303 295 4374 indigeant]
319 4304 354 4360 V¹
372 4307 404 4360 in
422 4321 477 4361 rae.
582 4307 616 4363 28
632 4310 796 4377 acquisitum
814 4313 857 4364 est
874 4309 903 4365 P
