2760 4814
148 288 215 353 480
634 279 799 348 nugrpprr

148 477 196 540 est
228 475 315 552 istos,
349 489 426 556 quos
460 471 596 536 nondum
628 469 667 533 de
697 467 874 552 eorporibus
906 485 1045 549 egressos
1075 489 1147 536 oum
1174 474 1281 539 ueniet

148 577 294 643 Christus
322 575 472 649 inueniet,
503 576 535 639 et
564 573 633 638 istis
664 574 768 638 uerbis
799 573 931 655 apostoli
961 574 993 637 et
1014 573 1080 640 illie
1101 578 1139 642 de
1162 574 1279 642 Genesi

149 700 210 746 uon
232 681 343 764 teneri,
367 679 513 764 quonism
536 695 661 743 sursum
682 677 715 741 iu
733 676 868 741 nubibus
883 678 964 758 rupti
981 696 1041 742 non
1058 678 1166 762 utique
1181 681 1280 744 semi·

148 790 272 865 nentur,
306 783 380 866 quia
412 799 468 846 neo
490 781 566 845 eunt
601 780 633 845 iu
668 783 785 845 terrum
812 798 869 843 nee
890 783 1030 855 redeunt,
1065 781 1133 846 siue
1154 783 1279 849 nullam

146 906 272 970 prorsus
294 885 493 970 experiantur
514 888 647 949 mortem
669 885 736 949 siue
759 884 922 964 paululum
937 887 974 948 in
1000 904 1071 949 sere
1089 886 1277 952 morientur.

188 991 248 1057 Sed
263 990 348 1056 uliud
366 1006 473 1054 rursus
489 988 631 1065 occurrit,
655 989 734 1068 quod
757 987 839 1051 idem
856 987 936 1050 dixit
950 988 1119 1068 apostolus,
1143 1008 1217 1054 eum
1239 992 1278 1057 de

146 1094 369 1161 resurreetione
411 1109 573 1175 oorporum
610 1089 650 1154 ud
686 1087 860 1154 Corinthios
900 1090 1093 1173 loqueretur:
1142 1110 1277 1159 omnes

101 1221 106 1231 ·
144 1199 406 1282 resurgimus,
423 1194 483 1270 uel,
500 1195 581 1260 sieut
596 1193 652 1258 alii
668 1194 787 1258 codices
803 1192 936 1258 hebent:
957 1214 1087 1260 omnes
1109 1197 1277 1263 dormie-

144 1308 239 1366 mus.
275 1319 348 1366 oum
377 1316 450 1381 ergo
472 1316 528 1362 nee
549 1297 733 1361 resurreetio
761 1296 837 1374 fieri,
869 1298 931 1362 nisi
955 1317 1037 1362 mors
1060 1301 1277 1381 preeoesserit,

144 1404 244 1487 possit
272 1420 329 1468 neo
362 1402 580 1467 dormitionem
617 1403 770 1484 possimus
804 1401 859 1465 illo
892 1403 960 1466 loeo
995 1402 1178 1487 intellegere
1212 1405 1287 1471 uisi,

142 1509 284 1582 mortem,
314 1506 466 1588 quomodo
490 1522 594 1570 omnes
617 1504 668 1569 uel
698 1504 853 1569 dormient
874 1505 926 1570 uel
948 1511 1122 1590 resurgent,
1154 1505 1183 1569 si
1207 1509 1275 1573 tam

143 1609 247 1689 multi,
276 1627 352 1691 quos
374 1609 409 1673 in
431 1625 556 1690 torpore
579 1610 765 1674 inuenturus
788 1618 836 1674 est
859 1609 1010 1688 Christus,
1035 1629 1091 1675 neo
1116 1608 1275 1685 dormient

142 1731 197 1777 nee
219 1713 407 1796 resurgent?
440 1713 470 1776 si·
490 1729 562 1794 ergo
585 1714 719 1789 sanctos,
743 1714 797 1794 qui
819 1714 1012 1794 reperientur
1033 1711 1157 1779 Christo
1182 1716 1275 1779 ueni·

141 1820 213 1881 ente
227 1815 369 1881 uiuentes
382 1815 473 1896 eique
491 1816 522 1879 in
538 1814 666 1879 obuium
681 1816 853 1896 rapientur,
876 1816 1097 1881 crediderimus
1113 1818 1145 1881 in
1161 1817 1274 1883 eodem

140 1923 234 2002 rsptu
268 1919 305 1983 de
340 1917 517 2002 corporibus
551 1918 735 1983 mortalibus
766 1919 902 1984 exituros
933 1920 965 1983 et
994 1920 1035 1984 ud
1064 1920 1174 1984 eudem
1200 1939 1287 1985 moxi

140 2021 332 2088 immortalis
362 2022 526 2099 redituros,
558 2019 661 2085 nullus
690 2021 724 2085 in
751 2021 856 2087 uerbis
879 2023 1017 2103 spostoli
1032 2023 1192 2105 patiemur
1215 2043 1275 2089 en-

140 2125 272 2208 gusties,
287 2126 354 2189 siue
369 2124 424 2190 nbi
440 2123 533 2189 dioit:
557 2127 598 2188 tu
616 2124 714 2206 quod
732 2126 902 2191 semines
921 2144 994 2191 non
1012 2126 1272 2208 uiuificutur,

138 2228 219 2294 uis'i
248 2229 457 2303 morietur,
487 2227 554 2292 siue
576 2226 630 2291 ubi
655 2226 748 2292 dieit:
771 2247 902 2293 omnes
925 2229 1174 2312 resurgimus
1197 2235 1271 2297 sut:

138 2350 269 2397 omnes
292 2330 547 2407 dormiemus3
572 2331 645 2411 quie
667 2349 723 2394 neo
744 2331 795 2395 illi
810 2350 864 2412 per
887 2332 1161 2397 immortalitatem
1184 2334 1271 2399 uiui·

137 2433 323 2511 liesbuntur,
347 2433 407 2499 nisi
430 2433 603 2514 quemlibet
625 2432 789 2514 paululum
811 2438 917 2497 tumen
932 2436 1004 2500 ente
1023 2435 1209 2514 morientur,
1232 2455 1287 2501 eos

136 2555 192 2619 per
213 2536 272 2602 hoo
292 2541 324 2601 et
346 2555 365 2602 e
386 2537 612 2601 resurreetione
636 2552 697 2600 uon
720 2538 813 2601 eruut
830 2538 936 2614 ulieui,
960 2556 1054 2619 quem
1077 2539 1268 2605 dormitione

135 2638 326 2721 praecedunt
347 2640 489 2720 quemuis
512 2638 707 2718 breuissime,
740 2658 800 2705 nou
822 2646 929 2705 temen
952 2640 1049 2707 nullu.
1083 2659 1138 2705 eur
1160 2645 1269 2708 autem

136 2741 225 2808 uobis
258 2740 448 2827 incredibile,
475 2742 617 2807 uideatur
650 2742 739 2807 illem
773 2743 1011 2809 multitudinem
1040 2761 1207 2824 corporum
1233 2746 1267 2811 in

135 2862 206 2909 sere
235 2845 371 2927 quodem
392 2844 484 2910 modo
504 2844 652 2911 seminari
672 2849 766 2928 etque
795 2847 839 2911 ibi
865 2846 1008 2930 protinus
1039 2845 1266 2915 immortaliter

134 2949 229 3029 etque
250 2945 532 3029 incorruptibiliter
560 2945 763 3025 reuiuesoere,
793 2967 866 3013 oum
888 2949 1051 3015 credemus
1074 2950 1155 3031 quod
1179 2950 1287 3015 idemr

135 3051 201 3132 ipse
222 3051 382 3134 spostolus
405 3049 601 3132 apertissime
623 3049 709 3126 dieit,
739 3051 773 3115 in
795 3053 861 3116 ietu
884 3051 967 3116 oeuli
997 3050 1137 3116 futurem
1160 3071 1265 3118 resur·

134 3154 305 3221 rectionem
332 3154 366 3218 et
400 3153 434 3217 iu
463 3152 604 3219 membre
636 3153 702 3218 sine
734 3152 797 3218 line
831 3154 954 3219 uictura
987 3157 1076 3219 teuta
1109 3153 1265 3222 fusilitate

134 3256 262 3338 tumque
298 3256 522 3323 inaestimabili
555 3256 722 3322 uelocitate
758 3257 934 3322 rediturum
970 3256 1263 3338 antiquissimorum

235 3485 252 3538 ‘l
270 3485 309 3551 (et
326 3484 371 3550 26)
389 3484 403 3538 l
422 3486 482 3540 Cor.
502 3487 543 3550 15,
560 3486 595 3540 52

181 3700 198 3754 1
222 3699 337 3769 egressis
354 3715 379 3754 o·
473 3701 679 3770 Bresurgimus
705 3701 770 3758 TV:
795 3719 1001 3772 resurgemuso
1104 3706 1206 3776 diuisi]
1221 3706 1265 3760 *T*

129 3783 162 3836 io
178 3798 235 3839 ras.
339 3785 524 3855 reponimus
546 3787 582 3840 V:
609 3802 749 3856 possumus
771 3791 809 3845 Tu
913 3791 944 3844 11
962 3791 987 3844 si
1003 3793 1262 3864 turn—resurgent]

129 3882 181 3924 osu
198 3881 222 3923 o
302 3869 335 3924 13
345 3873 528 3940 repperientur
545 3872 573 3928 V
655 3875 688 3929 lo
700 3876 861 3930 mortalibus
873 3875 1026 3946 corporibus
1041 3879 1081 3932 su
1167 3881 1202 3935 18
1219 3897 1262 3936 re·

129 3957 266 4026 surgimus
287 3957 325 4013 V:
352 3972 555 4029 resurgemuso
582 3963 764 4031 surgimusT
852 3963 887 4016 20
903 3964 1076 4034 psulolnmo
1168 3972 1261 4022 temen

132 4040 197 4097 Tur
224 4057 310 4102 orm
394 4044 428 4098 21
446 4060 527 4113 quem
548 4047 612 4101 TV:
637 4063 724 4117 queo
810 4049 844 4102 22
862 4049 1040 4119 proeedunto
1124 4051 1160 4105 24
1178 4056 1261 4107 semi-

128 4146 194 4187 nsre
216 4151 236 4189 o
336 4131 372 4188 26
396 4133 553 4187 reuiuiseere
577 4151 596 4190 o
702 4136 737 4191 28
763 4139 872 4206 tumque
897 4154 929 4193 o:
963 4142 1103 4207 tsmqnsm
1133 4138 1160 4193 V
1192 4144 1263 4197 ism·

128 4231 179 4287 que
206 4216 231 4272 T
