2760 4814
358 164 518 232 Excerpta
536 180 571 218 er
589 180 657 234 epp.
675 166 699 219 S.
719 165 908 233 Augustini
931 165 1093 221 CCXXIIII.
1226 168 1288 236 727

154 354 230 419 tute
260 354 418 420 creaturae
444 355 560 420 semire
582 354 847 437 prohibemur-
869 355 990 438 quaudo
1020 356 1145 439 quidem
1169 357 1288 425 dietum

158 458 228 524 est:
258 459 455 524 deminum
479 458 588 523 deum
619 459 729 523 tuum
751 457 936 524 adorabis
959 462 996 523 et
1023 460 1089 526 illi
1110 459 1188 525 seli
1210 478 1288 527 ser·

157 560 262 637 uias;
293 561 374 627 unde
397 564 429 625 et
452 561 610 643 apestolus
638 561 809 628 detestatur
831 579 882 627 ees
904 561 957 645 qui
980 562 1144 628 coluerunt
1167 566 1199 628 et
1220 582 1287 629 ser·

158 662 286 730 aierunt
301 669 462 729 creaturae
475 667 577 748 potius
593 684 688 747 quam
702 665 947 730 creatori-nou
959 670 1006 732 est
1021 667 1130 749 utique
1144 668 1288 733 creatura

132 767 289 852 aspiritus
321 767 458 848 sauetm,
494 769 543 833 eui
577 767 616 832 ab
651 767 794 834 omuibus
825 770 939 834 sanctis
974 768 1047 834 talis
1075 770 1209 835 semitas
1233 789 1287 835 er·

157 870 286 937 hibetur
308 871 431 937 dicente
453 873 610 956 apostole:
641 890 709 936 nes
733 872 832 937 euim
862 890 993 937 sumus
1015 872 1285 958 circumcisio,

157 973 324 1056 spiritui
345 975 409 1040 dei
432 977 672 1054 seruientes,
697 976 777 1058 qued
802 978 850 1040 est
875 973 908 1039 iu
928 993 1037 1057 graeco
1061 967 1283 1059 iuvasionem

157 1077 265 1159 plures
295 1077 377 1144 euim
408 1079 527 1144 cedices
550 1079 644 1144 etiam
674 1077 766 1143 latini
789 1077 835 1143 sic
857 1077 987 1142 habeut:
1019 1076 1085 1158 qui
1116 1077 1284 1161 spiritui

156 1180 221 1245 dei
247 1181 462 1259 seruimus;
496 1184 599 1264 masei
629 1186 734 1247 autem
764 1199 869 1246 omues
899 1183 954 1246 aut
976 1199 1073 1265 paene
1094 1198 1212 1248 omues.
1250 1182 1285 1248 iu

117 1307 148 1347 ιο
156 1284 317 1350 nonnullis
331 1288 436 1352 summ
458 1284 685 1369 exemplaribus
706 1283 815 1350 latinis
836 1284 1012 1350 iuueuimus
1035 1302 1096 1351 nen
1118 1284 1285 1367 spiritui

157 1387 221 1453 dei
251 1388 467 1472 seruimus,
497 1389 551 1454 sed
580 1387 729 1472 spiritu
757 1391 823 1454 deo
851 1388 1054 1454 seruimus.
1092 1389 1145 1453 sed
1176 1388 1229 1471 qui
1250 1389 1285 1455 iu

156 1490 217 1556 hec
239 1496 345 1558 errant
367 1495 399 1557 et
426 1491 604 1558 auctoritati
626 1490 766 1577 grauieri
789 1491 894 1557 cedere
917 1491 1100 1570 detractant,
1130 1490 1283 1575 numquid

156 1594 190 1658 et
204 1592 285 1660 illud
301 1594 425 1661 uarium
443 1595 476 1660 iu
492 1594 649 1661 comcibus
671 1593 846 1678 reperiunt:
870 1594 1064 1679 nescitis,
1089 1595 1182 1679 quia
1205 1611 1286 1659 eer-

155 1712 253 1781 pera
275 1700 411 1764 uestra
432 1698 624 1782 templum
652 1699 693 1763 in
715 1697 831 1763 uobis
861 1697 923 1763 ast
945 1698 1117 1781 spiritus
1140 1697 1284 1778 saneti,

117 1817 268 1883 ecquem
305 1801 463 1866 habetis
500 1819 519 1866 a
556 1802 646 1867 dee?
689 1801 763 1884 quid
799 1802 906 1865 autem
942 1799 1084 1865 insanius
1120 1801 1282 1884 magisque

155 1902 346 1992 sacrilegum
379 1908 436 1983 est,
470 1922 565 1987 quam
598 1904 634 1969 ut
666 1903 830 1987 quisquam
861 1902 962 1967 dicere
996 1903 1109 1968 audeat
1141 1904 1282 1969 membra

155 2004 275 2072 Christi
297 2007 451 2090 templum
473 2026 539 2073 esse
556 2010 715 2073 creaturae
732 2005 859 2071 minoris
874 2005 1045 2071 secuudum
1067 2005 1161 2088 ipses,
1186 2025 1282 2089 quam

155 2108 300 2175 Christm
324 2110 394 2175 est?
428 2109 489 2177 alio
512 2111 594 2176 enim
617 2110 684 2176 lece
707 2109 798 2176 dicit:
828 2127 989 2192 corpora
1011 2110 1148 2175 uestra
1169 2127 1283 2175 mem·

154 2211 225 2277 bra
255 2210 350 2276 sunt
371 2210 539 2278 Christi.
577 2211 604 2276 si
636 2212 742 2277 autem
776 2228 854 2295 quae
886 2206 1027 2277 membra
1056 2212 1130 2277 suut
1152 2209 1282 2293 Christi,

121 2312 310 2397 setemplum
333 2316 382 2380 est
405 2314 533 2397 spiritus
555 2316 664 2395 saneti,
688 2333 748 2380 neu
772 2319 820 2380 est
835 2318 978 2380 ereatura
993 2314 1122 2398 spiritus
1144 2315 1282 2393 sauctus,

155 2416 231 2501 quia
260 2415 309 2482 eui
333 2434 442 2501 cerpus
465 2422 606 2484 uestrum
630 2417 783 2500 templum
805 2417 995 2496 exhibemus,
1021 2437 1142 2484 necesse
1165 2422 1222 2497 est,
1246 2418 1283 2484 ut

30 2554 34 2579 2
156 2521 230 2587 huie
252 2537 320 2586 eam
342 2519 527 2587 seruitutem
550 2520 726 2599 debeamus,
751 2538 812 2604 qua
834 2538 894 2585 nen
916 2520 978 2586 uisi
1001 2520 1057 2585 deo
1079 2519 1282 2586 seruiendum

30 2608 35 2647 ¹
157 2624 215 2705 est,
237 2642 316 2708 quae
337 2641 450 2708 graece
473 2624 649 2708 appellatur
671 2621 812 2709 λατρεία.
844 2626 924 2691 uude
941 2624 1164 2707 causequeuter
1186 2621 1280 2688 dicit:

156 2726 391 2811 glorificate
415 2745 504 2812 erge
526 2728 564 2792 et
585 2728 744 2810 portate
766 2730 875 2794 deum
897 2729 937 2792 iu
955 2744 1114 2811 corpore
1136 2727 1281 2793 uestro.

257 2913 424 2979 abesae,
448 2914 482 2969 13
585 2913 747 2983 ePbiripp.
770 2914 837 2980 3‚3
952 2911 1213 2978 13100r.6‚19

155 2999 393 3067 releuauit
496 2999 735 3068 balconem

207 3169 223 3224 1
246 3169 347 3224 seruire
369 3171 504 3225 creaturae
524 3186 541 3226 a
643 3170 753 3241 seruire]
777 3184 828 3226 em.
853 3169 891 3226 0¹
993 3169 1011 3225 3
1034 3171 1150 3225 testatur
1174 3168 1212 3227 θ’

147 3269 329 3340 somnium]
354 3269 509 3326 dominicus
531 3272 560 3327 A
663 3274 678 3327 r
702 3259 985 3329 meam
1005 3271 1041 3328 r:
1069 3273 1231 3328 uersantes
1254 3273 1282 3327 A

153 3358 197 3414 θ’
226 3356 418 3412 latreueleutes
446 3356 502 3413 G¹e
613 3357 705 3427 daie]
731 3373 826 3415 enac
940 3356 1078 3428 brutam]
1102 3359 1193 3412 autem
1216 3358 1282 3412 haec

142 3490 166 3534 m
275 3479 306 3533 ll
325 3478 435 3548 spiritu·
452 3478 473 3547 (i
491 3481 557 3547 rus.)
578 3478 605 3534 G
708 3480 742 3534 12
759 3480 920 3536 austeritate
937 3481 1032 3536 A¹G¹s
1130 3452 1282 3535 demmtaut

144 3581 385 3653 (cadd.m.3)6
466 3583 498 3638 13
511 3583 750 3654 repperiuntGVe
829 3584 862 3639 14
873 3566 1049 3653 sauctiffie
1135 3583 1170 3638 15
1181 3583 1282 3654 magis·

141 3685 213 3758 que]
231 3686 404 3755 maiusquev
497 3686 529 3741 17
548 3687 639 3757 quam]
658 3702 745 3757 quae
836 3686 871 3742 ab
888 3686 986 3758 mucii]
1005 3668 1081 3743 εἶν
1173 3687 1282 3741 mactus

142 3788 269 3846 <eorm
296 3780 334 3844 r'ei
357 3791 383 3844 V
472 3789 508 3846 23
524 3792 601 3861 quae]
620 3792 725 3861 quode
811 3778 964 3846 ἏῙΤῙᾹ
984 3789 1011 3844 V
1036 3789 1119 3844 latria
1140 3789 1212 3844 AGv

143 3873 187 3931 24
203 3890 311 3945 serpere
328 3877 420 3930 uestra
439 3876 548 3933 AG'V:
578 3877 703 3932 cordibus
721 3875 820 3932 uectus
840 3875 895 3933 0¹0
