2760 4814
203 297 268 366 216
689 293 855 366 Eieiunii

204 487 379 566 denuntiat,
402 487 653 572 magnitudinem
676 486 802 552 futurae
826 485 922 552 eladis
944 485 1066 566 effatur,
1089 503 1150 551 nen
1171 484 1342 551 animanti-

204 591 262 659 bus
283 590 416 657 rationis
434 589 621 674 expertibus,
644 593 808 672 tamquam
822 592 855 654 et
876 589 946 672 ipsa
967 588 1177 672 peccauerint,
1199 589 1343 654 minatur

204 691 343 760 exitium.

244 831 314 897 Iam
337 850 412 898 uere
434 829 606 915 quoinde,
631 828 752 897 hemini
773 829 858 897 iuste
877 832 919 911 et,
945 830 1029 896 sieut
1045 829 1082 894 de
1105 828 1160 895 ille
1182 829 1341 911 scriptura

203 933 342 1001 ueridiea
371 934 520 1018 loquitur,
551 933 585 999 in
614 952 672 1000 sua
695 935 893 1018 generatione
917 934 1056 1016 perfecte
1077 968 1120 980 -
1142 950 1204 997 non
1227 933 1336 1016 utique
1359 952 1376 997 a

202 1039 282 1104 deus
304 1037 486 1121 perficiendi
507 1040 583 1104 sunt
605 1037 692 1104 eines
714 1037 854 1104 ciuitatis
882 1037 932 1105 dei
953 1037 986 1102 in
1008 1038 1067 1103 illa
1087 1035 1337 1110 immortalitate,
1372 1070 1378 1090 ι

202 1159 264 1226 qua
295 1141 510 1225 sequebantur
539 1141 660 1227 angelis
690 1141 750 1224 dei,
786 1140 840 1205 sed
869 1142 953 1207 sieut
982 1158 1048 1206 esse
1069 1143 1202 1224 pessunt
1223 1143 1256 1206 in
1280 1137 1337 1204 hac

201 1245 449 1330 peregrinatione
477 1243 608 1327 perfecti
633 1280 670 1292 -
694 1243 832 1329 imperat
862 1244 948 1324 deus,
978 1249 1015 1311 ut
1042 1261 1146 1309 aream
1168 1241 1275 1321 faeiat,
1300 1239 1337 1305 in

197 1358 263 1432 vqua
292 1366 365 1413 eum
395 1346 470 1429 suis,
500 1346 534 1412 id
561 1348 610 1413 est
632 1364 726 1413 unere
749 1349 781 1412 et
802 1345 876 1413 filiis
899 1351 931 1412 et
954 1347 1094 1425 nuribus,
1117 1346 1150 1411 et
1172 1363 1244 1410 eum
1266 1345 1336 1409 ani·

202 1449 349 1530 malibus,
380 1469 460 1533 quae
488 1452 528 1517 ad
557 1449 650 1517 illum
680 1470 718 1517 en
748 1451 799 1517 dei
822 1451 985 1534 praesepto
1007 1451 1041 1516 in
1063 1467 1169 1516 aream
1190 1448 1374 1530 ingressas·

202 1560 286 1631 sunt,
315 1554 505 1622 liberaretur
527 1574 546 1621 a
567 1555 680 1621 diluuii
711 1557 868 1633 destitute,
896 1554 1005 1637 presul
1034 1554 1127 1622 dubie
1156 1553 1257 1639 figura
1285 1554 1336 1615 est

201 1659 428 1742 peregrinantis
457 1657 493 1723 in
523 1656 580 1724 hee
609 1658 733 1724 saecule
764 1658 904 1724 ciuitatis
934 1657 995 1735 dei,
1025 1657 1083 1724 hee
1105 1659 1153 1723 est
1177 1655 1335 1731 eeclesiae,

202 1780 280 1846 qnae
308 1760 344 1826 dt
372 1761 461 1827 salua
493 1779 549 1844 per
577 1760 710 1844 lignum,
743 1760 777 1826 in
805 1779 865 1844 que
888 1760 1035 1844 pependit
1056 1760 1209 1826 mediator
1229 1757 1280 1824 dei
1302 1757 1336 1822 et

200 1865 374 1950 hominum,
398 1864 489 1930 hemo
506 1863 650 1930 Christus
667 1865 764 1930 Iesus.
799 1883 873 1930 nam
889 1866 922 1930 et
935 1883 1100 1930 mensurae
1122 1865 1208 1947 ipsae
1228 1860 1335 1943 lengi·

201 1966 322 2033 tudinis
337 1972 369 2032 et
384 1967 562 2034 altitudinis
577 1972 609 2033 et
627 1967 806 2034 latitudinis
822 1969 888 2033 eius
905 1967 1082 2052 signifieant
1097 1983 1205 2049 eorpus
1220 1966 1373 2034 huma-1⁶

201 2088 287 2151 num,
311 2071 344 2136 in
367 2071 455 2136 euius
477 2071 612 2137 ueritate
635 2072 674 2137 ed
697 2071 839 2138 hemines
861 2073 1099 2155 praenuntiatas
1115 2072 1163 2136 est
1181 2073 1334 2135 uenturus

201 2175 235 2240 et
262 2173 359 2240 uenit.
393 2175 522 2240 humani
554 2175 666 2261 quippe
700 2174 837 2258 eorporis
866 2175 1032 2261 longitude
1056 2194 1075 2241 a
1095 2176 1212 2239 urertioe
1235 2190 1335 2256 usque

202 2281 240 2346 ad
263 2277 398 2361 uestigia
426 2278 526 2344 sexies
555 2281 680 2345 tantum
710 2277 805 2345 habet
827 2297 921 2362 quam
942 2277 1088 2362 latitudo,
1121 2294 1200 2362 quae
1223 2280 1272 2341 est
1293 2275 1335 2341 ab

200 2401 263 2449 une
285 2383 384 2448 latere
406 2383 446 2449 ad
469 2383 605 2448 alterum
627 2382 723 2462 latus,
747 2386 779 2448 et
793 2382 895 2448 decies
917 2384 1044 2449 tantum
1066 2399 1161 2464 quam
1184 2378 1333 2458 altitude,

201 2485 290 2551 euius
323 2485 501 2552 altitudinis
532 2504 677 2552 mensura
705 2489 752 2551 est
780 2485 813 2552 in
836 2485 935 2551 latere
956 2505 975 2552 a
997 2486 1087 2551 dorse
1110 2485 1149 2550 ad
1177 2484 1371 2550 uentrem.»

200 2588 289 2655 uelut
316 2590 344 2655 si
374 2589 526 2655 iacentem
560 2589 718 2656 nominem
753 2589 895 2655 metiaris
927 2590 1075 2672 supinum
1104 2607 1159 2654 seu
1187 2604 1333 2671 pronum,

200 2693 297 2758 sexies
331 2696 457 2758 tantum
490 2692 603 2779 longus
637 2696 685 2757 eet
712 2712 731 2759 a
760 2693 862 2776 eapite
884 2693 924 2759 ad
953 2693 1048 2776 pedes
1081 2709 1175 2775 quam
1207 2691 1334 2756 latusa

200 2796 308 2861 dentre
329 2794 363 2861 in
386 2796 547 2862 sinistram
569 2795 621 2861 uel
642 2815 662 2861 a
684 2794 812 2861 sinistra
834 2797 867 2862 in
891 2796 1030 2862 dextram
1052 2798 1085 2861 et
1111 2795 1214 2861 deeiee
1236 2808 1334 2877 quam

201 2896 284 2964 altus
306 2917 325 2965 a
348 2903 437 2965 terra.
473 2897 554 2964 nude
577 2897 660 2965 lauta
685 2902 731 2963 est
754 2917 828 2965 arca
849 2899 1060 2965 tresenterum
1081 2898 1116 2962 in
1137 2896 1334 2981 longitudine

201 3002 380 3068 subitorum
409 3007 441 3068 et
469 3003 700 3088 quinquaginta
729 3003 763 3067 in
791 3002 958 3068 latitudine
985 3009 1019 3068 et
1045 3002 1178 3085 triginta
1200 3001 1234 3065 in
1258 2997 1369 3064 alti-s

300 3223 318 3277 4
336 3222 371 3278 11.
389 3222 455 3278 Gen.
474 3223 500 3288 6,
517 3223 535 3277 9
622 3225 705 3279 1411.
724 3225 739 3280 1
756 3224 826 3279 Tim.
843 3225 869 3291 2,
887 3227 905 3280 ὁ
990 3224 1025 3279 24
1042 3224 1076 3280 ai.
1095 3223 1161 3278 Gen.
1179 3223 1205 3290 6,
1224 3222 1258 3277 15

253 3430 267 3483 l
286 3427 374 3483 clades
389 3427 462 3485 ΒΨ
556 3428 657 3485 affatus
673 3446 690 3485 a
793 3429 936 3485 animabus
953 3447 970 3486 a
1072 3429 1090 3484 4
1108 3429 1216 3484 homine
1232 3427 1265 3483 D

198 3513 356 3570 tuendus
375 3514 410 3569 P
513 3515 632 3585 perfectu
649 3515 689 3571 Ρι
792 3517 809 3572 6
833 3517 909 3572 illem
927 3516 1097 3573 mortalitate
1118 3516 1146 3571 V
1244 3515 1261 3570 1
1280 3530 1335 3584 qua

199 3602 245 3671 (us
261 3601 478 3667 enatares.)
496 3601 528 3656 D
553 3617 620 3672 qua·
631 3604 736 3671 (erue.)
755 3602 781 3658 Τ
864 3603 956 3673 angeli
974 3604 1001 3658 Τ
1089 3603 1106 3657 9
1124 3617 1217 3657 uxeres
1237 3599 1264 3656 V

197 3693 265 3750 mm
283 3695 346 3764 (aaa
364 3698 403 3762 et)
420 3694 520 3752 DPm
617 3697 730 3752 nuribus
749 3700 811 3766 (erre.
828 3700 867 3765 et)
882 3697 914 3752 D
1013 3698 1048 3753 10
1064 3696 1182 3766 ingressi
1199 3695 1267 3751 ΡΤ

200 3797 231 3854 ιι
251 3814 268 3853 a
285 3813 371 3853 aaa
467 3799 501 3852 rs
517 3799 721 3870 peregrinantes
738 3800 821 3856 nm*
917 3801 1027 3855 serena
1043 3799 1075 3854 n
1172 3783 1337 3866 14111111

198 3891 228 3946 P
323 3891 382 3963 ipse
398 3892 458 3948 DP
559 3895 592 3951 15
608 3894 748 3964 signifieat
764 3894 793 3949 P
896 3895 929 3949 16
947 3891 1116 3950 hemineme
1220 3892 1254 3946 18
1271 3894 1333 3946 tan·

197 3978 572 4036 11111-1911111110111Ρι
654 3981 882 4051 1911111101ιᾶἸ
961 3977 1265 4051 ansilmll¹3ee1>¹

199 4064 306 4120 homine
321 4064 364 4120 1)ι
457 4067 575 4122 miliaria
591 4067 671 4122 D¹P¹
767 4068 924 4137 sepinume
1021 4067 1056 4122 23
1074 4066 1178 4138 deutra]
1197 4064 1334 4121 dexteram

199 4146 229 4205 P
311 4151 455 4208 sinestrsm
473 4158 500 4209 et
517 4154 633 4208 sinestra
649 4154 680 4209 D
784 4155 819 4209 14
836 4153 991 4210 subitorum
1009 4153 1039 4208 in
1058 4152 1266 4224 longitudines

198 4236 369 4307 longitudine
385 4238 414 4293 P
515 4241 551 4296 26
568 4244 596 4294 et
612 4240 920 4310 triginta-altitudine
937 4255 987 4297 oea
1011 4241 1039 4296 V
