2760 4814
208 539 269 605 &S
691 536 857 605 Enormi

206 729 335 813 pignore
364 727 527 810 contingit,
557 726 638 809 quod
664 730 783 809 accepit
806 725 894 809 uirgo
917 726 1047 791 ecclesia
1069 726 1187 792 humili
1210 728 1336 793 aduentu

207 830 312 914 sponsi
334 830 391 908 sui,
422 848 499 913 quiae
522 829 578 893 illo
600 831 711 894 ultimo
735 830 881 909 aduentu,
911 848 981 893 cum
1004 829 1112 895 ueniet
1133 831 1169 895 in
1193 830 1335 913 claritate,

207 939 340 1017 nuptura
356 935 412 1011 est,
435 951 505 997 cum
527 933 590 997 iam
613 932 690 997 facie
712 933 751 996 ad
773 932 885 997 faciem
906 931 1112 997 contuebitur.
1159 932 1248 999 dedit
1261 933 1335 998 enim

206 1040 295 1105 nohis
317 1040 428 1121 pignus
456 1039 613 1120 spiritum,
642 1038 723 1101 sicut
750 1037 827 1101 dicit
857 1036 1025 1119 apostolus.
1062 1040 1095 1101 et
1117 1036 1189 1101 ideo
1210 1037 1271 1101 ista
1290 1054 1333 1100 er·

207 1145 319 1226 positio
334 1142 413 1207 nihil
430 1146 548 1207 certum
571 1143 720 1217 intuetur,
738 1140 799 1204 nisi
814 1146 849 1205 ut
873 1141 1041 1205 secundum
1056 1138 1152 1203 fidem
1171 1141 1224 1223 sit,
1246 1158 1355 1223 nequo.

206 1246 277 1313 aliis
306 1245 504 1328 praeiudicat,
536 1264 614 1327 quae
644 1245 847 1309 nihilomiuus
876 1244 1044 1309 secundum
1073 1244 1172 1309 fidem
1196 1262 1260 1309 esse
1286 1260 1331 1324 po-

207 1353 344 1415 tuerunt.

644 1567 897 1653 cclxxi-⁷111.

209 1761 252 1807 nn
285 1758 555 1819 cunoni-rossum
589 1761 631 1805 nr
665 1758 959 1819 ournovnuusnrn.
1002 1758 1048 1803 ax
1082 1758 1205 1805 consu
1237 1758 1325 1805 urano

431 1865 627 1911 ‹rcrocrurn
651 1862 835 1921 ou'nsrvon
857 1860 1112 1921 anns'rrouvu.
1332 1870 1348 1907 o

135 2000 198 2065 303
254 2000 366 2066 Omnis
389 2001 541 2083 sapientia
564 2005 594 2064 et
616 2000 779 2082 disciplina
802 2001 858 2075 est,
881 2019 961 2084 quae
984 2001 1022 2064 ad
1038 1999 1182 2064 homines
1198 2000 1324 2065 erudien-

208 2104 262 2169 dos
285 2104 434 2187 pertinet,
458 2107 627 2170 creatorem
652 2105 889 2186 creaturamque
912 2104 1069 2169 dinoscere
1085 2107 1118 2169 ct
1132 2103 1227 2167 illum
1241 2104 1324 2167 colere

207 2208 430 2284 dominantem,
455 2210 549 2271 istam
571 2209 744 2273 subiectam
768 2206 868 2272 fateri.
913 2208 961 2270 est
983 2207 1088 2271 antem
1113 2212 1235 2271 creator
1256 2208 1325 2279 dem,

208 2330 243 2376 er
266 2330 325 2394 quo
349 2311 464 2391 omnia,
488 2330 542 2392 per
565 2329 657 2393 quem
680 2312 793 2385 omnia,
818 2312 849 2374 in
873 2327 932 2392 quo
955 2310 1069 2389 omnia,
1098 2313 1132 2373 et
1153 2310 1226 2374 idco
1248 2308 1325 2373 trini·

207 2415 254 2479 tas
277 2416 367 2497 pater
391 2414 421 2477 et
444 2413 528 2478 tilius
551 2416 583 2477 et
598 2413 725 2495 spiritus
741 2416 867 2479 sanctus
883 2416 938 2477 est.
977 2416 1119 2477 creatura
1134 2432 1209 2479 ucro
1223 2411 1349 2497 partina

209 2519 257 2581 est
285 2517 462 2594 inuisibilia,
492 2517 574 2581 sicut
603 2517 736 2591 animus,
772 2518 887 2599 partim
921 2516 1064 2594 risibilis,
1099 2516 1186 2582 sicut
1220 2532 1323 2597 corpus.

209 2620 359 2684 inuisibili
383 2620 537 2683 ternarius
560 2637 708 2684 numerus
731 2620 896 2684 tribuitur:
920 2637 1013 2701 (lucre
1030 2618 1161 2702 diligere
1177 2618 1325 2687 dominum

209 2722 378 2805 tripliciter
407 2722 560 2799 iubemur,
599 2742 642 2786 er
672 2724 756 2786 toto
786 2725 915 2804 corde,
950 2742 990 2786 ex
1021 2724 1107 2786 tota
1137 2724 1266 2788 anima
1294 2724 1326 2784 et

209 2844 252 2889 ex
275 2826 360 2889 tota
381 2829 525 2907 mente3
549 2826 666 2907 corpori
690 2826 904 2907 quaternarius
927 2830 1051 2908 propter
1072 2827 1327 2893 euidentissimum

208 2927 352 2992 naturam
376 2928 454 3008 eius,
478 2929 511 2992 id
535 2934 581 2993 est
605 2930 738 2994 calidam
754 2934 786 2993 ct
802 2930 960 3013 frigidam,
980 2929 1143 2995 humidam
1159 2934 1193 2995 et
1209 2930 1352 3005 siccarum

208 3029 370 3097 uniuersae
393 3049 466 3113 ergo
488 3037 646 3096 creaturae
668 3032 871 3113 septenarius.
911 3038 1098 3116 quapropter
1120 3033 1224 3098 omnis
1245 3030 1328 3098 disci-

207 3136 293 3218 plina
308 3136 467 3201 dinosocns
484 3138 515 3200 et
531 3134 704 3200 discernens
727 3137 896 3200 creatorem
912 3140 1005 3218 atquo
1021 3138 1196 3201 creaturam
1212 3134 1330 3202 denario

207 3257 335 3305 numero
357 3238 543 3303 insinuatur.
576 3257 653 3320 quiae
676 3238 839 3320 disciplina
862 3240 1008 3322 quamdiu
1032 3239 1186 3321 corporeis
1202 3240 1332 3305 motibus

208 3341 423 3425 temporaliter
452 3339 658 3424 significatur,
682 3343 831 3407 credendo
854 3346 975 3407 constat
997 3347 1030 3406 et
1051 3360 1156 3407 rerum
1177 3344 1334 3426 gestarum

207 3445 402 3509 uenientium
425 3449 518 3525 atquo
542 3444 772 3510 transeuntium
787 3445 972 3510 auctoritate
988 3444 1075 3527 quasi
1091 3446 1175 3512 lacte
1190 3448 1365 3529 paruuloaa

207 3548 320 3625 nutrit,
353 3551 390 3611 ut
419 3548 542 3612 idoneos
573 3548 670 3613 faciat
698 3549 962 3632 contemplationi,
992 3566 1071 3631 quae
1101 3567 1162 3613 uon
1192 3550 1284 3614 uenit
1311 3549 1340 3613 et

312 3751 330 3804 4
346 3752 381 3805 cf.
392 3752 422 3805 11
435 3754 494 3807 Cor.
512 3752 567 3817 ῦ,5
654 3754 687 3807 14
704 3754 738 3807 cf.
753 3754 829 3808 Rom.
845 3755 885 3820 11,
897 3754 931 3809 36
1018 3754 1050 3808 18
1068 3752 1168 3808 natan
1180 3752 1225 3818 22,
1238 3754 1272 3808 37

264 3939 279 3991 1
297 3938 412 4007 contigit
431 3939 458 3992 P
547 3938 564 3991 2
581 3954 642 3992 cum
660 3939 750 3993 ueniet
766 3940 802 3995 V:
832 3939 972 3995 conueniet
990 3940 1017 3993 P
1107 3940 1124 3992 6
1143 3939 1343 3995 nihilhominus

216 4023 242 4078 V
341 4026 487 4091 potueruut
515 4024 631 4080 G¹P²V:
666 4027 803 4094 potuerint
831 4025 906 4080 G²P¹
1017 4028 1034 4078 8
1060 4040 1120 4092 cap.
1148 4024 1289 4081 ccxcnr
1319 4027 1345 4081 P

211 4107 328 4164 CCXCV
347 4109 389 4163 Go
496 4110 513 4162 9
536 4112 706 4180 quingesima
730 4113 758 4166 P
865 4113 898 4166 12
922 4111 1071 4165 disnoscero
1095 4111 1123 4165 P
1229 4112 1265 4167 16
1283 4129 1345 4184 par-

211 4194 272 4263 tim]
292 4194 378 4262 patim
396 4195 424 4249 P
510 4198 542 4250 18
554 4214 585 4250 er
597 4200 656 4251 toto
668 4197 745 4252 corde
762 4198 801 4251 P:
831 4214 862 4251 er
879 4197 1065 4252 totocordect
1084 4198 1123 4261 Gi
1141 4211 1192 4250 om.
1211 4197 1281 4253 MV

213 4296 302 4350 anima
314 4299 374 4365 (om.
387 4301 425 4365 ct)
446 4298 483 4353 θ’
579 4301 613 4353 19
631 4300 730 4370 mcum]
749 4302 839 4354 mente
851 4282 921 4319 Μ’
931 4299 1055 4370 (diligere
1068 4298 1132 4356 aad.
1144 4316 1180 4354 m.
1193 4302 1226 4367 2)
1250 4302 1278 4358 G

209 4388 273 4451 post
294 4386 382 4437 mente
399 4385 517 4453 spatum
535 4402 655 4440 monum
677 4390 715 4440 10
732 4386 785 4440 titt.
803 4388 835 4440 ia
851 4387 898 4452 M,
921 4390 956 4440 17
973 4385 1032 4451 scre
1048 4386 1101 4441 titt.
1119 4388 1151 4439 tn
1175 4384 1209 4452 V,
1243 4390 1277 4443 tn
1294 4408 1348 4461 pecc

212 4470 322 4539 scripsit
338 4470 388 4525 V‘:
411 4486 442 4525 ex
454 4473 514 4524 tota
525 4472 627 4527 uirtute
713 4473 744 4526 21
765 4472 931 4541 septenarius
953 4472 989 4527 Vr
1015 4476 1083 4542 sapt
1100 4486 1231 4527 numerus
1251 4475 1282 4530 P
