2760 4814
208 371 372 439 Excerpta
389 387 425 425 ex
443 386 511 440 opp.
530 371 555 425 S.
574 370 762 441 Augustini
785 369 921 426 ccxml.
941 370 1042 427 CCXV.
1128 373 1192 441 691·

56 580 155 648 qnam
184 561 355 645 perniciose
386 565 523 628 tradere!
562 563 615 627 ille
637 566 743 627 autem
765 563 816 627 cui
844 563 942 628 tradit
971 565 1075 645 potest
1105 565 1191 631 salu·

56 665 157 732 briter
187 667 336 748 accipere,
371 666 397 729 si
429 667 494 749 ipse
523 683 583 730 non
610 668 772 748 separatus
797 667 940 749 accipiat,
970 666 1051 732 sicud
1080 670 1190 751 pleris-

56 788 118 852 que
151 770 273 845 accidit,
308 771 344 834 ut
376 769 528 835 catholico
561 769 664 834 animo
695 771 727 834 et
755 773 843 836 corde
878 773 917 835 ab
950 770 1073 837 unitate
1105 773 1191 855 pacis

55 892 120 938 non
150 874 284 939 alienato
315 874 421 956 aliqua
450 875 635 939 necessitate
664 874 774 938 mortis
805 874 967 958 urguentis
998 875 1029 939 in
1053 875 1189 959 aliquem

32 976 250 1043 shaereticum
280 977 434 1042 irruerent
464 980 496 1042 et
518 979 557 1043 ab
580 997 616 1043 eo
639 976 756 1042 Christi
785 977 979 1061 baptismum
1008 979 1075 1043 sinc
1105 980 1190 1044 illius

55 1081 262 1162 peruersitate
297 1081 492 1164 perciperent
526 1083 566 1164 et,
600 1080 668 1146 aine
701 1080 838 1146 defuncti
871 1081 939 1146 siue
970 1080 1105 1161 liberati,
1136 1103 1190 1148 ne·

57 1200 215 1265 quaquam
254 1185 334 1266 apud
372 1202 423 1249 eos
460 1186 658 1249 remanerent
696 1182 735 1250 ad
772 1202 847 1266 qnos
890 1200 1061 1265 numquam
1098 1186 1190 1250 corde

56 1287 258 1352 transierant.
307 1291 332 1352 si
367 1292 473 1353 autem
508 1289 602 1353 etiam
638 1289 705 1369 ipse
739 1290 900 1370 separatus
933 1286 1075 1370 accipiat,
1100 1291 1189 1354 tanto

56 1390 261 1472 perniciosius
305 1393 436 1476 accipit,
481 1394 596 1476 quanto
639 1393 740 1476 magis
776 1393 907 1457 bonum'
929 1395 975 1456 est
1012 1394 1092 1474 quod
1128 1410 1190 1457 non

20 1492 137 1562 abeno
170 1497 299 1579 accipit,
337 1499 369 1560 ct
405 1500 493 1561 tanto
531 1496 633 1581 magis
671 1496 758 1561 ualet
793 1495 833 1561 ad
866 1496 996 1560 exitium
1034 1501 1187 1580 separato,

57 1598 175 1678 quanto
205 1601 306 1682 magis
328 1604 432 1682 posset
455 1599 493 1664 ad
516 1601 651 1665 salutem
673 1599 777 1665 ualere
799 1599 970 1664 coniuncto.
1003 1600 1035 1664 et
1057 1598 1136 1677 ideo,
1160 1600 1190 1664 si

58 1699 98 1764 ab
138 1701 194 1766 illa
231 1704 437 1785 peruersitate
476 1707 631 1769 correctus
669 1705 701 1767 et
735 1722 753 1768 a
789 1704 984 1786 separatione
1021 1722 1189 1769 conuersus

56 1802 181 1868 uenerit
213 1805 253 1869 ad
283 1806 470 1872 catholicam
492 1824 611 1890 pacem,
647 1806 705 1871 sub
736 1805 843 1871 eodem
871 1805 1074 1889 baptismate,
1105 1806 1187 1888 quod

57 1913 231 1991 acceperat,
255 1910 322 1975 eius
341 1915 471 1991 peccata
485 1910 685 1976 dimittentur
706 1918 832 1993 propter
853 1910 1017 1975 uinculum
1035 1909 1188 1988 utitatis,

23 2011 115 2078 assub
138 2030 199 2093 quo
216 2014 405 2096 baptismate
419 2018 546 2098 peccata
561 2018 628 2080 eius
641 2012 830 2079 tenebantur
844 2018 972 2097 propter
986 2014 1187 2099 sacrilegium

57 2114 234 2195 diuisionis,
258 2117 431 2198 quiaillud
454 2121 486 2182 et
508 2118 540 2182 in
562 2117 686 2182 homine
708 2117 792 2180 iusto
814 2118 846 2180 et
867 2117 901 2182 in
923 2117 1048 2181 homine
1070 2118 1187 2182 iniusto

56 2235 180 2300 semper
214 2223 360 2285 sanctum
393 2224 452 2304 est,
482 2224 562 2303 quod
590 2239 689 2302 neque
720 2219 853 2285 alicuius
876 2218 1034 2302 nequitate
1055 2224 1188 2302 augetur

29 2388 32 2393 ,
58 2338 159 2402 neque
181 2321 314 2388 alicuius
337 2324 506 2406 iniquitate
529 2323 690 2389 minuitur.

101 2422 187 2503 Quae
221 2443 291 2489 cum
325 2427 372 2491 ita
401 2426 476 2502 sint,
510 2428 585 2509 quid
613 2426 687 2492 huic
718 2425 896 2509 perspicuae
927 2425 1055 2490 ueritati
1086 2424 1186 2503 offuit,

23 2526 140 2608 eoquod
172 2526 264 2592 multi
296 2528 470 2611 coepiscopi
492 2526 646 2612 Cypriano
675 2528 710 2592 in
736 2527 824 2592 illam
846 2527 1035 2594 sententiam
1058 2546 1187 2594 consen-

56 2633 166 2693 serunt
189 2647 320 2713 suasque
343 2631 376 2695 in
400 2631 485 2696 idam
508 2631 727 2696 conuenientes
748 2630 888 2712 proprias
903 2631 1101 2713 protulerint,
1125 2630 1187 2696 nisi

56 2733 94 2795 ut
116 2731 217 2816 magis
246 2735 408 2818 magisque
436 2733 522 2799 illius
553 2733 614 2798 uiri
645 2752 719 2817 erga
750 2734 906 2800 traintem
929 2732 1044 2800 Christi
1072 2733 1187 2800 caritas

57 2834 255 2902 innotescet?
288 2837 315 2901 si
350 2836 434 2901 enim
468 2838 552 2901 solus
585 2837 664 2903 ieta.
680 2837 820 2902 sentiens
854 2837 941 2902 nullo
975 2839 1186 2904 consentiente

57 2943 244 3015 remaneret,
278 2940 436 3004 uideretur
466 2941 631 3022 propterea
660 2939 841 3022 refriguisse
871 2939 910 3005 ab
940 2941 1058 3005 scelere
1084 2939 1187 3006 schis-

23 3042 166 3120 amatia
189 3042 263 3125 qnia
286 3043 383 3108 socios
408 3062 468 3108 non
492 3043 673 3107 inueniebat
694 3044 821 3120 erroris;
857 3045 922 3108 tam
946 3042 1055 3108 multis
1079 3044 1187 3107 autem

111 3332 123 3384 1
137 3330 282 3399 perniciose
294 3331 450 3386 AG¹MPV
470 3331 619 3400 perneciosae
630 3348 660 3386 o:
684 3348 710 3402 p.
723 3332 821 3387 habere
834 3339 890 3387 tam
902 3332 1048 3401 perniciose
1059 3331 1118 3386 aG’

55 3435 73 3487 3
96 3433 201 3489 accedit
224 3435 251 3488 P
351 3436 369 3490 4
392 3435 519 3506 alienato]
544 3436 713 3491 alimentoc
815 3436 954 3505 urguentis
972 3435 1047 3490 MV:
1075 3436 1187 3504 urgente

55 3557 83 3607 Δ
101 3527 225 3624 orientis
237 3558 266 3625 (n
277 3555 352 3622 aad..
371 3559 395 3611 is
407 3573 441 3612 ex
453 3573 481 3611 cs
489 3573 559 3613 corr.
568 3575 603 3613 m.
612 3561 642 3628 2)
656 3559 684 3613 P
699 3560 856 3628 argenteae
924 3558 941 3612 5
953 3556 1119 3612 irruerunto

54 3661 140 3731 illiue]
159 3660 245 3715 ullius
263 3661 291 3715 P
389 3661 494 3731 Vapud
512 3662 566 3733 eos]
584 3678 634 3718 oea
654 3663 693 3716 P¹
787 3662 936 3732 8accipiat
953 3660 991 3715 Μ
994 3661 1030 3716 V:
1056 3660 1188 3729 acceperit

53 3746 157 3803 Aah
241 3747 259 3800 9
276 3750 315 3810 <et
327 3747 370 3814 10)
388 3748 488 3817 accepit
505 3747 543 3803 1²¹
629 3752 731 3817 quanto
748 3746 986 3817 magis-accipit]
1004 3762 1055 3801 om.
1073 3746 1118 3799 Μι

56 3831 489 3933 1oexit'umrraaa.m.arn
590 3867 809 3938 reserares
911 3867 1120 3922 reseremus

55 3952 91 4006 14
117 3952 252 4021 acciperat
279 3953 317 4008 Μ
320 3953 347 4006 V
457 3954 491 4009 lo
517 3953 680 4023 baptismate
706 3959 732 4021 (e
757 3969 792 4008 ea
817 3955 840 4007 is
866 3955 948 4020 corr.)
975 3953 1004 4007 P
1113 3956 1187 4008 tene·

54 4035 160 4092 buntur
176 4038 214 4093 Μ
314 4039 348 4094 18
365 4040 503 4095 minuetur
519 4058 537 4095 o
633 4039 666 4094 19
684 4039 820 4109 perspicue
837 4039 915 4092 MVc
1013 4036 1091 4092 offuit
1109 4038 1187 4093 MV:

52 4121 145 4178 officit
165 4122 266 4179 AGPo
368 4125 400 4178 21
420 4141 560 4194 usumque
579 4125 618 4194 (in
636 4129 702 4191 rue.)
720 4125 749 4179 P
847 4123 882 4179 22
899 4124 994 4193 magis]
1012 4139 1062 4178 om.
1081 4124 1117 4177 Ρ·

54 4225 90 4281 23
114 4224 178 4295 ists]
202 4227 243 4281 ita
265 4226 301 4282 1³¹
405 4229 439 4283 24
462 4214 615 4296 scljismatis
639 4229 668 4297 (h
690 4228 741 4283 ded
760 4245 793 4283 m.
812 4231 839 4295 2)
862 4227 888 4280 V
915 4227 1050 4282 scismatis
1075 4227 1118 4283 Po

53 4310 90 4365 25
107 4309 196 4366 socius
213 4313 252 4366 P¹

1025 4415 1079 4470 44⁸
