2760 4814
125 313 172 380 94
603 308 785 379 [tugippii]

128 501 295 586 apposuit„
322 501 376 567 sed
399 519 456 567 nec
483 500 569 584 ipsae
598 497 730 582 pecudes
753 500 919 566 creatrices
942 498 1071 565 inerunt
1096 498 1224 565 uarietat

129 605 225 687 prolis
248 622 331 682 suae,
356 605 429 686 quia
450 602 628 669 inhaeserat
645 604 774 669 animae
796 603 924 669 illarum
941 601 1073 669 discolor
1094 601 1223 684 plenta

130 728 166 774 ex
189 707 331 774 contuitu
354 707 512 774 uariarum
534 706 695 790 uirgarum
718 724 772 789 per
788 705 893 771 oculos
915 704 1079 789 impressa,
1102 723 1181 787 qnae
1197 725 1223 770 nc

130 812 234 893 potuit
265 809 327 876 nisi
360 829 469 893 corpus
502 813 583 893 quod
616 811 662 875 sic
695 810 809 876 allecto
841 809 956 892 spiritu
988 807 1190 875 animabatur

129 913 345 995 compassione
372 913 601 979 commixtionis
632 912 766 993 allicere,
795 914 878 979 unde
908 912 1024 979 teneris
1047 911 1169 978 fetuum
1193 931 1222 995 pr

131 1016 258 1084 mordiis
279 1015 426 1082 discolore
445 1017 536 1082 tenus
552 1019 779 1102 aspergeretur.
803 1018 841 1082 ut
855 1016 939 1082 enim
955 1017 1001 1082 sic
1017 1035 1053 1082 ex
1068 1020 1167 1083 semet
1182 1016 1222 1100 ipe

129 1118 308 1185 afficiantur
336 1119 386 1186 uel
414 1120 520 1187 anima
543 1139 579 1186 ex
602 1138 726 1203 corpore
759 1120 812 1185 uel
845 1137 955 1204 corpus
978 1120 1152 1195 exanima
1186 1136 1221 1185 co

131 1223 278 1307 gruentee
301 1223 437 1289 rationes
459 1224 492 1289 id
515 1223 644 1305 iaciunt,
667 1242 747 1306 quae
769 1222 1069 1289 incommutabiliter
1091 1222 1207 1288 ιιιιιιιιιι

130 1325 199 1410 ipsa
220 1345 343 1393 summa
366 1325 415 1392 dei
437 1326 600 1410 sapientia,
624 1345 716 1409 quam
733 1327 820 1392 nulla
835 1327 939 1409 spatia
961 1327 1100 1392 locorum
1115 1326 1221 1409 oapiuu

128 1433 164 1495 et
185 1448 258 1496 cum
279 1431 323 1495 sit
343 1431 411 1512 ipsa
439 1429 716 1508 incommutabilis,
746 1430 826 1495 nihil
848 1447 1056 1512 eorumquae
1078 1429 1130 1495 nel
1152 1433 1221 1496 mul

131 1532 238 1601 biliter
258 1537 332 1599 sunt
355 1533 481 1610 deserit,
506 1532 577 1614 quia
601 1533 681 1598 nihil
703 1550 810 1598 eorum
833 1532 894 1598 nisi
917 1551 973 1614 per
994 1532 1094 1616 ipsam
1117 1536 1220 1599 creatu

130 1637 190 1701 est.
228 1636 265 1701 ut
287 1635 370 1700 enim
392 1638 430 1701 ‹le
452 1637 614 1718 pecoribus
635 1654 696 1700 non
712 1636 828 1718 uirgae,
852 1638 905 1702 sed
927 1654 1037 1720 pecora
1059 1636 1220 1702 nascerent

132 1737 286 1804 fecithoc
308 1737 576 1804 incommutabilis
599 1743 630 1804 et
653 1739 824 1807 inuisibilis
841 1741 922 1806 ratio
938 1739 1108 1822 sapientiae
1122 1739 1183 1817 dei,
1206 1759 1220 1823 p

129 1859 227 1924 quam
259 1846 362 1909 creata
394 1847 469 1907 sunt
501 1844 614 1907 omnia.
651 1845 688 1908 ut
716 1844 822 1908 autem
851 1846 889 1910 de
911 1843 1066 1909 uarietate
1099 1842 1219 1926 uirgato

130 1963 278 2028 pecorum
306 1947 389 2012 color
417 1947 636 2028 conceptorum
665 1946 784 2029 aliquid
813 1949 948 2025 duceret,
979 1946 1055 2013 fecit
1076 1945 1135 2012 hoe
1156 1947 1219 2012 anir

132 2048 282 2134 grauidae
302 2049 431 2134 pecudis
453 2069 509 2133 per
526 2050 631 2116 oculos
647 2050 759 2116 affecta
774 2049 944 2117 forinsecus
961 2054 992 2116 et
1008 2050 1140 2115 interius
1155 2067 1218 2115 secu

131 2170 188 2239 pro
211 2173 266 2220 suo
294 2154 420 2220 modulo
448 2155 603 2221 formandi
632 2156 773 2237 regulam
803 2155 940 2237 trahem,
971 2172 1065 2236 quam
1087 2154 1125 2218 de
1147 2153 1218 2219 iutir

130 2258 271 2340 potentia
298 2262 345 2324 sui
373 2258 521 2324 creatoris
551 2259 678 2341 accepit.
716 2259 771 2323 sed
803 2260 921 2342 quauta
944 2257 986 2323 sit
1009 2258 1056 2324 uis
1079 2258 1202 2324 animae

132 2360 328 2428 afficiendam
340 2366 434 2443 atque
447 2361 632 2428 mutandam
647 2361 813 2427 materiam
826 2360 1015 2445 corporalem
1025 2379 1141 2427 -onm
1157 2364 1217 2426 tau

130 2466 264 2531 creatrix
293 2468 428 2548 corporis
457 2465 518 2531 dici
541 2484 600 2531 non
624 2467 730 2550 possit,
757 2465 832 2549 quia
859 2466 962 2532 omnis
985 2484 1077 2532 causa
1099 2465 1217 2531 mutabi

133 2568 352 2651 sensibilisque
374 2568 571 2635 substantiae
593 2569 757 2652 omnisque
779 2570 890 2635 modus
913 2571 946 2634 et
967 2586 1118 2635 uumems
1133 2572 1167 2634 et
1188 2588 1216 2651 pe

131 2671 192 2736 dus
215 2672 292 2754 eine,
315 2672 397 2737 unde
420 2670 555 2737 eflicitur
577 2673 614 2737 ut
635 2675 668 2738 et
690 2673 732 2739 sit
748 2673 780 2738 et
802 2677 915 2739 natura
937 2673 982 2739 ita
1004 2672 1056 2737 uel
1079 2670 1125 2739 ita
1147 2670 1201 2751 sit,

134 2774 333 2858 intellegibili
370 2779 402 2840 et
437 2775 689 2843 incommutabili
727 2777 794 2843 uita
830 2793 909 2858 quae
945 2795 1036 2858 super
1074 2776 1181 2840 omnia

132 2878 241 2944 existit
262 2883 293 2944 et
316 2877 458 2964 peruenit
479 2897 577 2962 usqne
600 2880 640 2945 ad
663 2883 800 2946 extrema
820 2883 914 2963 atque
939 2884 1059 2945 terrena
1080 2913 1123 2926 -
1143 2878 1215 2943 mul

135 3001 236 3049 sermo
260 2983 307 3049 est
329 3002 429 3067 neque
457 3002 540 3049 nunc
567 2985 769 3050 necessarius.
802 3002 912 3050 uerum
946 2983 1112 3066 propterea
1144 2980 1215 3046 factu

135 3085 227 3152 Iacob
242 3085 286 3151 de·
295 3085 457 3168 pecoribus
474 3088 779 3153 commemorandum
795 3086 966 3152 arbitratus
981 3104 1062 3162 enm,
1086 3090 1122 3151 ut
1136 3083 1215 3151 intel

134 3192 269 3273 geretur,
300 3191 327 3256 si
350 3190 442 3257 homo
472 3191 526 3274 qui
549 3191 653 3274 uirgas
682 3190 755 3258 illas
776 3190 823 3255 sic
856 3192 958 3272 posuit
992 3189 1054 3254 dici
1076 3205 1137 3253 non
1160 3189 1214 3270 pot

132 3294 255 3360 creator
288 3295 428 3361 colorum
460 3295 493 3361 in
526 3295 615 3378 agnis
637 3299 669 3361 et
697 3295 730 3360 in
759 3293 879 3370 haedis,
914 3311 970 3358 neo
1006 3293 1090 3377 ipsae
1124 3295 1214 3358 matn

186 3635 326 3706 lpeoodes
344 3635 413 3690 Dc·
515 3635 616 3690 fuerint
635 3635 712 3690 G¹P¹
739 3635 846 3691 fueram
866 3635 903 3691 (ι’
1008 3634 1149 3689 uarietates
1166 3633 1196 3688 D

132 3721 362 3793 2pbantaseialtll
385 3722 413 3777 P
512 3722 643 3777 boculue
665 3721 707 3776 Β·
811 3723 958 3791 impxacssa
982 3721 1008 3775 Τ
1108 3720 1213 3790 quedl

132 3806 176 3865 Po
277 3808 410 3863 sanctu
430 3807 500 3863 erc
602 3811 647 3876 sps
669 3807 697 3862 P
795 3808 1002 3877 boonpassione
1020 3807 1046 3861 P
1072 3822 1126 3876 qua
1143 3808 1213 3876 passi

134 3895 180 3952 Ga
291 3894 493 3949 commixtiones
520 3893 560 3948 D¹
673 3894 798 3950 ndfioeret
825 3895 863 3950 G·
975 3893 1107 3949 Gcolore
1130 3892 1200 3948 Μ’

134 3981 340 4052 aspergeturT
442 3980 671 4049 loongrnentiae
695 3981 736 4035 D²
838 3979 993 4036 {trationis
1015 3978 1058 4033 D¹
1163 3979 1196 4033 10

133 4067 174 4124 1³¹
278 4067 311 4122 11
333 4069 393 4136 ipsu
418 4066 457 4121 P¹
561 4065 594 4120 12
614 4069 656 4120 est
673 4066 739 4122 cdd.
757 4067 877 4122 ηιιιπ
895 4067 922 4121 Ρ
1026 4064 1059 4122 14
1077 4080 1156 4135 quem
1175 4065 1201 4118 T

136 4152 371 4223 recreatorum
389 4153 460 4208 color
479 4152 505 4206 Τ
589 4152 655 4206 iacit
673 4152 714 4207 D²
811 4153 842 4207 16
860 4151 992 4222 grauodae
1009 4150 1051 4206 D¹
1148 4150 1212 4205 lae

133 4240 176 4309 pit
194 4239 233 4294 θ’
317 4241 360 4294 aia
377 4240 415 4294 sit
434 4240 460 4294 T
544 4239 575 4295 21
596 4238 795 4294 sumtantiaT
878 4239 913 4293 28
929 4237 1005 4293 hodie
1019 4237 1134 4303 (emin)
1156 4237 1199 4294 Ge
