2760 4814
156 306 221 374 294
639 304 806 375 Eugippii

156 513 253 562 uasa
284 495 384 570 irae,
418 513 516 578 quae
549 494 726 579 perfecta
755 499 848 559 sunt
877 497 914 559 in
936 494 1215 577 perditionem,
1249 496 1288 557 et

157 601 199 665 ut
220 600 334 665 notas
364 597 519 664 laceret
548 599 717 664 diuitias
745 597 903 682 gloriae
925 615 1019 663 snae
1042 597 1080 661 in
1103 615 1198 662 uasa
1220 597 1289 660 mi·

156 701 417 780 sericordiae‚
442 719 536 784 quae
559 703 816 784 praeparauit
837 703 876 766 in
899 700 1091 786 gloriam?
1120 702 1151 765 et
1175 703 1284 763 cetera.

156 808 240 872 certe
263 805 312 870 hic
335 805 421 869 nullo
443 805 534 870 modo
558 805 621 871 dici
643 809 745 888 potest
762 807 861 870 alium
875 807 967 871 deum
983 806 1128 885 assequi
1150 801 1286 868 ostendit

156 907 237 974 iram
259 911 292 973 et
314 908 509 974 demonstrat
538 909 711 992 potentiam
741 928 831 974 suam
862 908 894 974 in
917 909 1011 985 uasis,
1042 925 1120 989 quae
1151 905 1325 987 perfectae

155 1010 291 1076 suntad
319 1011 536 1095 perditionem,
568 1016 599 1076 et
623 1011 720 1077 alium
744 1011 797 1094 qui
821 1012 958 1077 ostendit
987 1009 1116 1076 diuitias
1143 1009 1176 1072 in
1201 1008 1286 1074 uasis

155 1113 394 1180 misericordiae.
434 1133 507 1180 nam
536 1133 633 1179 nuum
657 1117 848 1198 eundemque
871 1115 963 1179 deum
987 1113 1089 1179 facere
1112 1112 1287 1195 apostolica

155 1216 297 1283 doctrina
318 1217 461 1283 testatur.
492 1217 568 1282 hinc
589 1221 636 1282 est
659 1221 690 1283 et
713 1217 808 1283 illud:
832 1223 993 1303 propter
1015 1217 1087 1282 hoc
1109 1214 1285 1281 tradidit

154 1319 248 1385 illos
271 1320 365 1386 dens
388 1321 814 1405 inconcupiscentiam
845 1322 976 1387 cordis
1000 1339 1134 1387 eorum
1156 1319 1193 1384 in
1217 1319 1285 1384 im-

153 1423 364 1507 munditia,
395 1424 437 1489 ut
459 1424 713 1490 contumeliis
744 1424 939 1490 alliciant
969 1442 1132 1507 corpora
1154 1440 1223 1487 sna
1247 1423 1324 1486 inno

154 1527 275 1591 semet
304 1525 419 1610 ipsis3
455 1531 486 1592 et
508 1528 601 1609 paulo
625 1530 711 1610 post:
744 1530 955 1611 propterea
985 1527 1163 1593 tradidit
1186 1525 1284 1590 illos

153 1632 245 1695 deus
274 1632 315 1696 in
349 1630 551 1712 passiones
587 1630 851 1714 ignominiae;
890 1632 967 1695 item
997 1631 1091 1713 paulo
1120 1631 1207 1712 post:
1243 1631 1285 1693 et

154 1733 340 1814 quoniam
377 1751 453 1798 non
489 1732 761 1817 probauerunt
803 1733 914 1798 deum
958 1732 1105 1799 habere
1142 1733 1182 1797 iu
1220 1750 1283 1796 no-

153 1833 305 1920 titiam,
340 1833 514 1900 tradidit
547 1835 649 1901 illos
683 1835 776 1901 deus
810 1836 848 1902 in
881 1838 1087 1918 reprobum
1118 1854 1282 1900 sensum.

152 1956 221 2004 ecce
245 1939 396 2021 quomodo
421 1957 511 2004 uerus
528 1939 603 2006 deus
619 1943 650 2005 et
677 1938 777 2005 iustus
805 1942 947 2005 excaecat
963 1944 1082 2005 mentes
1097 1937 1281 2004 infidelium.
1296 1956 1324 1996 ra

152 2060 252 2124 neque
283 2043 366 2107 enim
389 2062 537 2126 umquam
559 2043 591 2108 in
614 2044 662 2108 his
690 2042 823 2126 apostoli
847 2043 960 2119 uerbis,
992 2060 1069 2124 quae
1093 2058 1283 2107 commemo-

152 2144 230 2224 raui,
265 2145 344 2213 alins
378 2147 452 2212 deus
485 2145 662 2212 intellectus
692 2148 739 2212 est
767 2164 861 2228 quam
893 2145 946 2210 ille
981 2144 1034 2229 qui
1063 2144 1163 2212 filium
1190 2162 1283 2208 suurn

152 2247 239 2314 misit
268 2247 438 2315 dicentem:
468 2251 508 2314 in
538 2248 734 2314 iudicium
764 2249 857 2314 ueni
887 2249 926 2312 in
956 2248 1055 2313 hunc
1078 2247 1283 2321 mundum,

150 2352 195 2416 ut
233 2351 298 2434 qui
334 2370 410 2417 non
448 2351 592 2418 uident
629 2352 794 2417 uideant
828 2355 867 2417 et
900 2351 966 2433 qui
1000 2350 1142 2417 uident
1176 2352 1283 2415 caeci

150 2454 265 2520 fiant.
301 2475 374 2520 nam
397 2456 430 2520 et
453 2455 504 2519 hic
525 2454 601 2519 satis
619 2458 748 2539 apparet
771 2454 928 2520 mentibus
952 2453 1102 2531 fidelium,
1127 2452 1320 2535 quomodoao

150 2560 226 2624 deus
248 2560 391 2624 excaecet
412 2561 532 2624 mentes
555 2556 740 2626 infidelium.
764 2557 921 2641 praecedit
937 2558 1020 2623 enim
1036 2557 1154 2640 aliquid
1175 2559 1281 2623 occul·

150 2663 219 2725 tum
253 2659 286 2726 in
319 2661 457 2739 occultis,
492 2659 545 2726 ubi
575 2663 649 2725 deus
680 2662 753 2744 agat
783 2661 992 2727 iustissimum
1016 2678 1143 2726 eramen
1171 2660 1281 2726 iudicii

150 2763 209 2843 sui,
240 2767 275 2828 ut
297 2763 491 2847 quorundam
525 2764 646 2830 mentes
681 2768 889 2846 excaecentur,
925 2764 1116 2847 quorundam
1151 2765 1281 2829 inlumi-

150 2870 273 2933 nentnr.
315 2869 365 2933 cui
399 2869 559 2932 uerissime
595 2867 799 2933 dictumest:
833 2866 984 2933 indicia
1015 2871 1085 2932 tua
1111 2867 1281 2952 abyssus

149 2970 283 3037 multa.
321 2969 407 3035 cuius
436 2969 659 3053 profunditatis
688 2969 963 3053 impenetrabilem
986 2969 1183 3036 altitudinem
1207 2988 1320 3054 apo-aa

150 3071 250 3139 stolus
272 3074 446 3140 admiratus
469 3074 637 3141 exclamat:
668 3092 685 3139 o
707 3075 883 3141 altitudo
914 3074 1154 3140 dinitiarum
1178 3075 1282 3156 sapi-

149 3177 285 3242 entiae
307 3178 345 3243 et
375 3178 577 3244 scientiae
607 3177 688 3263 dei3
726 3197 837 3260 qnam
870 3177 1160 3243 inscrutabilia
1189 3181 1282 3242 sunt

149 3278 305 3345 iudicia
334 3282 415 3346 eius
442 3282 474 3346 et
497 3283 609 3347 cetera.
646 3300 702 3348 uos
734 3282 839 3348 autem
871 3300 933 3347 non
965 3281 1079 3347 ualetis
1110 3280 1283 3346 discernere

249 3510 368 3564 8Rom.
393 3512 417 3578 1,
434 3511 477 3592 ²4:
500 3511 542 3566 26.
565 3510 600 3566 28
703 3512 735 3566 18
763 3511 801 3566 lo.
825 3512 849 3577 9,
872 3510 906 3567 39
1009 3510 1044 3565 24
1070 3512 1112 3566 Pa.
1136 3512 1212 3578 35,7

148 3596 183 3651 26
201 3596 278 3652 Rom
297 3596 338 3662 11,
356 3597 390 3652 ³3

201 3807 310 3863 tnesis
328 3808 441 3874 D¹PTo
489 3813 493 3824 ‘
537 3809 617 3864 thie
634 3825 685 3867 om.
703 3810 789 3866 DP¹o
892 3809 1053 3881 dortcndit]
1073 3809 1131 3865 odit
1149 3809 1215 3864 MV

150 3893 279 3964 discere]
298 3893 382 3950 facere
399 3897 542 3965 utrumque
559 3895 657 3952 DPTo
753 3896 873 3952 Stradit
891 3897 928 3951 P¹
1020 3897 1284 3966 decucnpieeentiaa

148 3978 248 4035 DPTo
344 3981 544 4036 immunditiam
562 3982 662 4038 DPTo
762 3983 797 4038 10
814 3983 980 4039 contumiliia
998 3983 1027 4037 D
1130 3982 1163 4038 13
1181 3982 1283 4037 notitia

147 4064 223 4121 DPo
327 4068 359 4122 16
382 4069 601 4124 commemorauit
623 4069 719 4125 D¹P¹o
822 4070 855 4124 18
879 4068 1007 4124 indicium
1031 4072 1091 4137 (om.
1110 4068 1150 4136 in)
1175 4068 1213 4123 Ρι

146 4151 622 4211 alumnumalumnum
706 4157 741 4211 23
759 4159 966 4212 excaecantnro
1057 4155 1090 4210 24
1107 4153 1207 4225 abycna
1225 4155 1286 4210 ΒΤ

146 4237 311 4309 habyasnao
401 4241 436 4295 28
454 4241 561 4312 ualetie]
581 4242 701 4298 ualentes
718 4242 803 4298 D¹Po
890 4242 1048 4311 discerncre]
1067 4241 1215 4296 diaecrcT
