2760 4814
234 323 399 393 Exserpta
416 339 452 379 en
469 338 540 394 opp.
559 323 585 379 8.
604 325 793 395 Augustini
816 324 924 382 CXLII.
942 326 1066 384 CXLIII.
1150 327 1215 398 515

87 531 160 580 sura
183 530 244 580 nen
274 513 442 596 spernitur.
479 530 587 578 uerum
617 514 680 579 ista
708 514 863 595 liberatio,
894 534 975 599 quae
999 516 1037 582 tit
1058 517 1126 584 siue
1147 517 1214 583 suis

85 616 259 700 quibusque
281 616 475 683 erationibus
497 617 564 682 siue
586 617 853 684 intercedentibus
874 620 1000 703 sanetis,
1022 620 1055 687 id
1078 623 1154 707 agit,
1177 622 1216 687 ut

83 720 117 787 in
139 721 246 805 ignem
268 722 400 804 quisque
423 739 484 787 non
507 722 656 787 mittatur
677 726 850 798 aeternnm,
873 740 933 788 non
956 724 1002 802 ut,
1025 741 1097 790 eum
1120 723 1215 789 fuerit

82 826 208 899 missus,
238 825 310 908 post
338 824 625 907 quantumcumque
654 823 779 906 tempus
808 823 880 889 inde
910 829 1047 891 eruatur.
1085 844 1158 892 nam
1182 828 1215 891 et

61 927 131 993 silli
167 929 221 1011 qui
254 930 368 1011 putant
400 929 446 993 sie
478 926 725 1010 intellegendum
759 944 826 992 esse
856 929 936 1011 qued
966 930 1118 1011 seriptum
1154 934 1213 1009 est,

82 1031 192 1096 afferre
214 1035 329 1097 terram
353 1032 466 1097 bonam
487 1028 616 1095 uberem
639 1031 789 1109 frustum,
812 1030 907 1096 aliam
930 1032 1093 1111 tricenum,
1117 1031 1213 1098 aliam

82 1151 282 1218 sexagenum,
305 1133 402 1200 aliam
424 1137 599 1209 seniensis,
622 1134 660 1198 ut
681 1133 784 1199 saneti
806 1152 861 1216 pre
880 1152 1006 1200 suerum
1028 1132 1213 1201 diuersitate

80 1237 268 1304 meriturum
298 1236 352 1303 alii
382 1241 517 1304 trisenes
540 1235 681 1302 hemines
707 1235 854 1316 liberent,
878 1237 933 1303 alii
955 1255 1132 1323 sexagenos,
1156 1237 1213 1302 alii

83 1343 243 1420 sentenos,
265 1342 323 1407 bes
345 1343 378 1407 in
394 1341 443 1406 die
465 1341 573 1406 iudicii
596 1341 739 1406 futurum
754 1339 906 1424 suspicari
921 1340 1033 1424 solent,
1057 1358 1118 1406 nen
1141 1341 1214 1424 post

44 1442 245 1513 noiudiaium.
274 1463 336 1528 qua
356 1445 499 1528 spinione
522 1445 651 1527 quidam
673 1462 744 1510 eum
766 1445 890 1511 uideret
910 1445 1053 1511 hemines
1075 1446 1213 1529 impuni-

81 1549 184 1612 tatem
206 1545 269 1612 sibi
291 1549 526 1631 peruersissime
548 1547 743 1631 pollieeutee,
766 1567 802 1614 ee
818 1547 899 1632 qued
914 1567 1022 1615 omnes
1043 1548 1104 1613 isto
1121 1549 1213 1614 modo

81 1653 122 1716 ad
152 1649 368 1716 liberationem
399 1651 555 1734 pertinere
580 1669 669 1735 pesse
698 1650 874 1724 uideantur.
906 1651 1140 1736 elegentissime
1163 1669 1212 1716 re-

81 1756 242 1837 spondisse
264 1755 454 1839 perhibetur,
477 1755 554 1821 bene
576 1754 681 1838 potius
703 1772 769 1819 esse
790 1754 972 1835 uiuendum,
996 1757 1032 1820 ut
1054 1756 1138 1821 inter
1160 1771 1212 1818 ees

82 1857 215 1941 quisque
247 1859 420 1942 reperiatur
449 1859 503 1942 qui
524 1876 579 1942 pre
603 1858 674 1924 aliis
704 1859 905 1924 intereessuri
927 1861 1003 1923 sunt
1031 1858 1211 1939 liberandis,

45 1981 123 2026 mue
152 1966 219 2027 tam
248 1964 338 2045 pensi
369 1964 443 2039 sint,
474 1965 511 2026 ut
533 1961 596 2026 site
617 1964 656 2027 ad
679 1979 845 2025 numerum
868 1979 961 2026 suum
983 1961 1035 2026 uel
1056 1961 1213 2027 trisenum

81 2064 135 2130 uel
165 2082 353 2147 sexagenum
382 2065 435 2130 uel
465 2069 631 2131 sentenum
664 2082 846 2148 unoquoque
875 2081 982 2130 eemm
1011 2066 1212 2149 perueniante

82 2168 177 2234 multi
198 2172 389 2246 remaneant,
413 2168 467 2250 qui
484 2169 552 2233 erui
574 2168 637 2233 iam
654 2168 692 2233 de
713 2168 820 2250 pesnis
842 2166 969 2233 illerum
991 2168 1213 2265 intereessione

82 2289 146 2337 nen
175 2272 295 2354 possint
325 2275 356 2336 et
384 2271 419 2338 in
449 2271 493 2336 eis
522 2271 703 2336 inuenietur
731 2270 873 2353 quisquis
894 2269 956 2335 sibi
979 2287 1068 2352 spem
1090 2270 1212 2337 fruetus

82 2373 180 2441 alieni
203 2372 383 2440 temeritate
404 2373 578 2439 sanissima
598 2373 775 2458 pollicetur.

44 2710 73 2750 ι»
566 2663 724 2748 GXLIH.

80 2858 128 2906 EX
159 2856 263 2906 mtto
294 2856 340 2905 DE
370 2854 532 2905 CIVITATE
554 2856 614 2903 DEI
636 2855 722 2903 xxn.
759 2855 806 2903 Dm
827 2853 988 2905 summu
1011 2854 1071 2903 mul
1092 2855 1136 2903 BT
1158 2856 1212 2905 m·

409 2958 646 3008 comnvunnm
671 2957 888 3007 VOLVN'TA'I'E.

124 3096 231 3166 Multa
261 3097 342 3163 liunt
375 3095 542 3179 quideme
575 3094 667 3159 malis
701 3096 809 3160 eontra
836 3095 1034 3161 uoluntatem
1056 3094 1121 3173 dei,
1156 3094 1211 3162 sed
1224 3088 1287 3157 159

82 3205 191 3269 tantae
213 3200 262 3267 est
287 3201 342 3266 ills
364 3199 537 3282 sapientiae
559 3203 727 3281 tantaeque
749 3198 888 3276 uirtutis,
919 3202 956 3266 ut
977 3197 1012 3263 iu
1035 3215 1085 3263 ees
1109 3198 1212 3264 exitus

46 3306 152 3371 sssiue
173 3303 260 3378 fines,
282 3321 359 3387 ques
381 3301 477 3368 bones
497 3307 530 3366 et
551 3302 651 3366 iustos
670 3303 734 3384 ipse
749 3301 927 3387 praessiuit,
949 3301 1081 3367 tendant
1095 3302 1213 3380 emnia,

187 3526 204 3581 6
222 3525 254 3580 ei
273 3524 372 3579 naath.
392 3525 434 3590 13,
452 3524 470 3578 8

137 3733 230 3787 lista
254 3730 317 3787 TV:
345 3747 435 3786 erne
536 3729 636 3799 tagit
657 3728 710 3784 Vs:
738 3729 881 3799 agiturT
982 3730 1084 3787 4inrle
1104 3733 1213 3800 tamum

85 3819 126 3875 Te
223 3824 334 3872 eruatur
354 3816 417 3872 TV:
444 3819 598 3870 serueturv
693 3815 770 3870 billi
796 3815 846 3869 Va:
873 3815 988 3871 illndT
1082 3815 1212 3871 Gafferre

86 3905 142 3962 Vn:
169 3905 274 3961 antem
293 3903 321 3960 T
415 3903 497 3957 eliam
514 3901 861 3999 trisonem-sexagenum]
881 3902 917 3956 T'
933 3903 1033 3956 ieras.
1129 3901 1211 3957 aliam

81 4024 116 4062 a:
132 4004 264 4063 allalabri
348 4004 458 4060 'taliam
471 4019 500 4058 er
518 4003 572 4058 alia
589 4003 642 4059 TV
723 4003 742 4059 8
759 4005 896 4074 eengines
908 4005 934 4072 (e
945 4003 1010 4059 aad.
1022 4020 1057 4058 m.
1069 4007 1101 4072 2)
1117 4003 1144 4059 V

81 4092 161 4149 9dle
176 4109 207 4148 ea
233 4091 303 4147 (lim
323 4091 376 4148 TV
478 4091 512 4146 12
535 4091 730 4161 eligantissime
755 4089 780 4145 V
880 4089 1145 4161 1aben01benor

84 4181 118 4235 14
129 4174 335 4250 repperiatuaV
424 4178 460 4233 20
475 4192 536 4246 sap.
549 4175 647 4235 cur*
668 4174 799 4237 ctvmt
811 4177 839 4233 P
859 4175 929 4232 CLX
942 4175 986 4233 Ge
1076 4176 1109 4232 al
1128 4175 1210 4251 libro]

81 4264 174 4321 eodem
190 4265 259 4321 libre
278 4264 305 4320 T
405 4264 438 4320 25
456 4263 551 4318 tinisa

1053 4364 1107 4419 33,
