2760 4814
269 335 437 404 uxoerpta
454 351 489 390 er
506 351 576 405 opp.
594 335 620 389 S.
638 335 827 405 Augustini
848 333 1030 392 ccxuvnn.
1048 334 1122 391 CCL.
1195 339 1259 406 815

134 526 199 607 est,
236 526 329 608 prout
372 525 501 608 quisque
538 525 598 591 tibi
634 527 847 609 temporaliter
881 527 1057 614 colligatius
1093 526 1259 593 adhaerere

132 628 279 710 potuerit

179 729 325 795 Omnium
343 730 457 809 autem,
484 729 538 812 qui
560 729 722 796 nobiseum
744 730 807 796 frui
828 732 959 814 possunt
981 732 1047 815 deo,
1069 735 1184 816 partim
1207 750 1258 798 eos

133 832 297 917 diligimus
326 851 402 915 quos
433 833 494 915 ipsi
523 833 718 910 adiuuemus,
749 835 864 916 partim
887 834 1038 918 aquibus
1062 835 1258 911 adiuuemur

108 936 249 1019 spartim
287 954 418 1018 quorum
452 939 484 1002 et
516 937 693 1021 indigemus
725 937 878 1003 adiutorio
908 940 939 1013 et
968 937 1160 1020 indigentiae
1186 939 1259 1005 sub·

134 1041 288 1122 uenimus,
319 1042 436 1123 partim
459 1041 571 1122 quibus
594 1059 652 1105 nee
673 1041 733 1124 ipsi
756 1041 940 1107 conferimus
964 1040 1084 1122 aliquid
1105 1041 1259 1108 commodi

133 1161 194 1208 neo
215 1144 253 1208 ab
276 1144 319 1208 eis
342 1146 379 1209 ut
400 1142 489 1209 nobis
512 1143 687 1210 conferatur
709 1146 912 1210 attendimus.
941 1143 1023 1210 uelle
1045 1147 1150 1209 tamen
1165 1143 1258 1210 debe-

133 1265 217 1327 mus,
248 1250 284 1312 ut
313 1264 417 1312 omnes
446 1247 607 1312 nobiseum
633 1247 768 1332 diligant
788 1251 891 1331 deum,
914 1251 946 1313 et
968 1249 1080 1326 totum,
1103 1245 1184 1329 quod
1208 1266 1259 1312 eos

134 1349 188 1415 uel
218 1350 403 1415 adiuuemus
433 1350 484 1415 uel
513 1350 699 1416 adiuuemur
728 1350 767 1417 ab
792 1350 848 1435 eis,
870 1351 910 1417 ad
931 1370 1032 1425 unum
1051 1350 1144 1416 illum
1166 1349 1260 1415 finem

94 1480 125 1521 10
135 1450 332 1519 referendum
354 1454 411 1518 est.

650 1707 743 1793 ool.

135 1901 185 1949 Du
218 1898 394 1948 PRINCIPIO
427 1899 560 1946 sdauvm
593 1897 777 1946 SECVNDVM
809 1897 1026 1947 SALOMONEM.
1064 1898 1111 1946 EX
1144 1897 1262 1946 EODEM

579 2000 683 2049 LIBRO
705 2000 822 2050 PRIMO.

182 2137 260 2205 Cum
282 2139 406 2205 homine
421 2140 455 2205 in
470 2140 526 2205 deo
543 2140 664 2218 frueris,
687 2141 743 2205 deo
758 2138 861 2223 potius
877 2157 972 2222 quam
985 2139 1111 2206 homine
1134 2139 1261 2217 frueris;
1272 2151 1335 2218 274

100 2243 196 2309 reillo
218 2244 300 2308 enim
322 2242 434 2308 frueris
458 2262 517 2325 quo
540 2242 671 2307 eifioeris
692 2241 814 2325 beatus,
837 2243 869 2307 et
889 2242 929 2308 ad
951 2262 1022 2308 eum
1038 2245 1070 2308 te
1083 2243 1262 2327 peruenisse

137 2345 317 2425 laetaberis,
341 2345 374 2410 in
398 2364 457 2428 quo
479 2365 566 2431 spem
587 2345 686 2431 ponis,
710 2347 745 2410 ut
768 2348 882 2413 uenias.
912 2347 984 2413 inde
1005 2346 1044 2411 ad
1071 2345 1263 2412 Filemonem

140 2447 276 2513 Paulus:
309 2449 380 2526 ita,
410 2448 553 2527 frater,
581 2448 693 2534 inquit,
728 2469 797 2534 ego
823 2451 862 2515 te
889 2449 1000 2515 fruar
1027 2452 1067 2515 in
1100 2453 1264 2517 domino.

140 2553 224 2636 qnod
236 2551 264 2615 si
275 2570 336 2617 non
349 2552 534 2619 addidisset:
546 2553 587 2619 in
602 2554 757 2621 domiuo
771 2555 803 2619 et
817 2552 976 2620 defruar
991 2554 1117 2620 tantum
1127 2554 1263 2630 dixisset,

140 2658 173 2722 in
196 2675 232 2721 eo
254 2656 466 2722 constituisset
493 2675 580 2739 spem
603 2657 806 2723 beatitudinis
829 2675 912 2723 suae.
956 2675 1145 2742 quemquam
1167 2656 1265 2723 etium

105 2760 333 2827 eouioinissime
361 2760 478 2827 dieitur
503 2761 567 2827 frui
595 2780 667 2827 oum
694 2761 860 2827 dileetione
881 2763 938 2827 uti.
974 2780 1046 2826 eum
1067 2763 1150 2826 enim
1178 2761 1267 2826 adest

142 2864 225 2947 qnod
248 2864 401 2949 diligitur,
432 2865 526 2930 etiam
549 2863 789 2930 delectationem
817 2881 924 2929 seeum
946 2881 1069 2929 neeesse
1090 2866 1138 2929 est
1164 2867 1264 2948 gerat,

141 2985 197 3051 per
219 2984 312 3049 quam
335 2968 363 3032 si
384 2967 545 3033 transieris
570 2985 698 3050 eamque
720 2967 759 3032 ad
783 2967 861 3033 illud
884 2967 939 3032 ubi
956 2966 1200 3049 permanendum
1216 2970 1265 3033 est

141 3069 315 3148 rettuleris,
343 3071 442 3135 uteris
471 3089 507 3135 es
529 3073 559 3135 et
589 3069 733 3149 ebusina,
763 3088 825 3137 uon
854 3069 975 3153 proprie
996 3070 1108 3136 diesris
1132 3069 1202 3137 irui.
1238 3070 1266 3135 si

142 3190 218 3237 uero
241 3172 411 3239 inhaeseris
428 3177 520 3256 atque
536 3174 754 3254 permanseris,
776 3173 870 3238 finem
890 3174 924 3238 in
940 3191 975 3238 ea
989 3190 1105 3257 ponens
1128 3173 1266 3239 laetitiae

107 3279 226 3354 uiuae,
249 3279 324 3342 tune
346 3294 418 3340 uere
442 3278 473 3340 et
494 3276 617 3360 proprie
639 3275 701 3342 frui
723 3275 872 3343 dicendus
893 3294 942 3341 es:
966 3276 1046 3359 quod
1067 3294 1126 3342 uon
1150 3277 1266 3343 iacien-

144 3378 220 3443 dum
250 3380 297 3444 est
331 3378 391 3445 nisi
420 3378 717 3458 indiuiduitate,
746 3380 853 3445 idest
881 3397 1002 3446 summo
1030 3381 1061 3444 et
1094 3379 1267 3446 ineommu·

143 3481 234 3548 tabili
255 3482 341 3546 nono,

247 3669 278 3724 17
296 3668 409 3725 Philum
427 3670 463 3724 20

193 3839 360 3909 3posnnto
458 3840 507 3896 deo
529 3841 611 3896 01²0:
641 3840 765 3896 doumV
866 3840 1058 3896 dadiuuumus
1078 3841 1161 3896 GPe:
1191 3840 1266 3895 adiu-

143 3941 240 3981 uamnr
264 3925 290 3979 V
390 3927 491 3997 partim
518 3926 555 3980 V:
590 3928 689 3996 partim
712 3942 755 3982 eos
778 3926 847 3984 GPo
954 3927 972 3983 5
998 3942 1108 3998 quorum
1132 3929 1160 3982 et
1183 3927 1266 3983 GPo:

143 4013 294 4079 etquormn
310 4012 336 4066 V
418 4012 564 4083 indigimus
578 4014 615 4069 6¹
701 4013 807 4083 tuelle]
820 4012 884 4070 uelli
899 4012 953 4069 G¹e
1044 4014 1075 4067 11
1088 4029 1148 4082 cop.
1161 4012 1267 4070 cun..

143 4096 348 4165 (XetVIrue.)
361 4097 388 4153 V
411 4097 562 4154 courum
575 4099 603 4154 P
627 4097 756 4155 ccum
769 4098 812 4155 (io
893 4098 925 4154 16
938 4098 1114 4169 philemonem
1129 4098 1198 4154 GPo

144 4182 177 4238 l‘l
194 4183 289 4253 psalm
306 4187 437 4250 (saeuas
454 4201 525 4241 corr.
538 4187 650 4253 m.2)o
736 4185 770 4241 18
786 4187 893 4240 tantm
910 4187 1017 4240 fruere
1102 4186 1133 4240 21
1154 4186 1269 4240 delecta·

143 4267 254 4338 tionem}
273 4268 442 4326 dilectionem
464 4270 517 4326 G²o
618 4270 653 4326 23
670 4270 794 4326 retuleris
816 4270 858 4327 Ge
