2760 4814
211 339 274 405 856
692 329 856 398 uugrpprr

212 523 424 590 beneficientia
451 519 638 585 nominatur.
671 522 703 582 et
733 518 784 582 hic
810 516 963 600 praecedit
986 515 1121 595 utilitas,
1152 516 1232 598 quia
1253 531 1338 580 neno

211 631 314 711 potest
345 644 381 690 ex
408 641 444 690 eo
472 624 554 706 quod
582 641 643 687 neu
668 622 761 688 habet
783 620 926 702 prodesse
949 619 1050 684 alteri.
1094 625 1215 702 quanto
1235 624 1337 685 autum

212 731 312 814 magis
339 746 471 812 regnum
499 725 681 809 cupiditatis
710 725 891 801 destruitur,
919 727 1008 788 tanto
1030 723 1174 789 ctdtatir
1196 728 1336 807 angatur.

255 848 412 932 Quidquid
440 866 512 933 ergo
540 866 684 930 asperum
707 848 737 910 et
761 845 849 927 quasi
874 860 1003 909 saeuum
1025 842 1111 909 factu
1131 842 1336 926 dictuquoin

212 952 331 1020 sanetis
360 952 521 1037 seripturis
547 952 666 1034 legitur
694 968 729 1014 er
759 966 890 1030 persona
921 949 969 1014 dei
989 948 1042 1011 uel
1062 950 1251 1012 sanatorum
1265 947 1362 1023 eiras

212 1059 250 1122 ad
279 1057 462 1139 cupiditatis
488 1072 620 1139 regnum
648 1050 870 1118 destruendum
898 1050 993 1116 ualet.
1022 1049 1155 1133 quodsi
1178 1050 1337 1133 perspicue

211 1163 311 1243 sonat,
333 1179 395 1226 non
418 1164 466 1226 est
488 1160 527 1224 ad
549 1156 636 1224 aliud
659 1156 864 1234 referendum,
888 1156 977 1239 quasi
992 1154 1128 1239 figurate
1145 1152 1273 1220 dictum
1288 1154 1334 1218 sit

212 1263 306 1329 sicuti
321 1269 369 1328 est
386 1263 534 1346 apostoli:
557 1261 807 1328 thasaurizas
828 1260 914 1325 tibi
935 1258 1032 1324 iram
1054 1259 1094 1322 in
1112 1256 1176 1323 die
1196 1256 1284 1322 irae
1302 1261 1337 1321 et

212 1368 479 1433 reuelationis
506 1364 609 1431 iusti
642 1364 781 1431 iudicii
812 1364 889 1447 dei,
920 1362 987 1444 qui
1014 1360 1158 1426 reddet
1186 1358 1336 1426 unicui·

213 1486 283 1553 qua
304 1471 514 1535 seeundum
537 1487 655 1553 opera
676 1488 758 1534 sua:
781 1468 841 1531 his
864 1464 1019 1549 quidem
1042 1464 1362 1548 qniscoundumo

212 1572 500 1637 sustinentiam
529 1571 621 1637 boui
650 1566 784 1653 oparls
818 1566 987 1652 gloriam
1017 1572 1054 1634 et
1084 1568 1278 1633 honorem
1303 1570 1335 1633 et

213 1674 552 1758 incorruptionem
581 1673 866 1758 quaerentibus
887 1673 1010 1738 uitam
1037 1673 1256 1749 aeternam3
1282 1668 1335 1736 his

212 1783 341 1843 autem
376 1782 438 1860 qui
469 1796 510 1842 er
540 1777 797 1843 contentione
827 1781 918 1842 sunt
948 1779 987 1841 et
1015 1774 1218 1841 diffidunt
1242 1774 1334 1840 ueri-

212 1882 303 1957 tati,
334 1883 500 1947 creduut
531 1886 661 1947 eutem
690 1882 920 1964 iniquitati,
950 1880 1011 1944 ira
1032 1885 1069 1944 et
1101 1877 1334 1963 indignatio.

212 1982 432 2050 tribulatio
456 1991 492 2050 et
515 1987 704 2070 augustia
728 1988 767 2052 iu
790 2000 938 2050 omnem
967 1984 1140 2049 animam
1170 1982 1363 2049 hominisa

213 2089 413 2170 operantis
436 2091 593 2169 malum,
617 2091 753 2155 Iudaei
775 2088 941 2172 primum
964 2094 1001 2154 et
1017 2086 1169 2157 Gracci.
1204 2087 1261 2151 sad
1283 2082 1334 2150 noe

212 2190 252 2255 ad
274 2208 333 2270 ecs,
365 2211 435 2257 euru
458 2192 569 2276 quibus
591 2193 744 2259 euertitur
766 2194 833 2276 ipsa
854 2190 1018 2273 cupiditas,
1047 2194 1100 2273 qui
1123 2206 1195 2255 eam
1216 2188 1333 2256 uincere

212 2290 386 2359 noluerunt.
425 2314 496 2360 eum
525 2296 630 2361 autem
659 2296 692 2360 iu
716 2290 851 2379 homine,
882 2295 934 2360 cui
962 2293 1214 2373 dominabantur,
1245 2308 1334 2375 regua

213 2396 394 2479 cupiditatis
416 2397 649 2474 subuertuntur,
673 2398 730 2463 illa
750 2402 797 2463 est
827 2403 933 2480 aperta
962 2397 1093 2463 locutio:
1121 2397 1188 2481 qui
1209 2400 1333 2462 autern

213 2498 302 2563 Iesu
322 2497 477 2565 Christi
499 2506 607 2586 sunt,
630 2518 785 2567 carnem
810 2519 917 2566 suam
940 2501 1234 2566 crucifixerunt
1258 2514 1358 2567 cunt·

211 2600 471 2684 passionibus
493 2607 529 2668 at
552 2603 909 2687 concupiscentiis,
937 2604 999 2669 nisi
1021 2604 1093 2686 quia
1115 2608 1145 2669 et
1171 2605 1223 2671 hic
1244 2622 1331 2688 quse·

212 2705 284 2769 dam
306 2704 403 2770 uerba
423 2708 578 2774 translata
600 2712 785 2785 tractantur,
808 2709 903 2774 sicuti
925 2713 971 2774 est
993 2709 1053 2772 ira
1074 2709 1138 2773 dei
1161 2713 1193 2774 et
1216 2704 1330 2774 cruci·

213 2807 408 2893 fixerunt3
443 2811 497 2875 sad
519 2828 580 2876 non
602 2816 668 2876 tam
689 2812 792 2877 multa
814 2816 887 2877 suut
910 2812 960 2876 nel
984 2812 1028 2875 ita
1049 2812 1162 2894 posita,
1191 2816 1226 2877 ut
1249 2809 1328 2875 obte-

211 2915 288 2994 gant
311 2930 434 2978 sensum
456 2916 487 2978 et
510 2913 689 2998 allegoriam
713 2914 764 2979 uel
785 2917 928 2999 aenigma
950 2912 1076 2990 faciant,
1100 2910 1327 2998 quamproprie

211 3012 379 3098 figuratam
409 3017 596 3082 locutionem
627 3034 713 3083 uoco.
754 3021 834 3100 quod
864 3021 970 3083 autem
999 3016 1178 3083 Hieremiae
1207 3017 1347 3083 dotare

212 3134 299 3183 ecce
329 3120 524 3185 constitui
549 3125 588 3186 te
608 3120 722 3187 hodie
744 3138 868 3204 super
896 3126 1033 3205 gentes
1064 3123 1102 3186 et
1132 3137 1263 3205 regna,
1290 3122 1323 3181 nt

211 3220 364 3286 euellas
393 3225 430 3287 et
460 3223 643 3290 destruas
672 3228 710 3289 st
743 3225 950 3308 disperdas
980 3229 1017 3291 et
1049 3224 1242 3307 dissipes.
1272 3236 1320 3287 nou

211 3322 352 3407 dubium,
376 3325 451 3408 quin
473 3324 605 3410 figurata
627 3326 742 3393 locutio
761 3331 828 3392 tota
843 3329 886 3393 sit
900 3330 939 3393 ed
957 3347 1027 3393 eum
1049 3326 1145 3393 finem
1167 3322 1317 3398 referendt

211 3442 303 3507 quem
326 3426 469 3495 diximus.

314 3666 331 3718 8
349 3666 424 3720 Rom.
443 3666 468 3732 2,
486 3668 554 3724 5-9
659 3669 690 3722 19
709 3670 767 3723 Gal.
786 3672 810 3732 5,
829 3669 863 3722 24
965 3669 999 3722 26
1017 3668 1090 3722 Hiar.
1111 3672 1135 3735 l,
1156 3672 1189 3724 10

262 3884 368 3941 diocto
385 3887 422 3941 M
426 3887 451 3942 V
545 3888 669 3960 dictoque
692 3891 717 3946 G
816 3891 990 3961 5scripturis
1008 3891 1109 3947 sanctis
1128 3892 1157 3948 P
1256 3876 1312 3943 tall

212 3985 260 4025 oon.
281 3968 318 4025 θ’
421 3971 497 4027 aliud
513 3976 541 4042 (d
559 3980 712 4032 eatcorr.
730 3994 764 4033 m.
782 3979 813 4045 2)
834 3977 859 4032 G
962 3978 979 4030 8
1001 3977 1057 4031 iras
1075 3978 1111 4047 etl
1134 3980 1190 4034 irae
1207 3978 1315 4033 stoan

213 4054 295 4122 GPo3
327 4074 397 4126 qaae
421 4066 554 4115 semor
574 4078 660 4132 sesqua
682 4062 720 4117 ad
745 4079 768 4116 o.
786 4066 835 4117 292
866 4079 943 4131 quem
973 4062 1090 4117 diximus
1118 4066 1242 4120 salem
1265 4051 1316 4116 ill·

211 4158 261 4198 cot.
282 4142 351 4199 GPo
466 4145 498 4200 12
512 4150 703 4216 quaerentibus
721 4149 786 4202 MV
803 4149 847 4215 (cs.
866 4148 975 4204 Rdeact
990 4148 1009 4203 l.
1026 4164 1047 4204 c.
1063 4153 1177 4219 p.443):
1207 4142 1318 4221 qusertll

211 4244 230 4281 a
331 4230 366 4283 24
384 4230 490 4301 enigma
512 4232 538 4286 V
637 4234 671 4289 25
689 4234 804 4303 figurata
821 4235 858 4289 M
