2760 4814
334 320 502 408 Excerpts
517 351 554 391 ex
572 351 642 407 opp.
662 335 689 390 S.
708 336 897 406 Augustini
919 335 1089 392 CCCXVIII.
1194 338 1277 405 1015

189 526 350 606 Quomodo
373 528 480 593 autem
503 528 697 593 contrarium
719 529 768 593 est
791 528 823 593 et
846 527 1006 593 Christum
1029 531 1100 611 post
1122 544 1275 592 resurrec-

142 630 266 695 tionem
290 629 428 696 citatum
451 632 484 696 et
498 631 533 696 in
551 631 788 711 resurreetione,
812 649 890 714 quae
905 630 1112 713 promittitur,
1134 627 1275 696 ciborum

139 732 354 817 indigentiam
377 752 440 800 non
463 732 612 810 interram,
637 751 709 799 cnm
733 734 765 800 et
781 734 909 817 angelos
924 735 1067 819 legamus
1082 733 1175 798 huius
1190 720 1275 798 modi

142 855 232 904 escas
262 838 430 920 eodemque
458 839 552 904 modo
580 838 736 918 sumsisse,
770 856 831 903 non
860 836 932 902 ficto
955 838 1185 920 phantasmate,
1220 838 1274 901 sed

115 939 407 1007 manifestissima
428 943 570 1022 uemmte,
595 960 652 1008 nec
674 945 781 1007 tamen
803 941 999 1019 necessitate,
1023 941 1076 1006 sed
1101 940 1275 1022 potestate?

140 1044 238 1110 alitor
266 1045 347 1109 enim
376 1044 522 1112 absorbet
551 1064 664 1129 aquam
694 1048 778 1109 terra
806 1044 928 1123 sitiens,
962 1044 1053 1109 aliter
1076 1044 1149 1108 solis
1171 1042 1275 1108 radius

142 1151 295 1215 candens:
319 1146 378 1212 ilia
399 1148 585 1232 indigentia,
609 1152 669 1214 iste
690 1148 841 1230 potentia.
870 1147 996 1213 futurae
1017 1164 1090 1231 ergo
1121 1161 1274 1210 resurrec-

140 1251 242 1316 tionis
271 1268 383 1335 corpus
412 1252 604 1335 inperfectae
626 1250 791 1317 felicitatis
814 1250 884 1328 erit,
913 1252 939 1317 si
963 1251 1046 1317 cibos
1069 1267 1190 1315 sumere
1213 1266 1274 1313 non

138 1353 291 1438 potnerit,
314 1354 508 1438 inperfectae
530 1355 703 1433 felicitatis,
726 1354 754 1420 si
777 1354 856 1420 cibis
879 1354 1010 1438 eguerit·

97 1496 129 1537 ro
187 1473 274 1540 Sciat
306 1492 381 1541 sane
414 1477 467 1559 qni
500 1478 557 1543 has
589 1477 752 1560 proposuit
784 1477 988 1559 quaestiones,
1022 1474 1182 1540 Christum
1202 1472 1276 1555 post

138 1582 403 1644 resurrectionem
426 1580 594 1660 cicatrices,
616 1598 678 1645 non
695 1581 828 1647 uulnere
850 1579 1077 1645 demonstrasse
1099 1574 1274 1641 dubitanti·

138 1683 222 1748 bus:
245 1684 371 1766 propter
393 1700 468 1766 qnos
491 1684 587 1750 etiam
610 1684 716 1749 cibum
739 1687 908 1768 nepotum
931 1701 1054 1748 sumere
1076 1679 1188 1758 uoluit,
1212 1696 1274 1744 non

140 1782 253 1861 semel,
287 1788 341 1851 sed
369 1787 503 1871 saepius,
540 1806 579 1853 ne
607 1788 688 1853 illud
717 1808 777 1854 non
808 1805 926 1871 corpus,
960 1786 1015 1853 sed
1038 1784 1185 1867 spiritum
1208 1800 1274 1848 esse

140 1888 375 1955 arbitrarentur
408 1895 439 1956 et
473 1891 533 1958 sibi
561 1910 621 1957 non
649 1892 756 1972 solido,
780 1893 834 1957 sed
857 1890 1072 1976 imaginaliter
1100 1889 1273 1970 appareret.

93 1996 221 2058 istunc
253 1994 360 2058 autom
388 1994 461 2060 illae
490 1993 586 2060 falsae
617 1995 778 2061 cicatrices
807 1995 951 2069 inissent,
983 1993 1010 2059 si
1034 1991 1123 2057 nulia
1144 1989 1275 2053 uulnera

138 2096 404 2180 praecessissent:
429 2099 461 2161 et
482 2101 590 2164 tamen
611 2117 666 2164 noc
682 2100 767 2182 ipsae
783 2101 896 2175 essent,
919 2098 946 2161 si
963 2116 1013 2163 eas
1029 2114 1097 2161 esse
1112 2093 1273 2158 noluisset.

138 2198 245 2265 uoluit
267 2202 372 2265 autem
394 2206 499 2266 certae
527 2200 770 2284 disponsationis
798 2203 910 2285 gratia,
939 2200 1042 2266 uteie
1065 2216 1141 2281 quos
1164 2193 1270 2262 aedifi·

140 2304 235 2369 cnbat
256 2304 289 2368 in
311 2303 372 2369 fide
394 2321 456 2369 non
479 2304 552 2371 ficta
573 2323 634 2371 non
657 2306 740 2373 aliud
763 2306 906 2391 proelio,
929 2306 984 2370 scd
998 2305 1057 2369 hoc
1074 2300 1155 2385 quod
1171 2300 1270 2364 oruci-

139 2405 239 2472 fixnm
267 2406 413 2472 uiderant
440 2407 645 2473 resurrexisse
673 2410 873 2498 monstraret.
912 2408 987 2491 quid
1016 2410 1065 2472 est
1094 2422 1167 2487 ergo
1190 2401 1272 2483 quod

97 2509 273 2579 aodicitur:
308 2510 355 2596 „si
378 2512 502 2594 propter
528 2510 725 2577 incredulum
747 2511 833 2591 fecit,
856 2509 990 2576 finxit“?
1026 2507 1116 2592 quasi
1143 2523 1217 2571 uero
1246 2505 1271 2567 si

140 2613 306 2695 quisquam
330 2615 380 2678 nir
402 2614 491 2678 fortis
514 2631 567 2696 pro
591 2615 695 2695 patria
709 2614 861 2679 dimicans
877 2614 980 2678 multa
995 2613 1127 2678 aduersa
1142 2609 1273 2674 uulnera

140 2717 298 2800 exciperet
319 2721 351 2782 et
380 2716 572 2801 peritissimo
603 2717 734 2795 medico,
764 2718 819 2799 qui
843 2716 918 2782 haec
941 2734 1049 2782 curare
1072 2715 1119 2779 ita
1141 2712 1271 2777 ualeret.

139 2820 178 2884 ut
201 2818 227 2884 si
258 2819 419 2884 cicatrices
448 2819 553 2885 nullae
582 2824 777 2903 apparerent,
806 2820 873 2901 ipse
902 2821 1005 2904 potius
1028 2819 1148 2886 diceret
1169 2816 1216 2881 sic
1238 2833 1271 2878 se

138 2919 224 2987 nelle
246 2922 361 2998 sanari,
384 2926 420 2987 ut
441 2922 544 3006 magis
566 2926 670 2988 essent
691 2923 724 2987 in
748 2940 871 3006 corpore
886 2940 942 2988 suo
957 2922 1092 3006 uestigia
1107 2917 1271 2984 uulnerum

98 3028 304 3106 astumquam
326 3023 414 3089 tituli
435 3025 618 3108 gloriarum,
641 3025 712 3089 ideo
734 3024 790 3089 ille
813 3023 953 3090 medicus
975 3024 1134 3090 cicatrices
1149 3019 1272 3087 finxisse

140 3128 307 3212 diceretur,
330 3128 404 3211 quia
426 3145 498 3192 oum
521 3146 576 3211 per
599 3132 699 3193 artem
714 3128 836 3193 efficere
854 3128 1001 3212 potuerit,
1024 3131 1060 3191 nt
1081 3144 1142 3190 non
1158 3125 1271 3205 essent,

141 3232 230 3298 certe
253 3230 421 3298 exsistente
437 3248 529 3297 causa
550 3250 604 3313 por
626 3234 726 3297 artem
745 3232 850 3298 effecit
872 3232 985 3314 potius,
1008 3234 1045 3296 nt
1060 3232 1171 3309 essent,
1195 3244 1273 3310 quae

140 3351 205 3400 uno
227 3333 293 3399 solo
316 3334 416 3413 modo,
446 3335 527 3399 sicut
561 3336 703 3418 superins
725 3334 799 3419 dixi,
841 3335 939 3401 ialam
961 3335 1225 3408 conuincerentur,
1244 3329 1271 3393 si

139 3435 232 3503 nulla
254 3437 385 3502 uulnera
407 3444 601 3503 sanarentur.

194 3728 312 3780 lautern
327 3725 363 3779 V:
387 3740 438 3782 om.
451 3726 479 3779 P
557 3726 667 3781 3hnius
681 3727 716 3783 V:
740 3728 796 3782 eius
812 3728 865 3783 GP
884 3728 1002 3783 eiusdem
1015 3744 1034 3782 c
1118 3725 1273 3780 tabsoruet

141 3812 170 3867 V
262 3811 349 3867 iiste
364 3813 672 3880 (eecaoorr.m.1)V
766 3815 919 3885 tipotnerit
932 3814 996 3871 GP:
1023 3809 1205 3884 potuerintV

136 3914 174 3969 10
190 3914 339 3985 Christum]
357 3932 408 3986 xpo
425 3916 453 3969 P
551 3910 587 3971 14
610 3919 750 3987 appareret
771 3917 829 3973 PV
928 3918 960 3973 17
984 3916 1142 3973 aedificabat
1167 3914 1270 3971 GP¹V:

137 4019 331 4075 aedificationis
349 4020 386 4074 P·
489 4022 522 4076 18
539 4023 579 4091 in]
597 4021 647 4077 dei.
667 4022 704 4076 P¹
806 4022 841 4076 20
858 4010 911 4075 no”
929 4024 969 4089 (ro
987 4021 1052 4076 edd.
1071 4038 1107 4075 m.
1125 4023 1155 4089 2)
1176 4019 1203 4075 G

135 4106 171 4161 21
190 4108 332 4176 qnisquam
353 4107 421 4162 GV:
446 4109 557 4178 quisque
575 4109 604 4162 P
687 4125 735 4178 pro
752 4109 842 4179 patria
861 4108 925 4164 GP:
950 4109 1058 4179 propris
1076 4107 1103 4162 V
1186 4106 1221 4161 23
1239 4108 1271 4158 ut

138 4192 165 4247 si
181 4192 315 4260 (εκεῖ)
339 4192 375 4247 V:
401 4195 433 4248 nt
453 4192 507 4248 GP
598 4194 632 4248 25
650 4196 796 4264 gloriarum
818 4194 881 4250 GP:
907 4194 1070 4265 gloriamV
1157 4194 1190 4249 27
1210 4193 1270 4247 effe·

136 4280 177 4334 eit
195 4295 227 4332 az
255 4277 341 4333 eifloit
358 4278 413 4333 PV
