2760 4814
201 305 264 372 680
680 300 847 371 Eugippiu

200 496 283 578 pisse
305 493 461 571 dicuntur,
485 492 588 574 qualis
613 491 672 557 fuit
695 511 779 557 error
802 492 949 575 ipsomm,
972 495 1025 557 sed
1048 493 1077 556 iu
1100 492 1147 557 eis
1171 496 1202 558 et
1227 511 1328 558 sacra·

202 598 301 662 menti
323 596 490 680 integritas
512 597 680 662 honoratur
696 601 728 661 et
744 599 857 661 mentis
874 596 999 661 uanitas
1015 598 1210 673 emendatur,
1236 599 1328 662 etiam

202 701 228 766 si
245 699 428 766 confirmata
442 703 474 765 et
490 700 621 765 sortasse
637 699 745 764 multis
762 698 1012 764 contentionibus
1029 698 1152 763 defensa
1167 699 1327 767 calluerat.

203 805 390 887 quapropter
405 803 500 868 etiem
517 803 699 880 haereticae,
720 805 772 885 qui
789 803 948 885 perspicue
964 801 1039 866 loris
1055 806 1112 877 est,
1136 803 1328 885 baptismum

203 907 272 972 illic
295 907 509 991 euangelicum
533 906 667 987 accepit:
692 923 753 971 non
776 906 875 970 talem
898 907 1005 988 utique
1027 906 1222 987 baptismum
1245 925 1355 972 acces

202 1011 260 1093 pit,
289 1012 375 1093 quali
403 1028 506 1076 errore
535 1012 686 1075 caecatur.
724 1009 757 1073 et
779 1011 950 1090 propterea,
974 1009 1001 1073 si
1023 1008 1194 1090 respiciens
1216 1010 1327 1077 uiderit

203 1114 441 1197 relinquendum
473 1132 539 1179 esse
568 1113 649 1195 quod
677 1113 760 1177 male
790 1114 944 1194 tenuerat,
975 1130 1036 1176 non
1064 1112 1160 1177 simul
1183 1114 1212 1178 ei
1235 1114 1326 1179 relin-

204 1220 361 1302 quendum
384 1221 430 1283 est
453 1218 485 1282 et
506 1219 631 1293 bonum,
654 1216 736 1298 quod
758 1218 928 1298 acceperat,
962 1234 1019 1281 nec
1041 1214 1114 1298 quia
1136 1234 1223 1282 error
1245 1218 1329 1283 illins

204 1322 424 1403 improbandus
454 1324 511 1400 est,
540 1322 701 1404 propterea
732 1320 763 1384 in
794 1319 849 1385 illo
872 1318 990 1384 Christi
1021 1320 1197 1401 baptismus
1226 1320 1326 1386 exsuf-

204 1425 326 1490 flandus
350 1428 406 1489 est.
444 1423 506 1487 iarn
530 1424 613 1487 enim
637 1443 671 1487 er
694 1423 743 1486 his
760 1440 835 1504 qnos
859 1423 944 1487 intus
968 1423 1102 1505 contigit
1118 1423 1155 1487 de
1171 1426 1228 1488 deo
1252 1425 1352 1489 falsae

205 1526 369 1610 opinantes
393 1526 544 1608 baptizari
573 1528 648 1590 satis
672 1527 773 1590 elucet
795 1525 1028 1590 discernendam
1051 1543 1116 1590 esse
1140 1527 1325 1594 sacramenti

204 1631 372 1695 ueritatem
394 1647 413 1693 a
433 1629 516 1695 male
545 1629 698 1694 credentis
726 1648 837 1711 errore,
862 1630 1005 1711 quamuis
1027 1633 1197 1711 utrumque
1218 1631 1252 1694 in
1277 1630 1325 1695 ho·

205 1733 289 1797 mine
312 1749 372 1797 nno
395 1732 501 1797 ualeat
523 1733 674 1817 inueniri3
705 1735 736 1798 et
761 1734 840 1817 ideo,
864 1752 933 1798 cum
958 1736 1053 1797 etiam
1076 1733 1149 1799 loris
1171 1734 1207 1798 in
1229 1754 1325 1799 erroro

205 1836 310 1918 aliquo
339 1836 538 1920 constitutus,
570 1854 642 1901 uero
670 1840 775 1902 tamen
804 1838 996 1902 sacramento
1026 1836 1122 1901 inerit
1144 1835 1326 1920 baptisatus,

206 1958 277 2004 cum
299 1939 447 2005 ecclesiae
468 1939 609 2005 redditur
631 1941 756 2018 unitati,
781 1942 864 2005 siout
887 1940 983 2006 falsae
999 1939 1070 2005 fidei
1087 1958 1161 2005 uera
1183 1942 1353 2019 succedite

205 2062 267 2109 non
288 2046 332 2109 sic
352 2045 456 2127 potest
478 2044 574 2108 etiam
591 2061 663 2108 uero
680 2044 835 2127 baptismo
851 2063 943 2109 uerus
960 2043 1135 2127 baptismus
1151 2047 1330 2112 succedere:

206 2146 409 2231 quiquidem
432 2147 498 2230 ipse
521 2146 583 2212 sibi
606 2147 770 2212 succedere
793 2165 853 2211 non
875 2150 989 2230 potest,
1012 2149 1086 2229 quia
1108 2167 1165 2212 nec
1188 2149 1333 2214 decedere

206 2253 317 2336 potest
354 2250 394 2317 ad
417 2251 476 2317 hoc
498 2269 572 2335 ergo
595 2251 743 2316 haeretici
766 2255 803 2316 ad
823 2250 1010 2316 catholicam
1028 2253 1169 2330 ueniunt,
1192 2256 1229 2316 nt
1253 2252 1333 2337 quod

207 2374 314 2421 eorum
349 2355 470 2420 malum
507 2358 555 2419 est
592 2354 780 2437 corrigatur,
825 2373 886 2419 non
924 2356 1005 2438 quod
1042 2357 1090 2420 dei
1126 2355 1247 2421 bonum
1286 2358 1336 2421 est

207 2461 374 2542 repetatur.
1348 2494 1372 2539 ‚

251 2579 338 2644 Dicit
366 2578 495 2661 aliquis:
529 2578 668 2664 „nihilne
691 2597 764 2662 ergo
786 2581 924 2661 interest,
948 2580 975 2644 si
1001 2579 1061 2644 duo
1084 2580 1116 2644 in
1139 2598 1243 2645 errore
1267 2582 1335 2664 pari

209 2685 303 2767 atque
333 2682 457 2748 malitis
486 2682 651 2748 constituti
681 2681 744 2747 sint
774 2702 829 2747 nec
852 2683 920 2747 uita
943 2686 974 2748 et
997 2682 1085 2748 corde
1108 2683 1230 2749 mutato
1253 2685 1334 2751 alius

209 2806 316 2855 eornm
331 2786 415 2864 foris,
431 2788 510 2852 alins
525 2785 611 2852 intus
627 2787 842 2869 baptizetnrl“
867 2786 967 2852 fateor
982 2787 1142 2851 interesse.
1171 2786 1227 2852 ille
1249 2789 1335 2852 enim

209 2893 295 2977 peior
316 2895 364 2957 est
386 2891 440 2974 qui
462 2892 556 2957 etiam
585 2891 659 2957 foris
683 2889 869 2973 baptizatur,
898 2909 960 2955 non
983 2907 1017 2954 eo
1041 2893 1121 2974 qnod
1145 2891 1334 2972 baptizatur,

209 2996 262 3062 sed
284 3014 318 3061 eo
341 2995 422 3079 quod
445 2993 520 3059 foris
543 2997 600 3059 est.
634 2997 682 3058 est
704 2993 799 3059 ctiam
823 2994 922 3077 ipsius
946 2993 1108 3059 diuisionis
1131 3012 1189 3059 nec
1211 2995 1372 3063 nullumne

211 3118 267 3165 noc
288 3117 421 3184 paruum
452 3096 582 3174 malum,
613 3096 641 3160 si
663 3098 768 3162 umen
798 3096 853 3162 ille
884 3099 939 3180 qui
965 3098 1051 3162 intus
1073 3098 1253 3180 baptizatur
1274 3118 1335 3164 non

208 3206 336 3289 propter
358 3202 482 3284 aliquod
504 3203 662 3266 terrenum
678 3202 733 3266 aut
756 3202 926 3283 temporale
942 3204 1138 3268 commodum
1161 3203 1248 3268 intus
1270 3221 1336 3268 esse

264 3480 427 3549 lipeomrn]
447 3494 571 3534 sommo
673 3459 846 3562 sacramenti}
869 3478 897 3531 A
999 3476 1068 3545 3si]
1087 3492 1171 3531 ouen
1276 3493 1337 3531 con·

210 3585 313 3640 firmite
334 3585 361 3639 V
470 3582 592 3651 fortasse]
612 3599 671 3636 cnm
690 3582 836 3636 fortassee
946 3581 1110 3635 dhereticos
1130 3581 1168 3635 Ρ1
1199 3581 1338 3637 heredicns

213 3673 240 3725 A
357 3670 460 3726 utare·
478 3674 515 3737 (m
533 3673 600 3732 rue.)
619 3670 645 3723 P
673 3669 761 3722 telec
875 3667 1000 3737 baptism.
1020 3667 1122 3736 accepit
1138 3671 1162 3732 (e
1180 3683 1215 3721 ec
1232 3669 1243 3720 i
1261 3671 1343 3735 corr.)

212 3791 240 3846 P
323 3756 463 3845 6nidere'et
480 3792 507 3844 A
598 3789 667 3858 aet]
687 3805 737 3844 om.
755 3788 825 3842 APu
910 3787 1084 3856 acciperatV
1167 3777 1212 3840 ne‘
1230 3792 1256 3855 (c
1274 3787 1342 3842 add.

211 3893 246 3931 aa
264 3879 294 3943 2)
312 3876 341 3931 P
435 3875 636 3931 9ensnflandns
652 3876 679 3930 V
701 3874 865 3930 exsufflando
884 3873 921 3929 P¹
1017 3873 1048 3925 11
1067 3873 1227 3941 oppinantes
1246 3875 1274 3929 P

212 3980 414 4036 discemendnm
432 3984 460 4034 A
547 3980 578 4034 17
596 3979 763 4048 quiquidem
779 3978 815 4032 V:
843 3979 906 4046 quia
919 3977 987 4031 idern
1007 3977 1077 4031 APc
1160 3977 1193 4030 18
1212 3963 1344 4064 heredtioi

212 4085 241 4152 (d
259 4083 311 4139 det.
329 4100 363 4138 m.
381 4086 410 4150 1)
433 4083 460 4136 A
562 4083 597 4136 22
620 4083 738 4152 malitia]
764 4080 947 4135 mulititiaV
1048 4080 1104 4133 sint
1127 4080 1147 4145 (i
1166 4096 1202 4133 ex
1220 4097 1238 4134 n
1256 4086 1342 4147 corr.)

212 4174 240 4228 A
333 4173 438 4224 mutato
457 4173 498 4234 (nt
516 4169 625 4236 iseros.)
645 4170 673 4224 P
767 4169 802 4222 24
820 4168 901 4239 quod]
921 4183 1007 4236 qnoo
1103 4167 1137 4222 25
1155 4167 1250 4236 etiam]
1270 4170 1344 4224 enirn

212 4259 294 4316 etiam
312 4258 356 4314 Po
