2760 4814
178 300 241 367 172
468 344 471 350 -
641 295 825 367 ‚nugippri

176 487 258 555 nihil
280 489 344 552 esi:
368 486 512 569 quoniam
535 485 562 549 si
584 503 632 550 ros
653 485 759 571 aliqua
780 485 838 564 esi,
862 485 918 550 aut
939 484 1036 550 habet
1057 486 1113 551 aut
1134 484 1309 550 nonhabet

176 589 372 657 uoluntatem
394 588 548 670 aliqnam;
578 587 605 653 si
628 587 732 665 habet,
756 590 810 653 aut
832 587 947 654 bonam
970 588 1110 670 profecto
1133 587 1229 653 habat
1252 590 1308 654 aut

176 693 307 761 malam
329 692 359 757 si
381 693 505 770 bonam,
529 691 599 774 quis
622 689 818 772 itsdesipiat
841 692 878 756 ut
898 690 980 756 diost
1002 691 1084 773 qnod
1099 691 1182 757 bona
1195 692 1308 757 nolun-

176 798 227 863 tas
260 796 353 880 iaciat
386 794 581 868 uoluntatem
614 792 756 858 malam?
789 793 849 860 erit
882 796 974 878 enirn,
1009 796 1036 860 si
1063 796 1110 860 iia
1137 795 1196 872 est,
1225 794 1308 860 bona

176 898 323 964 noluntas
354 916 446 964 cansa
475 897 607 978 peccati,
640 915 700 980 quo
723 897 885 964 absurdius
908 899 1013 980 putari
1035 897 1115 962 nihil
1137 897 1249 980 potest.
1279 898 1307 962 si
1329 919 1343 962 o

177 1004 284 1068 autem
306 1021 355 1067 res
377 1001 448 1085 isia,
480 1017 557 1083 quas
586 1002 716 1083 putatur
742 1000 845 1066 facere
868 1001 1064 1067 uoluntatem
1087 1002 1213 1074 malam,
1237 1002 1308 1084 ipsa

130 1096 133 1101 ’
175 1116 296 1190 quoque
325 1104 420 1170 habet
439 1102 639 1170 uoluntatem
661 1102 785 1188 mulam,
799 1110 800 1115 ’
814 1104 911 1170 otiam
934 1122 1003 1169 eam
1025 1119 1103 1185 ques
1126 1102 1233 1168 fecerit
1256 1122 1306 1168 res

177 1211 399 1293 consequenter
420 1208 577 1290 interrogo
600 1210 703 1290 cique,
727 1211 764 1273 ui
785 1206 828 1272 sit
849 1207 964 1291 aliquis
986 1206 1164 1290 inquirendi
1186 1208 1306 1286 modus,

176 1326 301 1377 causam
323 1309 442 1396 primas
466 1311 566 1377 malsc
587 1310 761 1377 uoluntatis
783 1310 917 1393 inquiro.
948 1329 1010 1375 non
1033 1311 1081 1375 est
1102 1311 1189 1375 eninr
1203 1310 1308 1391 prima

177 1415 325 1482 uoluntas
354 1415 448 1498 mala,
478 1432 573 1498 qnam
594 1413 671 1480 fecii
693 1415 838 1480 uoluntas
861 1412 956 1491 inula,
982 1413 1035 1478 sed
1057 1413 1113 1478 illa
1134 1413 1237 1497 prima
1260 1413 1343 1478 estio

177 1536 270 1601 qnam
293 1517 382 1583 nulla
403 1516 488 1583 fecit.
526 1535 599 1582 num
621 1517 648 1582 si
671 1518 838 1599 praecessit
859 1515 1040 1600 quesierat,
1072 1512 1130 1581 illa
1151 1517 1236 1597 prior
1258 1516 1307 1582 esc

176 1639 254 1705 quae
277 1621 411 1686 alteram
435 1620 516 1687 fecit⁸
549 1620 577 1684 si
598 1620 803 1704 respondetur
825 1618 907 1702 qnod
923 1637 991 1685 eam
1014 1619 1102 1684 nulla
1124 1635 1172 1683 res
1196 1616 1308 1684 facerit

176 1724 209 1788 ei
229 1722 300 1788 ideo
323 1741 444 1806 semper
467 1722 572 1801 fuerit,
602 1738 715 1805 quaero
745 1725 854 1788 utrum
875 1722 910 1787 in
933 1722 1039 1804 aliqua
1060 1723 1173 1787 natura
1196 1721 1303 1788 fuerit.

176 1828 203 1893 er
226 1826 311 1892 enim
337 1827 370 1892 n
398 1811 578 1905 iniierunt,
605 1826 733 1891 omnino
756 1844 819 1892 non
840 1826 918 1904 niu
950 1826 978 1891 si
1006 1829 1112 1889 autem
1135 1825 1168 1889 in
1190 1824 1307 1907 eliqua,

176 1930 309 1996 nitiabat
342 1948 411 1995 eam
440 1930 473 1995 et
501 1929 719 2012 corrumpebat
751 1933 879 2013 eratque
911 1928 962 1994 illi
996 1929 1088 1994 noxia
1110 1945 1147 1993 uc
1169 1947 1224 2012 por
1245 1929 1342 1993 hocrs

177 2034 257 2099 bono
279 2032 441 2117 prinabsi:
465 2037 496 2098 et
512 2034 580 2099 ideo
597 2036 629 2098 in
644 2035 729 2099 mela
750 2037 864 2099 natura
884 2033 1031 2097 noluntas
1054 2033 1139 2097 mala
1153 2047 1220 2096 esec
1243 2048 1307 2096 non

176 2137 306 2220 poterat,
336 2137 390 2202 sed
417 2135 451 2201 in
473 2137 561 2214 bona,
590 2136 737 2202 mutabili
759 2137 874 2213 tamen
905 2137 956 2202 cni
971 2135 1094 2200 ⁴uitium
1115 2135 1174 2199 huc
1196 2149 1306 2199 nocere

176 2243 289 2323 meret.
330 2239 358 2305 si
386 2240 470 2305 enim
497 2257 557 2304 non
581 2239 696 2324 nocuit,
726 2257 789 2305 non
811 2241 918 2322 ntique
940 2239 1057 2304 uitium
1080 2237 1158 2302 inii:
1192 2253 1230 2303 ac
1251 2254 1307 2318 per

176 2341 235 2407 hoc
267 2360 326 2407 nec
359 2342 444 2408 mala
477 2343 621 2407 uoluntas
655 2342 751 2407 fnisse
773 2342 904 2409 dicanda
926 2343 981 2409 ssi.
1011 2357 1102 2424 porro
1131 2339 1158 2405 si
1188 2340 1306 2419 nocuit,

175 2446 292 2511 bonum
314 2445 479 2511 auferendo
500 2446 553 2511 uel
574 2446 740 2511 minuendo
762 2445 870 2529 utique
893 2445 1007 2511 nocuit.
1038 2463 1099 2510 non
1120 2444 1219 2528 igitur
1239 2460 1342 2508 oeseso

175 2548 280 2630 potuit
311 2551 497 2630 sempiterna
528 2548 677 2614 uoluntas
712 2548 796 2614 maia
825 2550 864 2614 in·
889 2568 925 2615 ca
954 2568 998 2634 rs,
1029 2548 1063 2613 in
1096 2564 1157 2630 qua
1189 2547 1306 2611 bonum

175 2649 318 2716 naturou
352 2652 570 2734 praecesserat,
608 2654 688 2734 quod
726 2651 812 2717 mala
844 2654 992 2717 noluntas
1029 2650 1165 2716 nocendo
1202 2652 1306 2732 posset

175 2752 322 2820 adimere.
353 2753 380 2819 si
402 2772 475 2839 ergo
498 2771 559 2818 non
581 2757 649 2821 erat
663 2755 864 2838 sempiterna,
888 2755 957 2838 quis
973 2773 1041 2822 eam
1057 2752 1164 2818 iecerit
1179 2768 1304 2834 quaero.

176 2856 276 2920 restat
297 2859 334 2921 nt
356 2855 477 2922 dicatur
500 2858 581 2941 qnod
611 2877 648 2924 ea
669 2876 719 2924 res
747 2858 859 2924 fecerit
885 2861 1001 2925 malem
1030 2858 1237 2939 uoluntatem,
1271 2855 1306 2920 in

175 2975 237 3040 qus
264 2958 353 3023 nulla
380 2957 528 3025 uoluntas
555 2959 627 3027 fuit.
664 2961 742 3025 hoco
763 2964 871 3026 utrum
893 2961 1032 3044 superior
1054 2959 1096 3026 sit
1119 2958 1243 3042 requiro
1263 2974 1341 3024 anso

138 3086 142 3093 ·
175 3058 306 3131 inferior
324 3053 366 3126 an
388 3061 535 3144 aequalis.
557 3060 612 3127 sud
634 3063 774 3145 superior
792 3065 900 3146 utiquc
915 3062 1039 3129 melior:
1062 3061 1214 3145 quomodo
1230 3074 1306 3142 ergo

175 3162 294 3229 nullius
310 3181 354 3229 ac
374 3182 436 3229 non
459 3164 563 3248 potins
585 3165 683 3231 bonas
704 3165 902 3231 uoluntatis?
927 3166 985 3231 hoo
1005 3166 1089 3231 idem
1110 3162 1248 3247 proiecto
1271 3162 1309 3226 et

176 3265 330 3348 aeqmlisr
361 3265 422 3332 duo
451 3264 565 3350 qnippe
593 3268 743 3349 quamdiu
764 3269 838 3333 sunt
858 3268 977 3353 pariter
998 3267 1170 3333 uoluntatis
1192 3266 1303 3344 bonae

176 3386 247 3433 non
266 3368 345 3434 iacit
375 3369 454 3434 alter
482 3370 516 3434 in
545 3369 642 3436 altaro
669 3370 865 3437 nunciatam
894 3371 1037 3436 malam..
1056 3367 1246 3452 relinquitur
1267 3370 1306 3432 ut

174 3470 304 3537 inferior
325 3491 384 3548 res,
413 3471 465 3537 cni
487 3471 574 3538 nulla
595 3473 739 3539 uoluntas
762 3473 953 3557 est‚iecerii
979 3472 1138 3558 angelicus
1161 3471 1342 3550 natmaaco

228 3707 244 3762 1
266 3708 360 3764 rim
383 3723 399 3763 υ
501 3709 519 3763 2
545 3709 664 3780 aliquam
690 3712 859 3766 nolunaaicm
886 3710 957 3766 Pru
1058 3711 1077 3766 ὁ
1102 3708 1139 3780 qd
1164 3708 1307 3765 sucorum

175 3795 204 3850 P
287 3793 611 3866 GrauistnlrceistutPo
689 3797 777 3867 quiP
874 3796 1001 3853 imnlsc
1081 3794 1194 3851 samse
1221 3794 1311 3850 eall

175 3881 247 3939 PVc
332 3881 458 3937 amodes
476 3882 514 3937 ΡΙ
543 3883 629 3939 modis
645 3885 674 3941 c¹
760 3886 875 3939 9csnra
891 3883 946 3938 P.
1007 3885 1038 3938 11
1057 3882 1239 3953 quelque?

175 3966 319 4022 liecPo
416 3967 640 4036 reprimam
733 3968 938 4040 18aclhccP
1028 3966 1236 4025 'l9fuiesetP¹

174 4051 210 4107 23
227 4053 361 4109 ieceratc
462 4053 496 4108 26
512 4053 598 4109 rsd'
577 4070 600 4108 rr
618 4054 738 4124 superior
756 4055 835 4110 ΡΤυ
925 4069 989 4124 argo
1007 4069 1057 4109 om.
1074 4070 1092 4110 o
1192 4051 1229 4106 Ἦ
1247 4066 1310 4122 pro·

174 4138 256 4209 iccio]
273 4143 302 4194 ct
317 4138 463 4208 perfectio
559 4141 594 4196 29
617 4141 783 4210 relinquetur
806 4141 860 4198 Po
954 4141 993 4197 30
1016 4140 1154 4196 inferiores
1171 4143 1236 4209 (orn.
1253 4143 1310 4210 ree)

175 4225 230 4289 P‘o
270 4283 273 4291 ,
325 4229 368 4280 cst
384 4240 469 4283 orac
564 4227 670 4284 iucem
687 4227 742 4283 P¹c
