2760 4814
172 278 1082 356 areerptaexopp.sangusaiuiccxxxvaccxxxvn.
1128 288 1190 355 769

508 523 748 610 ccxxxvss.

61 716 109 762 nn
127 714 281 763 euraruva
298 713 421 764 auncur
439 715 588 764 vurunun
607 714 677 764 ovar
695 714 805 763 aaran
824 713 991 763 nnururo.
1021 715 1067 763 ax
1086 713 1190 763 nunno

408 818 455 865 nu
476 817 663 866 ununruuuu
686 819 731 880 vu,
761 818 791 866 u.
814 818 847 868 u.

106 953 300 1039 Quapropter
328 956 426 1021 etiam
454 956 583 1039 spiritus
611 958 737 1022 sanutus
763 956 798 1021 in
821 955 929 1020 eadem
963 955 1083 1020 unitate
1116 955 1190 1020 sub·
1205 953 1271 1021 259

38 1058 199 1124 uetantiae
222 1057 254 1122 et
269 1058 460 1140 aequalitate
475 1058 628 1124 consistit.
668 1059 735 1124 siue
750 1058 834 1124 euim
849 1059 893 1124 sit
907 1059 1011 1124 unitas
1026 1059 1188 1123 amborum
1263 1132 1266 1137 <

61 1161 131 1226 siue
159 1161 309 1226 sanctitas
338 1160 405 1226 siue
435 1162 559 1240 caritas,
588 1161 652 1227 uiue
680 1162 749 1227 ideo
771 1160 887 1240 unitas,
909 1159 985 1245 quia
1006 1162 1130 1237 eunitae,
1156 1163 1189 1225 et

61 1263 132 1329 ideo
155 1264 279 1339 cautae,
302 1263 375 1346 qnia
397 1264 560 1342 sanctitas,
584 1263 786 1329 manifestum
810 1269 868 1343 eat,
892 1263 973 1348 quod
996 1282 1057 1329 nun
1075 1262 1187 1344 aliquis

61 1367 195 1430 duorum
226 1366 275 1428 est
302 1382 362 1445 quo
393 1367 520 1449 uterque
542 1365 750 1449 coniungitur,
772 1384 832 1447 qno
854 1363 979 1448 genitus
1000 1382 1019 1427 a
1040 1363 1188 1447 gignente

61 1467 214 1550 diligatur
240 1467 515 1551 generatoremque
547 1488 639 1536 uuum
668 1467 791 1553 diligat,
820 1468 943 1551 sintque
971 1487 1031 1534 nun
1059 1466 1187 1551 partiei-

24 1573 199 1654 rupatiune,
231 1571 284 1636 aed
314 1573 448 1637 essentia
470 1591 535 1650 sua,
560 1591 658 1655 neque
680 1572 759 1638 douo
781 1572 946 1655 superioris
968 1571 1110 1656 alieuius,
1133 1569 1188 1635 aad

60 1691 117 1737 suu
140 1674 263 1757 propriu
285 1675 443 1738 seruantes
466 1675 624 1740 unitatem
646 1675 775 1758 spiritus
798 1676 831 1740 in
846 1675 971 1739 uinuulu
987 1675 1082 1757 pauiu.
1106 1672 1188 1758 quod

59 1775 181 1840 inuitari
203 1794 257 1858 per
280 1776 413 1860 gratiam
436 1780 469 1842 et
491 1778 531 1842 ad
554 1776 646 1842 deum
669 1781 701 1842 et
722 1780 760 1843 ad
782 1793 838 1841 nea
860 1777 942 1858 ipses
971 1776 1124 1853 iubemur,
1154 1782 1187 1842 in

60 1878 173 1960 quibua
203 1878 321 1944 duobus
349 1881 522 1961 praeceptis
551 1881 618 1946 tuta
645 1879 693 1944 ler
722 1880 836 1962 pendet
864 1882 897 1945 et
924 1879 1098 1963 prophetae.
1142 1881 1187 1945 ita

60 1984 137 2046 eunt
168 1979 224 2046 illa
255 1980 319 2045 tria
348 1981 424 2045 deus
456 2000 546 2063 unns,
580 1982 674 2061 aulus,
708 1999 851 2067 magnus,
886 1983 1017 2067 sapiens,
1051 1984 1187 2060 sanutus,

24 2083 181 2163 rubeatus,
205 2100 260 2149 nus
283 2086 390 2148 autem
412 2103 447 2150 er
470 2086 535 2167 ipsu
557 2090 590 2150 et
611 2104 665 2169 per
688 2085 791 2167 ipsum
815 2085 847 2150 at
868 2086 900 2150 iu
916 2086 983 2168 ipae
997 2084 1091 2164 beati,
1113 2087 1186 2170 quia

59 2185 160 2270 ipsius
181 2204 309 2251 munere
331 2188 413 2252 iuter
436 2204 492 2252 noe
514 2207 620 2271 unum,
647 2207 718 2253 eum
741 2187 796 2254 illu
818 2191 924 2254 autern
947 2207 1027 2254 unua
1048 2187 1185 2271 spiritua,

60 2290 135 2373 quia
158 2290 375 2374 agglutinatur
389 2290 496 2356 anima
510 2291 617 2355 neutra
631 2291 703 2375 pout
717 2309 800 2368 eum,
823 2291 855 2355 et
876 2289 966 2356 nubis
988 2291 1113 2357 haerere
1130 2292 1187 2357 deo

60 2392 176 2456 bunum
206 2394 264 2473 eet,
293 2393 364 2474 quia
392 2392 502 2476 perdet
531 2411 652 2459 ornnem
675 2392 728 2475 qui
750 2393 922 2459 furmuatur
943 2392 982 2459 ab
1006 2410 1050 2459 eu.
1095 2393 1187 2477 spiri-

59 2496 112 2560 tus
139 2512 211 2578 ergo
233 2498 359 2560 sanutus
382 2513 544 2561 commune
566 2496 684 2579 aliquid
707 2502 754 2562 eat
775 2498 873 2581 patria
895 2498 927 2562 et
948 2495 1016 2574 filii,
1039 2497 1188 2580 quidquid

28 2597 142 2665 aillud
170 2599 231 2677 eut,
266 2599 300 2663 at
327 2597 396 2682 ipae
434 2599 611 2665 eommunia
651 2599 926 2666 consubstantialia
955 2600 989 2665 et
1017 2605 1186 2685 auaewun,

61 2719 140 2783 quae
162 2700 190 2767 ui
213 2702 354 2769 amicitia
376 2703 596 2770 conuenienter
618 2703 681 2768 diui
702 2704 815 2787 puteat,
837 2703 975 2787 dicatur3
1008 2703 1061 2769 aed
1084 2704 1188 2787 aptiue

62 2803 179 2869 dieitur
212 2808 335 2871 peritae.
380 2807 517 2872 ethaeo
545 2824 666 2889 quoque
694 2807 882 2886 substantia,
910 2806 984 2890 quia
1011 2807 1087 2872 deus
1114 2806 1188 2871 aub-

61 2908 181 2973 etantiu
213 2912 245 2972 et
277 2908 369 2974 deus
403 2909 568 2992 caritas,
597 2909 680 2974 sieut
702 2909 854 2992 seriptum
877 2909 934 2974 eet.
977 2909 1059 2974 sieut
1081 2909 1188 2974 autern

61 3011 158 3076 eimul
178 3010 356 3077 substantia
379 3029 450 3077 eum
473 3012 563 3094 patre
585 3011 617 3075 et
638 3010 713 3094 filio,
736 3012 782 3076 ita
798 3011 894 3077 simul
915 3029 1031 3094 magna
1046 3012 1078 3076 et
1093 3012 1188 3077 simul

31 3112 145 3179 ahena
167 3117 200 3179 et
221 3113 317 3180 simul
339 3117 446 3180 uenata
469 3118 500 3178 et
523 3112 673 3197 quidquid
696 3114 782 3180 alind
799 3133 818 3181 a
838 3133 870 3180 ue
892 3113 1017 3192 dieitur,
1040 3115 1188 3197 quoniam

62 3233 123 3281 uon
152 3215 239 3282 alind
271 3220 318 3282 eat
339 3218 396 3283 deu
426 3234 492 3282 esee
519 3218 552 3281 et
574 3216 662 3282 aliud
682 3235 833 3303 maguum
855 3236 922 3283 esee
943 3216 994 3282 uel
1017 3216 1134 3283 bunum
1156 3221 1187 3284 et

61 3321 174 3399 uetera,
198 3321 280 3385 aiunt
302 3337 397 3402 supra
418 3318 624 3385 ostendimus.
655 3319 682 3384 ai
705 3321 791 3385 enim
811 3320 916 3386 miuus
938 3339 1053 3405 magna
1076 3321 1122 3386 eet
1142 3321 1188 3386 ibi

62 3425 175 3490 ueritas
198 3442 293 3506 quarn
315 3423 477 3507 sapientia,
500 3423 604 3488 minua
627 3440 721 3505 quam
738 3427 786 3489 eet
800 3423 956 3509 diligitur;
978 3423 1117 3508 aequalis
1140 3427 1188 3490 eat

63 3526 172 3610 igitur,
200 3530 246 3605 ut,
276 3526 393 3609 quanta
415 3530 464 3592 eat
486 3526 650 3611 sapientia,
673 3529 798 3593 tantum
821 3526 980 3612 diligatur.
1013 3527 1061 3593 eet
1081 3527 1189 3591 autem

23 3628 216 3713 eunapieutia
247 3627 385 3712 aequalia
419 3630 513 3712 patri,
546 3628 629 3694 uiant
661 3646 757 3714 eupra
784 3629 936 3715 diximna3
971 3629 1107 3712 aequalia
1140 3631 1191 3695 eut

64 3851 393 4004 ἳὸ11114οἷ.1ἱέ)ὶι.4,3
464 3852 754 3921 lactantiaque
823 3853 856 3907 17
874 3853 964 3909 etPa
978 3851 1120 3919 mitti?

163 3952 186 3993 ο.

166 4107 543 4177 reupccxxxvnnss':
569 4109 782 4167 ammone
876 4110 1005 4167 20atu:
1032 4110 1126 4167 autV

66 4227 553 4299 amnemamnem
653 4229 964 4288 autumnum

115 4325 208 4388 VIIII.
1051 4335 1086 4390 49
