2760 4814
296 329 462 399 Excerpta
479 346 515 385 ex
532 346 601 401 opp.
619 332 646 386 S.
664 330 851 401 Augustini
868 331 945 389 clx,
1119 335 1182 402 561

54 523 90 584 nt
113 523 163 585 eat
186 519 269 602 quod
297 520 343 584 ait
371 520 411 584 ad
434 520 580 589 Galatas:
610 520 783 586 inuicem
805 538 920 586 onera
944 521 1078 587 nestra
1098 541 1183 607 por·

54 622 157 706 tata,
189 630 229 688 et
250 621 309 688 oio
331 622 611 706 adimplebitis
640 625 765 707 legem
788 621 953 690 Christi.
990 627 1055 707 qni
1077 627 1181 692 onim

54 727 175 811 putat
201 745 241 791 oo
268 744 352 791 ease
380 726 554 810 aliquid,
585 745 670 793 onm
693 726 796 792 nihil
817 727 887 811 sit,
918 746 957 793 se
978 727 1106 811 iprum
1127 749 1184 796 oo-

55 830 179 896 dnoit.
218 847 312 914 opus
345 831 477 896 autem
506 848 621 896 snum
649 830 793 915 probet
822 831 1112 914 unusquisqne,
1145 835 1184 899 ot

32 935 111 1001 osio
133 935 173 1000 in
194 938 316 1002 semet
338 935 421 1019 ipro
442 934 605 1001 habebit
626 935 796 1017 gloriam
819 936 858 1000 et
879 953 952 1000 non
973 935 1014 1000 in
1035 937 1181 1014 altero;

55 1042 326 1122 unusquisque
362 1038 465 1103 onim
507 1037 707 1122 proprium
744 1056 841 1103 onus
878 1037 1068 1122 portabit.
1119 1039 1182 1105 nisi

55 1143 160 1208 oneris
190 1160 303 1209 nomen
333 1144 391 1208 sub
419 1141 551 1207 diuersis
581 1140 857 1225 significationibus
880 1141 1044 1225 acceperis,
1074 1145 1182 1227 prooul

55 1247 152 1313 dubio
182 1245 311 1329 putabis
344 1246 477 1311 eundem
508 1245 568 1311 aibi
602 1247 635 1311 in
664 1245 817 1328 loquendo
840 1263 906 1311 esse
928 1247 1127 1327 eontrarium,
1151 1250 1184 1313 ot

54 1352 116 1416 hoo
138 1351 172 1415 in
197 1368 257 1415 nna
278 1351 436 1416 sententia
458 1355 524 1415 tam
539 1349 640 1416 uieine
662 1349 772 1434 positis
791 1349 911 1429 nerbia3
935 1352 988 1432 qui
1003 1369 1074 1416 enm
1089 1354 1182 1434 paulo

18 1456 279 1522 roantedioeret:
302 1455 410 1520 altor
432 1454 606 1520 alterius
630 1472 744 1519 onera
766 1456 939 1536 portate,
962 1457 1072 1538 postea
1086 1454 1182 1522 dixit:
1244 1480 1248 1495 ·

57 1557 332 1642 unnsquisque
361 1558 564 1641 proprium
592 1575 687 1622 onus
716 1555 908 1640 portabit.
946 1558 1002 1623 sed
1024 1557 1087 1623 alia
1107 1567 1184 1625 anni

56 1679 155 1727 onera
182 1660 416 1744 participandae
445 1660 647 1744 infirmitatis,
678 1661 742 1725 alia
771 1659 942 1727 reddendae
970 1661 1101 1727 rationis
1127 1664 1185 1729 deo

56 1767 97 1830 de
118 1765 240 1830 aodbus
262 1765 393 1847 nostris;
426 1763 483 1829 illa
505 1782 577 1829 oum
607 1763 758 1829 iratribus
784 1765 988 1831 sustentanda
1009 1768 1184 1832 eommuni-

49 1871 181 1945 ,oantnn
213 1868 290 1933 haee
323 1869 448 1950 propria
481 1869 520 1934 ab
548 1885 730 1950 unoquoque
763 1873 935 1950 portantur.
973 1869 1018 1934 ita
1040 1872 1073 1934 et
1095 1871 1185 1953 uirga

22 1971 255 2055 pintollegitnr
283 1971 477 2054 spiritaliter,
507 1972 545 2036 do
576 1989 636 2055 qua
661 1971 786 2037 dioebat
808 1972 980 2054 apostolus:
1009 1971 1047 2037 in
1070 1973 1186 2056 uirga

56 2076 215 2140 neniam
236 2074 283 2138 ad
305 2093 389 2154 u0o3
413 2078 445 2140 et
467 2075 679 2157 corporaliter,
703 2092 764 2156 qua
778 2075 897 2138 utimur
915 2073 982 2138 sine
1008 2075 1048 2139 ad
1070 2093 1184 2158 equum

56 2180 124 2246 eine
145 2179 185 2243 ad
207 2176 325 2261 aliquid
348 2178 434 2243 aliud
453 2195 530 2260 opna
553 2177 658 2255 fuerit,
681 2181 718 2242 ut
739 2176 868 2242 interim
883 2176 1029 2242 omittam
1051 2179 1084 2243 oi
1105 2177 1184 2244 aliae

57 2283 153 2349 haina
175 2283 308 2348 nominis
330 2282 481 2366 figuratas
504 2281 758 2365 significationes.

102 2403 280 2488 Vtrumque
301 2422 374 2488 orgo
397 2402 616 2485 aooipiendnm
638 2403 687 2466 eat
704 2420 722 2466 a
738 2401 862 2467 domino
884 2400 1032 2483 apostolia
1054 2401 1185 2481 dietum,

22 2511 93 2576 aret
113 2513 151 2574 ut
173 2526 230 2574 neo
253 2508 375 2592 uirgam
396 2507 514 2572 ferrent
537 2508 569 2572 et
590 2507 627 2572 ut
648 2524 710 2571 non
732 2505 793 2570 nisi
819 2505 942 2590 uirgam
957 2503 1084 2570 ferrent.
1114 2523 1186 2570 oum

57 2614 143 2678 enim
172 2615 344 2678 seeundum
367 2611 565 2677 Matthaeum
594 2611 709 2676 diceret
732 2612 792 2674 eis:
828 2609 956 2674 nolito
984 2609 1187 2694 possidere

58 2735 199 2784 aurum
232 2734 356 2798 noque
388 2717 596 2799 argentum
626 2732 749 2796 neque
779 2713 985 2796 pecuniam
1015 2715 1052 2778 in
1079 2715 1187 2778 zonis

57 2819 221 2896 uestris,
243 2836 315 2884 non
336 2836 466 2902 peram
488 2816 528 2882 in
550 2818 613 2883 nia
635 2836 755 2899 neque
774 2817 868 2881 duaa
886 2817 1043 2882 tnnioas
1065 2834 1187 2898 nequo

58 2925 324 2991 calciamenta
345 2940 470 3004 nequo
492 2922 660 3003 uirgam,
691 2920 837 2986 continuo
859 2919 1006 2986 subiecit:
1038 2920 1187 3001 dignus

21 3036 121 3096 nest
152 3025 257 3094 enim
290 3025 496 3108 operarius
526 3024 610 3089 oibo
640 3042 717 3089 ano.
753 3023 836 3087 nnde
865 3023 943 3088 satis
973 3021 1111 3088 ostendit
1133 3039 1187 3086 our

163 3232 178 3286 1
198 3229 258 3286 on.
275 3232 301 3295 o,
319 3229 388 3284 ao
490 3229 523 3282 15
540 3228 555 3283 1
572 3227 630 3283 cor.
647 3229 674 3294 4,
690 3226 722 3281 21
827 3226 859 3280 21
879 3226 976 3280 nean.
995 3226 1036 3294 ro,
1054 3227 1119 3296 aeq.

111 3421 256 3476 lhonera
282 3419 311 3473 P
410 3417 673 3488 2eni1n10m.(}o
775 3417 926 3472 3oednoet
951 3416 978 3471 V
1075 3414 1188 3485 5ipro]

57 3511 149 3579 iprum
165 3507 195 3562 Δ
261 3504 414 3575 danim]
431 3506 521 3560 autem
539 3507 567 3558 Δ
668 3503 789 3572 portauit
805 3504 832 3556 A
935 3500 1076 3556 lionoris
1091 3501 1120 3555 P

57 3629 189 3700 acciperis
210 3627 250 3682 M
253 3627 276 3683 V
377 3626 394 3680 8
417 3624 536 3695 putabis]
554 3598 661 3695 po'tabis
673 3622 774 3690 (rodet
786 3625 863 3695 Μ)
881 3623 910 3679 Δ
995 3593 1128 3678 οοηῖτὶυω
1147 3623 1189 3692 (ra

58 3749 221 3816 aanor)
240 3747 269 3802 Ρ
360 3747 398 3816 aa]
417 3746 505 3801 nor>¹
599 3712 999 3810 aroffiarmm.m.ain
1082 3742 1189 3797 nano

58 3835 126 3892 MV
226 3834 285 3905 quil
313 3849 364 3903 qno
392 3833 469 3889 G¹P¹
583 3832 616 3887 12
641 3830 773 3886 reddenda
799 3830 838 3885 P¹
948 3830 981 3885 13
1007 3828 1190 3885 auatendanda

58 3926 141 3988 (corr.
158 3939 195 3977 n.
207 3925 236 3988 1)
258 3920 286 3975 V
380 3919 414 3974 14
430 3919 465 3975 ab
482 3919 649 3989 unoquoque]
666 3934 684 3973 a
700 3918 769 3973 bono
787 3932 891 3986 qnoque
908 3916 936 3971 A
1032 3916 1064 3969 16
1082 3918 1190 3970 ntonrnr

60 4008 140 4065 ΟΨ
249 4022 360 4076 aequm
377 4009 405 4074 (a
421 4008 488 4071 roo.)
506 4005 534 4060 Ρ
634 4005 668 4059 17
690 4003 802 4074 aliquid]
822 4003 876 4057 alia
894 4001 959 4072 qnid
979 4005 1007 4056 Δ
1110 4002 1189 4072 opnr]

57 4096 164 4165 niopnr
176 4093 232 4150 G’o
310 4092 453 4162 alinalalia
469 4091 522 4147 G¹o
607 4092 641 4146 18
652 4090 792 4160 figuratae]
804 4088 904 4160 figurae
916 4088 982 4143 MV
1067 4088 1187 4157 litargo]

56 4196 111 4237 on.
130 4179 175 4236 (ilo
259 4178 296 4233 20
312 4180 341 4233 ot
353 4181 385 4232 nt
395 4176 603 4246 non-ferrent]
622 4191 673 4232 om.
693 4176 747 4231 (Po
832 4175 957 4244 nonJom.
972 4174 1010 4229 ΡΙ
1095 4176 1129 4229 21
1147 4173 1189 4228 di·

56 4283 118 4324 eene
138 4266 166 4322 V
266 4264 301 4320 23
317 4265 421 4320 tonicae
437 4263 466 4320 P
568 4263 602 4317 25
622 4262 705 4333 eninr]
724 4278 775 4318 oro.
791 4261 831 4316 P¹

112 4367 209 4424 VIIII.
1051 4361 1086 4416 36
