2760 4814
220 311 285 378 536
702 308 866 379 Eugippii

220 502 377 568 facturum
399 519 464 567 esse
486 500 640 585 promisit,
664 502 696 565 et
717 501 763 565 sic
785 499 923 575 credant,
948 499 1030 565 siout
1053 500 1086 566 id
1101 498 1233 566 credidit
1255 518 1347 564 mun·

219 605 288 684 dus,
319 623 411 686 quem
442 605 635 670 crediturum
661 622 727 669 osse
749 605 912 686 praedixit,
944 622 1037 686 quem
1066 604 1259 671 crediturum
1281 622 1347 669 osse

218 706 370 786 lundouit,
394 726 486 791 quem
501 709 693 773 crediturum
716 726 782 773 esso
804 707 959 791 promisit,
983 726 1075 790 quom
1095 706 1262 772 credidisse
1283 705 1347 770 iem

218 813 366 878 ostendit.
401 812 459 877 hoo
481 814 586 877 cutem
608 812 728 876 melum
751 828 818 876 esse
840 813 922 876 unde
937 811 1179 877 demonstrant?
1201 827 1263 875 non
1287 811 1347 876 erit

218 914 285 980 illic
306 915 373 980 ulle
395 912 561 996 corruptio,
592 915 673 996 quod
703 915 751 979 est
773 914 907 996 corporis
929 914 1056 981 melum.
1093 914 1131 978 do
1153 913 1263 978 ordine
1285 914 1372 978 ele-i

218 1020 394 1085 mentorum
427 1017 490 1083 iem
519 1016 766 1099 dispntuuimus;
795 1019 833 1083 de
863 1015 934 1082 aliis
963 1016 1126 1083 hominum
1161 1017 1347 1084 coniectoris

217 1122 295 1188 eutis
333 1122 482 1198 diximus3
520 1122 639 1202 quanto
671 1119 714 1184 sit
745 1119 853 1185 future
887 1122 920 1184 in
955 1138 1080 1204 corporo
1115 1119 1347 1203 incorruptibili

216 1224 354 1290 facilites
369 1228 483 1306 motus,
506 1223 544 1289 de
566 1223 738 1306 proesentis
760 1221 860 1287 bonae
875 1222 1066 1289 ualetudinis
1088 1224 1346 1305 temperamento,

216 1344 296 1412 quoe
317 1327 427 1409 utique
450 1325 537 1390 nullo
559 1326 651 1390 modo
674 1324 723 1390 illi
745 1329 953 1407 comparando
975 1328 1024 1391 est
1046 1326 1290 1405 immortalitati,
1313 1327 1348 1391 in

216 1430 296 1495 libro
315 1448 379 1494 xm
398 1433 482 1508 setis,
501 1432 537 1493 ut
555 1432 672 1512 opinor,
696 1430 901 1495 ostendimus.
939 1430 1046 1514 legant
1064 1431 1223 1513 superiore
1242 1430 1372 1513 operiso

217 1532 311 1598 huius
334 1533 388 1614 qui
411 1533 462 1598 uel
478 1550 539 1597 non
562 1531 709 1616 legerunt
731 1533 782 1598 uel
808 1534 918 1598 uolunt
934 1535 1070 1600 recolere
1085 1533 1166 1616 quod
1188 1534 1346 1617 legerunt.

729 1822 829 1907 uLV.

215 2011 401 2072 SEQVITVR:
432 2011 600 2073 Qvomono
630 2011 817 2060 PORPHYRII
847 2013 1023 2061 DEFINITIO
1045 2013 1152 2063 IPSIVS
1175 2015 1348 2065 Pnunonls

554 2115 746 2164 SENTENTIA
768 2116 1003 2165 DES'IRVA'I'VR.

143 2235 202 2303 171
257 2235 317 2302 Sed
338 2235 529 2319 Porphyrius
558 2236 616 2317 uit,
646 2237 805 2322 inquiunt,
835 2240 870 2302 ut
901 2239 990 2304 beuta
1019 2237 1064 2302 sit
1085 2236 1199 2316 onime,
1231 2255 1372 2322 corpusn

214 2357 281 2405 esse
303 2357 393 2405 omno
415 2339 608 2423 firgiondum.
645 2339 728 2405 nihil
750 2359 823 2423 orgo
845 2340 979 2423 prodest,
1009 2340 1083 2423 quie
1105 2339 1346 2422 incorruptibile

214 2441 350 2508 diximus
373 2441 515 2508 futurum
541 2461 663 2526 corpus,
693 2444 722 2507 si
744 2443 849 2507 enimc
869 2442 961 2508 beete
984 2462 1045 2509 non
1067 2442 1137 2521 crit,
1167 2442 1230 2507 nisi
1254 2462 1347 2510 omne

214 2561 324 2627 corpus
346 2544 499 2629 effugerit.
536 2547 590 2611 sod
611 2546 675 2610 iem
697 2549 729 2611 et
751 2545 826 2611 hino
847 2546 880 2611 in
903 2546 984 2611 libro
1003 2547 1172 2613 memorato
1189 2551 1345 2626 quantum

212 2646 351 2728 oportuit
371 2646 541 2729 disputcui.
581 2667 691 2714 uorum
712 2647 764 2713 hic
784 2667 883 2714 unum
911 2648 984 2714 inde
1005 2650 1131 2715 tontum
1153 2666 1345 2716 commemo·

212 2750 297 2815 rubo.
325 2751 469 2816 emundet
490 2750 589 2816 libros
612 2769 683 2817 suos
706 2751 840 2817 istorum
863 2751 1005 2817 omnium
1026 2752 1177 2839 magister
1197 2752 1289 2819 Pluto
1313 2756 1372 2818 ets

212 2851 299 2919 dicct
320 2871 426 2918 eorum
449 2855 531 2935 deos,
554 2857 590 2919 ut
612 2854 698 2920 boeti
721 2854 795 2930 sint,
819 2874 874 2921 suu
897 2873 1022 2938 corpore
1043 2856 1208 2942 fugituros,
1236 2856 1273 2922 id
1296 2861 1344 2924 ost

212 2974 278 3023 osso
306 2957 482 3036 morituros,
510 2975 587 3041 quos
616 2957 650 3022 in
673 2958 860 3024 coelestibus
883 2958 1062 3042 corporibus
1085 2960 1165 3025 dixit
1193 2959 1344 3040 inclusos,

213 3059 328 3143 quibus
350 3063 456 3126 tumen
479 3063 565 3141 deus,
587 3078 688 3143 equo
711 3061 788 3127 fecti
806 3066 889 3143 sunt,
913 3081 972 3146 quo
994 3066 1120 3144 possent
1137 3081 1205 3128 esse
1227 3064 1342 3143 securi,

213 3164 492 3244 immortalitatem,
527 3162 635 3229 idest
664 3164 697 3229 in
726 3164 846 3230 eisdem
876 3165 1054 3249 corporibus
1083 3169 1242 3231 eetemem
1272 3186 1342 3249 per-

212 3269 414 3347 munsionem,
436 3287 499 3334 non
522 3285 628 3333 eorum
657 3272 770 3334 nutura
802 3267 836 3333 id
869 3267 1010 3349 habento,
1044 3271 1097 3335 sod
1126 3288 1180 3335 suo
1211 3271 1372 3337 consiliou

263 3555 348 3625 lsic]
368 3555 425 3609 sic
528 3555 723 3611 booniooturio
741 3555 791 3610 Vc:
818 3556 1001 3612 coniunctnrio
1022 3558 1048 3612 Τ
1144 3559 1345 3617 Suelitudinir

210 3654 227 3692 c
330 3640 347 3694 9
368 3640 576 3696 immortalitate
599 3643 625 3711 (o
642 3640 701 3696 ioci
723 3657 795 3697 corr.
812 3659 848 3696 m.
866 3646 894 3709 1)
920 3643 945 3697 Τ
1047 3644 1080 3699 10
1102 3645 1212 3713 opinnor
1236 3647 1256 3711 (i
1274 3652 1345 3716 ras.)

215 3722 241 3779 Τ
343 3725 373 3779 11
397 3741 451 3780 non
475 3726 636 3796 legerantc
740 3728 772 3782 12
795 3745 855 3798 cup.
875 3729 975 3785 CLXII
999 3729 1024 3784 Τ
1048 3730 1143 3787 CLXX
1160 3731 1189 3786 P
1214 3731 1345 3790 CLXXII

213 3808 257 3865 Ge
370 3811 402 3865 13
424 3811 555 3881 sequitur]
574 3829 624 3868 om.
645 3812 741 3868 GPTo
847 3814 1009 3885 porphyrius
1033 3819 1076 3883 (us
1094 3817 1125 3869 in
1143 3818 1152 3870 i
1170 3832 1240 3874 corr.
1260 3836 1294 3875 on
1313 3823 1345 3890 2)

211 3894 240 3948 P
341 3892 472 3965 definitio]
496 3895 606 3952 definito
632 3897 713 3953 GP¹o
822 3901 854 3954 14
878 3902 1021 3970 sententie]
1043 3904 1157 3956 ..sentin
1183 3902 1209 3957 T
1313 3922 1346 3961 ox

210 3979 302 4035 eodem
315 3978 382 4033 libro
396 3980 477 4036 XXII
495 3980 559 4035 cdd
580 3981 677 4038 GPI'c
774 3985 808 4038 16
825 3984 978 4054 fugiendam
997 3987 1025 4041 P
1121 3987 1242 4059 prodest]
1263 3991 1346 4059 prode

210 4066 254 4119 ost
278 4064 305 4120 Τ
411 4066 445 4121 18
470 4066 600 4136 effugeret
623 4067 661 4121 Ρι
762 4068 827 4141 inm]
851 4071 933 4124 etiem
959 4071 1002 4127 Ge
1106 4072 1223 4128 hincm
1248 4076 1276 4131 Τ

210 4150 244 4206 21
262 4150 355 4205 dicunt
379 4152 404 4206 Τ
504 4152 582 4208 beuta
604 4153 641 4206 1²¹
745 4156 883 4225 fugiturus
903 4157 941 4212 6¹
1043 4159 1078 4212 22
1095 4160 1215 4214 inclusus
1234 4161 1274 4216 P²

210 4237 245 4292 23
262 4237 336 4306 deuo]
355 4237 417 4293 deos
439 4239 465 4293 Τ
565 4237 600 4291 25
617 4240 673 4310 sed]
692 4255 742 4298 om.
762 4242 854 4297 0¹12o
