2760 4814
297 306 460 376 Erccrpta
477 323 514 361 cr
533 323 603 377 opp.
621 310 648 363 S.
666 310 857 379 Augustini
875 310 949 368 CCL.
1126 314 1189 381 817

55 498 174 578 ipsum,
198 496 252 578 qui
275 499 417 563 nostram
440 500 586 563 naturam
602 518 620 565 a
637 499 861 582 temporalibus
885 500 1031 567 liberauit
1047 504 1079 566 ot
1094 503 1190 568 collo·

55 602 145 666 cauit
168 599 207 665 ad
231 599 391 667 dexteram
414 601 523 682 patris,
548 602 678 684 prouehi
700 608 793 686 atque
815 603 944 688 peruehi
958 622 1143 671 mercamur.

100 718 251 786 Omnium
273 722 382 804 igitur,
407 740 486 806 qnae
505 721 687 807 dictasunt,
711 742 746 788 er
761 742 821 806 quo
838 725 875 789 do
897 723 989 790 rebus
1007 726 1190 803 tractamus,

56 825 136 889 haec
157 842 283 890 summa
312 828 369 906 est,
399 828 436 892 ιι
458 826 662 910 intellegatur
685 827 763 909 legis
786 829 819 892 et
845 826 986 892 omnium
1009 825 1190 894 diuinamm

30 928 285 1010 :scripturarum
308 929 471 1010 plenitudo
494 930 526 994 et
547 929 618 994 finis
641 948 709 994 esse
725 929 850 995 dilectio
872 932 927 1009 rei,
944 949 1006 1013 qna
1024 931 1190 997 fruendum

56 1034 118 1113 est,
143 1035 175 1095 et
198 1030 256 1111 rei,
272 1049 351 1112 quae
374 1031 538 1098 nobiscum
556 1050 592 1097 oa
606 1051 640 1097 ro
655 1031 718 1096 frui
732 1033 844 1116 potest,
861 1035 943 1116 quia,
961 1035 1191 1118 obsequiaque

56 1134 184 1216 diligat,
213 1137 376 1218 praecepto
399 1154 462 1200 non
485 1153 562 1217 opus
586 1136 642 1200 est.
680 1136 738 1201 hoc
761 1155 834 1221 ergo
856 1140 892 1201 ut
914 1154 1075 1203 nossemus
1098 1139 1192 1221 atquo

57 1254 234 1319 possemus,
258 1238 343 1304 facta
366 1241 414 1303 est
435 1241 502 1304 tota
524 1257 579 1322 pro
602 1241 710 1304 nostra
731 1240 833 1304 salute
855 1258 909 1322 per
925 1239 1063 1305 diuinam
1085 1240 1191 1324 proui-

58 1340 203 1405 dentiam
233 1342 423 1423 dispensatio
444 1342 640 1425 temporalis,
676 1342 907 1425 quodebemus
930 1345 1072 1422 uti-non
1103 1345 1192 1426 qnasi

18 1444 217 1516 wmnnsoria
232 1445 366 1525 quadam
390 1444 554 1510 dilectione
576 1450 608 1509 et
630 1444 846 1523 delectatione,
863 1446 916 1510 sed
938 1447 1120 1512 transitoria
1137 1465 1192 1531 po·

57 1548 126 1610 tius
148 1548 307 1629 tamqnam
327 1549 407 1627 uiae,
425 1551 586 1630 tamquam
603 1547 819 1614 uehiculorum
835 1548 886 1613 uel
901 1548 1034 1615 aliorum
1049 1568 1192 1632 quorum·

57 1649 140 1714 libet
165 1652 443 1716 instrumentorum
466 1656 520 1717 aut
548 1655 574 1717 si
598 1652 674 1734 qnid
697 1653 917 1736 congruentius
939 1652 999 1717 dici
1021 1657 1133 1736 potest,
1156 1660 1194 1719 ιι

58 1773 95 1818 ea
119 1753 233 1835 quibus
263 1754 393 1820 ferimur
415 1757 542 1839 propter
564 1755 645 1820 illud
674 1756 713 1821 ad
742 1754 823 1838 quod
852 1754 983 1821 ferimur
1012 1756 1191 1843 diligamus.

102 1873 254 1957 Quisquis
268 1876 366 1958 igitur
378 1877 547 1958 scripturas
560 1878 683 1942 diuinas
695 1880 746 1942 uel
762 1878 936 1959 quamlibet
948 1895 1054 1941 earum
1069 1880 1193 1960 partem

21 1976 254 2049 „intellexisse
270 1979 332 2044 sibi
346 1980 480 2060 uidetur,
504 1983 600 2045 itaut
622 2000 657 2047 eo
679 1981 840 2045 intellectu
857 1997 918 2045 nou
941 1979 1082 2045 aedificet
1100 1983 1192 2046 istam

57 2083 220 2167 geminam
236 2085 397 2149 caritatem
416 2086 465 2150 dei
488 2086 522 2151 et
536 2084 678 2168 proximi,
700 2085 838 2149 nondum
853 2082 1020 2148 intellexit.
1052 2083 1193 2166 quisquis

58 2204 136 2252 uero
159 2186 256 2250 talem
279 2187 351 2252 inde
374 2187 561 2252 sententiam
584 2186 724 2265 durarit,
753 2188 791 2251 ιι
813 2186 886 2251 huic
907 2185 1117 2250 aedificandae
1140 2202 1192 2250 oa·

59 2289 151 2355 ritati
172 2289 217 2355 sit
239 2289 340 2368 utilis,
364 2308 421 2354 nec
443 2295 548 2356 tamen
570 2289 628 2353 hoc
650 2288 764 2355 dixerit
787 2290 868 2372 quod
902 2288 957 2353 ille
986 2307 1078 2370 quom
1113 2288 1194 2372 legit

59 2409 97 2457 eo
120 2393 187 2458 loco
210 2392 343 2458 sensisse
366 2392 567 2474 probabitur,
603 2410 665 2457 non
693 2391 864 2475 perniciose
893 2391 1015 2458 fallitur
1047 2408 1105 2455 nec
1127 2408 1194 2457 om·

23 2496 136 2566 annino
164 2498 327 2562 mentitur.
363 2496 446 2561 inest
468 2496 582 2579 qnippe
609 2494 642 2559 in
672 2494 845 2561 mentiente
868 2494 1012 2560 noluntas
1040 2493 1121 2560 falsa
1143 2493 1194 2558 di·

61 2597 161 2679 cendi,
185 2600 217 2664 et
238 2599 309 2666 ideo
327 2602 445 2666 multos
467 2600 655 2679 inuenimns,
671 2599 726 2682 qui
741 2596 869 2664 mentiri
884 2598 995 2675 nolint,
1018 2597 1072 2681 qni
1087 2597 1194 2664 autom

60 2702 140 2781 lalli,
164 2701 332 2769 neminem.
368 2721 438 2768 cum
461 2702 557 2788 igitur
579 2703 638 2768 hoc
659 2704 760 2769 sciens
782 2702 874 2767 bomo
897 2701 1008 2779 faciat,
1035 2700 1115 2766 illud
1138 2720 1193 2766 ne·

61 2806 162 2871 sciens
183 2807 339 2890 patiatur,
369 2807 447 2870 satis
474 2805 605 2889 apparet
633 2803 668 2868 iu
696 2821 759 2869 una
781 2806 947 2887 eademque
969 2821 1003 2867 rc
1025 2802 1117 2868 illum
1141 2801 1194 2884 qni

60 2909 187 2975 fallitur
214 2927 249 2973 eo
278 2910 333 2991 qui
356 2909 507 2974 mentitur
537 2926 604 2972 esse
625 2906 800 2987 meliorem,
835 2905 958 2989 quando
981 2904 1105 2988 quidem
1127 2905 1195 2988 pati

27 3012 176 3085 „melius
200 3016 248 3077 est
269 3012 469 3094 iniquitatem
489 3030 583 3094 qnam
605 3011 716 3077 facere.
746 3011 847 3075 omnis
877 3013 992 3085 autom,
1024 3008 1078 3092 qni
1107 3027 1194 3072 men·

61 3119 153 3195 titur,
174 3115 280 3198 inique
303 3115 390 3201 lacit,
414 3119 446 3180 ιι
468 3115 496 3180 si
519 3115 665 3198 cuiqnam
688 3114 814 3180 uidetur
835 3111 1003 3196 aliqnando
1026 3109 1105 3176 utile
1128 3128 1196 3175 esse

165 3347 181 3399 5
199 3345 234 3401 cl.
254 3345 330 3399 Rom.
349 3347 390 3409 13,
409 3346 450 3399 10.
486 3345 501 3400 Ι
519 3344 587 3399 Tim.
606 3345 630 3412 1,
648 3345 666 3401 5

115 3560 129 3613 l
154 3557 348 3628 temporalibus
371 3559 407 3611 V:
438 3557 640 3627 temporibuso
743 3557 891 3627 2peruehi
916 3556 995 3612 0³1³:
1025 3554 1137 3626 prouehi
1157 3554 1195 3610 θ’

65 3645 106 3701 Vc
209 3646 227 3699 3
254 3645 341 3714 igitur
370 3645 454 3700 GVc:
483 3650 573 3699 antem
603 3645 631 3699 P
732 3643 807 3698 dicta
828 3643 864 3697 V:
894 3642 1031 3713 praedicta
1058 3641 1128 3697 GPo

60 3733 79 3786 5
105 3731 170 3802 qna]
197 3746 277 3801 quam
303 3747 321 3785 ι
429 3731 444 3784 ‘l
471 3745 608 3785 nossemus
638 3729 674 3785 V:
710 3744 758 3784 nos
785 3729 869 3783 simne
894 3745 911 3783 o
1020 3730 1038 3783 8
1064 3726 1197 3796 possimus

61 3839 80 3877 c
177 3835 225 3890 pro
249 3818 284 3874 V:
313 3821 425 3888 proptor
441 3834 460 3873 ι
562 3823 683 3872 nostram
702 3818 852 3873 ιιιιιιιιι
956 3817 1044 3885 tqun
1065 3815 1101 3870 V:
1132 3813 1197 3884 quie

60 3922 78 3961 c
181 3907 224 3960 nti
251 3905 289 3960 V:
324 3909 357 3960 ιι
382 3921 399 3959 o
512 3906 545 3959 10
570 3905 707 3960 manantia
732 3906 776 3971 (m.
796 3908 813 3958 1
836 3909 861 3959 et
883 3905 914 3974 2)
941 3903 968 3958 V
1074 3902 1107 3955 11
1135 3901 1198 3955 uiae

60 3994 211 4063 nmquam]
230 4008 314 4047 omo
417 3991 533 4046 aliorum
551 3992 635 4047 GPo:
661 3991 775 4045 aliarum
791 3990 818 4044 V
919 3990 952 4045 13
970 3989 1067 4059 quibus
1085 3987 1198 4041 ferimur

66 4080 105 4133 V:
132 4078 231 4148 quibua
248 4078 365 4133 fruimur
385 4078 455 4133 GPo
551 4079 585 4132 ad
602 4078 672 4148 qnod
694 4077 787 4133 GP’o:
814 4093 845 4131 ac
862 4078 935 4147 quod
952 4075 1005 4141 Pl:
1032 4092 1082 4131 cm.
1105 4074 1132 4129 V

63 4168 98 4221 19
116 4164 275 4235 probabitur
293 4163 328 4218 V:
355 4164 515 4235 probatnso
609 4166 644 4219 ι26
662 4164 685 4218 si
701 4163 738 4217 V:
765 4163 790 4217 ei
813 4163 854 4218 Go
945 4163 1069 4232 cuiquam
1089 4159 1198 4217 0¹PV:

62 4253 109 4308 cui
130 4250 184 4307 G'o
286 4249 355 4305 utile
375 4250 518 4320 aliquando
540 4251 581 4306 Gn

115 4354 211 4411 Vffll.
1057 4350 1092 4406 52
