2760 4814
150 311 254 360 XXIIII

161 483 241 566 cipio
258 490 332 565 erat,
348 502 431 548 nuuc
446 484 646 562 desideretur,
662 484 715 548 sed
731 484 823 548 initio
839 482 952 549 codicis
968 485 1003 548 ut
1018 482 1142 562 folium

160 586 329 667 praefixum
341 591 397 650 est.
414 587 458 651 ita
468 588 566 672 igitur
576 586 622 663 fit,
639 591 673 651 ut
686 589 841 669 postrema
853 586 912 651 duo
933 585 1036 668 capita
1047 585 1142 650 Excer

159 685 210 763 De
241 688 413 753 nutriendo
445 689 577 755 enemo
609 691 640 753 et
672 688 779 755 Sermo
811 688 849 751 de
876 686 1144 762 baedeommon,

159 790 260 857 codice
283 789 309 853 P
330 791 484 875 legantur.

203 944 248 1010 llx
270 946 387 1011 duabus
403 963 475 1028 ergo
492 946 636 1029 partibus
652 945 866 1028 inaequalibus
883 944 1017 1010 codicem
1034 944 1147 1027 Sunger

161 1067 226 1114 sem
256 1049 462 1131 compositum
495 1067 562 1114 esse
589 1067 624 1113 en
652 1047 701 1112 his
735 1066 813 1129 quae
842 1048 987 1129 praemisi
1020 1052 1148 1130 apparet

162 1169 234 1234 pars
256 1153 400 1216 foliorum
421 1150 493 1230 219,
514 1170 609 1234 quam
630 1151 739 1216 littera
759 1151 785 1215 P
807 1151 940 1233 signam,
964 1149 1150 1216 artissimoc

161 1255 228 1319 onis
264 1254 388 1320 uinculo
421 1274 493 1321 cum
521 1253 676 1319 codicibus
707 1253 799 1319 DGv
832 1255 1002 1329 coniuncta,
1036 1254 1143 1319 eadem

161 1358 270 1423 eodem
299 1359 404 1422 ordine
424 1375 490 1422 sese
513 1358 706 1441 excipientis,
731 1357 793 1421 lere
816 1357 940 1421 easdem
969 1358 1136 1422 lectionum

161 1462 284 1526 tudiues
316 1461 544 1543 uarietatesque
577 1478 652 1542 quas
677 1462 766 1529 DGv
793 1460 927 1524 exhibet.
965 1462 1039 1525 haec
1072 1479 1141 1542 pars

162 1568 329 1630 correctore
350 1567 483 1646 quodum
505 1563 681 1629 foedissime
705 1567 841 1630 tractata
863 1572 923 1644 est,
950 1565 1003 1645 qui
1019 1566 1155 1629 innumer

162 1667 257 1732 uerba
279 1685 297 1730 a
318 1667 444 1732 librario
477 1668 592 1751 scripta
624 1668 740 1732 deleuit
773 1672 803 1732 et
837 1668 914 1732 alius
948 1686 983 1731 eu
1016 1669 1076 1732 alio
1111 1687 1156 1732 ero

162 1770 277 1852 petitas
310 1770 458 1835 lectiones
490 1771 523 1835 in
556 1788 662 1834 eorum
695 1771 798 1835 locum
832 1770 1006 1848 substituit,
1031 1771 1077 1834 ita
1105 1776 1158 1835 ten

163 1875 272 1939 ductus
303 1891 416 1939 manus
447 1874 566 1957 primae
598 1875 779 1955 plerumque
800 1874 894 1937 etiam
918 1892 998 1938 nunc
1020 1873 1159 1956 dispici}

207 2028 257 2094 Ab
287 2030 345 2094 hac
370 2030 482 2093 codicis
510 2031 597 2113 parte
625 2048 748 2111 prorsus
772 2027 874 2094 differt
897 2029 995 2092 altera
1018 2028 1091 2094 libri
1114 2046 1161 2110 pau

127 2137 243 2218 Qquae
272 2133 353 2198 foliis
393 2135 515 2198 tantum
549 2152 600 2197 sen
639 2134 769 2208 constat,
801 2150 894 2214 quam
928 2131 1035 2196 littera
1064 2131 1091 2212 Q
1120 2131 1163 2196 inu

164 2235 240 2301 haec
262 2235 337 2301 folia
353 2239 390 2301 ad
406 2236 558 2301 familiam
575 2236 715 2300 codicum
730 2234 800 2300 MV
815 2237 970 2317 pertinere
984 2254 1053 2299 cum
1070 2255 1106 2299 ex
1122 2252 1164 2319 ca]

163 2357 240 2420 quae
263 2340 295 2403 in
316 2339 403 2404 nullo
425 2339 485 2403 alio
509 2340 631 2403 uetusto
654 2338 734 2403 libro
764 2337 819 2402 hoe
841 2337 947 2402 ordine
970 2356 1002 2401 se
1026 2337 1163 2420 excipiun

164 2461 199 2506 ex
235 2442 492 2507 similitudinibus
530 2443 701 2523 scripturae
745 2442 939 2525 quibusdam,
984 2441 1126 2524 quamuis
1162 2459 1167 2527 p

164 2545 327 2623 euincitur,
350 2547 383 2611 id
406 2544 485 2628 quod
508 2544 567 2608 ulio
590 2545 657 2608 loco
679 2545 824 2627 probabo.
858 2562 936 2626 quae
959 2543 1033 2608 folia
1054 2561 1106 2607 sex
1122 2560 1168 2624 prt

164 2649 291 2713 maximi
316 2650 462 2713 momenti
485 2650 569 2732 sunt,
588 2649 661 2730 quia
675 2647 933 2730 subscriptionem
949 2647 1036 2713 illius
1052 2647 1165 2713 codicis

163 2753 285 2831 uerunt,
320 2754 371 2834 qui
405 2770 474 2816 cum
502 2753 586 2816 iussu
617 2750 751 2816 Reducis
784 2771 819 2817 ex
855 2751 921 2834 ipso
955 2750 1085 2817 fortasse
1119 2766 1171 2816 exe

165 2853 361 2937 llugippienc
391 2853 562 2936 descriptus
587 2859 675 2933 esset,
704 2872 782 2920 enno
805 2855 877 2934 581,
903 2873 973 2919 cum
998 2853 1145 2937 Neapolis
1168 2872 1173 2918 ι

168 2956 380 3041 langobardis
408 2965 648 3044 oppugnaretur,
683 2959 809 3024 iubente
839 2959 944 3024 eodem
979 2959 1111 3035 Reduce
1145 2974 1174 3043 ep

164 3060 376 3143 Neapolitano,
399 3063 524 3127 aPetro
547 3063 666 3128 notario
685 3067 864 3129 emendatus
888 3065 918 3127 et
940 3062 972 3126 in
995 3062 1175 3161 arclniuumfl

164 3165 261 3234 dralis
292 3164 438 3230 ecclesiae
460 3165 682 3248 Neapolitanae
710 3167 842 3230 tralatus
864 3168 920 3232 est
954 3165 1075 3233 fallitur
1098 3156 1176 3250 igit'

165 3267 321 3346 billonius,
344 3287 414 3334 cum
436 3271 537 3334 totum
559 3268 696 3333 codicem
711 3267 1003 3352 Sangermunensem
1025 3289 1061 3336 en
1083 3182 1179 3339 ilica

165 3371 301 3454 episcopi
325 3372 499 3455 apographo
521 3370 643 3436 fluxisse
666 3371 827 3453 opinatur:
858 3390 928 3436 nam
951 3372 1140 3456 subscriptio
1162 3356 1180 3451 ὲ

164 3473 204 3540 ud
237 3473 311 3539 folia
342 3492 393 3538 ser
426 3473 540 3538 ultima
568 3480 697 3557 spectat.
743 3494 834 3558 quem
868 3475 1124 3557 subscriptionem
1142 3456 1181 3558 ι),Ι

166 3579 198 3642 et
220 3579 373 3660 scriptura
400 3575 440 3641 ab
470 3579 723 3643 antecedentibus
751 3578 904 3662 capitibus
926 3578 1031 3642 differt
1053 3582 1084 3642 et
1107 3570 1184 3685 corrp=

167 3681 263 3744 uariis
279 3680 442 3762 inquinata
456 3685 512 3764 est,
528 3680 652 3763 plenam
664 3682 756 3763 etque
773 3681 926 3765 integram
943 3680 993 3746 hic
1008 3683 1185 3789 repetam!

168 3865 368 3873 „-„.,„
1168 3800 1185 3889 j

271 3976 291 4038 ¹)
310 3971 427 4027 Eundem
449 3972 673 4042 subscriptionem
696 3972 777 4026 etium
800 3972 828 4025 ln
846 3971 934 4025 codice
946 3968 1093 4038 ‘Euippii
1112 3942 1185 4121 bibis

167 4076 188 4111 u.
207 4057 307 4111 lleriee
324 4058 518 4128 iliuipullensis
537 4059 673 4127 (Ripoll'll
697 4058 725 4110 in
742 4056 855 4110 dioecesi
873 4055 979 4109 Vicensi
1002 4054 1029 4107 in
1049 4053 1185 4137 Catulonq

167 4144 262 4198 Petrus
280 4143 311 4198 de
330 4144 424 4209 blance,
443 4145 655 4213 archiepiscopus
673 4143 829 4208 Tolosanum,
846 4143 924 4197 testis
942 4148 982 4196 est
1000 4157 1041 4210 up.
1060 4139 1185 4197 Labbeuu

166 4231 228 4286 lutet.
247 4231 562 4301 descriptt.eccl.1p.
581 4233 643 4286 776.
1141 4304 1146 4314 Δ
1176 4254 1185 4297 p

1075 4616 1089 4647 .
1172 4458 1185 4721 r
