2760 4814
179 306 342 376 Eroerpta
359 322 394 362 ex
411 322 480 377 opp.
500 307 526 363 S.
543 305 735 376 Augustini
757 305 894 362 OCXLVI.
912 304 1066 362 ccxuvlr.
1122 306 1184 374 807

524 543 722 629 ooxnvll.

56 736 106 783 DE
136 735 358 784 PVRGATIONE
379 734 504 782 Musula
526 736 575 781 AD
596 733 787 782 FRVENDAM
808 734 916 781 ILLAM
937 733 1064 798 LVCEM,
1093 735 1185 796 QVAE

56 838 99 886 SE
117 838 205 884 vluti
223 837 324 885 NOBIS
342 836 517 885 PRAEBENS
532 837 555 883 Δ
571 834 732 884 SVPERBIS
750 835 879 884 STVL'I'E
897 835 1035 886 FECISSE
1053 838 1187 886 Pvnsra

56 942 122 990 EST
146 941 320 988 HVMANVM
342 938 462 1003 GENVS,
490 939 537 986 DE
560 938 763 987 conueniens
785 940 828 987 El*
850 939 1022 988 smluruvs
1045 939 1187 988 CVRANS.

36 1062 49 1102 ι
393 1043 439 1089 EX
463 1041 582 1090 EODEM
609 1042 712 1090 multo
738 1042 855 1091 Promo·

105 1179 300 1265 Quapropter
323 1198 394 1246 oum
416 1179 474 1246 illa
496 1179 630 1246 ueritate
652 1179 873 1263 perfruendum
895 1180 948 1265 sit,
971 1199 1050 1264 quae
1066 1181 1256 1248 intem-271

60 1281 260 1349 mutabiliter
289 1283 384 1364 uiuit,
418 1287 449 1349 et
479 1284 513 1349 in
542 1301 578 1349 ea
606 1283 732 1348 trinitas
755 1283 840 1364 deus,
863 1285 971 1349 auotor
993 1286 1025 1349 et
1047 1282 1186 1349 eonditor

60 1384 290 1464 uniuersitatis,
321 1384 425 1470 robus,
455 1403 529 1469 quas
561 1384 708 1463 eondidit
739 1385 889 1464 oonsulat,
925 1385 1105 1470 purgandus
1139 1390 1187 1452 eat

61 1487 198 1568 animus,
221 1491 258 1553 ut
280 1488 314 1553 et
333 1489 506 1572 perspicere
528 1486 619 1552 illam
641 1487 742 1553 luoem
764 1487 869 1552 ualeat
886 1490 917 1553 ot
939 1488 1097 1555 inhaerere
1117 1508 1188 1572 per·

25 1591 201 1674 roepeotae.
236 1609 330 1674 quam
353 1590 570 1674 purgationem
600 1589 687 1673 quasi
710 1589 955 1657 ambulationem
978 1594 1134 1674 quandam
1157 1594 1189 1657 et

61 1692 154 1777 quasi
182 1693 414 1778 nauigationem
443 1697 482 1762 ad
510 1693 646 1780 patriam
677 1712 743 1759 esse
772 1693 971 1762 arbitremur.
1015 1694 1188 1760 nonenim

60 1797 102 1862 ad
136 1813 207 1861 enm
241 1798 295 1881 qui
325 1797 439 1880 ubique
473 1815 617 1881 praesens
650 1798 699 1863 eet
731 1795 809 1863 loois
835 1814 1009 1876 monemur,
1032 1797 1084 1863 sed
1108 1796 1188 1862 bono

60 1899 166 1969 studio
188 1901 337 1985 bonisque
358 1900 506 1967 moribus.

106 2020 197 2102 Quod
219 2040 279 2087 non
302 2039 471 2105 possemne,
493 2021 554 2087 nisi
575 2020 643 2104 ipsa
663 2019 819 2105 sapientia
833 2021 938 2085 tantm
955 2018 1049 2084 etiam
1065 2022 1189 2084 nostrae

23 2149 53 2193 re
61 2123 243 2190 infirmitati
272 2142 440 2208 congruere
470 2124 651 2209 dignaretur
681 2125 713 2189 et
746 2123 873 2189 uiuendi
906 2122 996 2187 nobis
1029 2122 1189 2204 praeberet

63 2226 243 2308 exemplum
259 2244 321 2293 non
342 2228 434 2293 aliter
454 2245 548 2311 quam
563 2226 597 2291 in
612 2224 748 2304 bomine,
771 2225 916 2309 quoniam
932 2226 963 2291 et
977 2243 1033 2291 nos
1047 2224 1188 2289 bomines

62 2347 184 2394 snmus.
229 2331 281 2394 eod
312 2329 385 2413 quia
405 2347 470 2407 nos,
493 2346 564 2394 oum
587 2329 626 2395 ad
648 2328 737 2394 illam
759 2328 910 2407 uenimus,
934 2327 1090 2411 sapienter
1111 2325 1188 2391 faoi-

65 2450 148 2515 mus,
178 2430 256 2514 ipsa,
286 2450 357 2496 oum
387 2434 425 2497 ari
456 2448 511 2497 uos
541 2430 638 2510 uenit,
670 2433 709 2497 ab
739 2430 916 2496 bominibus
938 2429 1078 2512 superbis
1101 2429 1189 2512 quasi

66 2535 167 2601 stulte
189 2532 297 2599 ieoisse
313 2534 424 2617 putata
439 2535 497 2601 est.
525 2537 557 2599 et
573 2535 720 2618 quoniam
742 2546 809 2618 nos,
833 2551 905 2599 oum
927 2535 965 2598 ad
987 2533 1078 2599 illam
1100 2533 1189 2598 ueni-

33 2655 152 2712 amus,
185 2637 441 2716 oonuaieeoimue‚
471 2637 550 2722 ipsa,
580 2656 651 2703 oum
681 2638 721 2702 ad
750 2656 806 2703 nos
835 2637 932 2712 uenit,
955 2637 1044 2720 quasi
1067 2636 1190 2701 infirma

66 2740 249 2807 existimata
271 2742 328 2806 eet.
359 2740 413 2806 sed
436 2741 518 2823 quod
541 2741 678 2807 stultum
699 2746 749 2807 est
763 2740 823 2817 dei,
846 2742 1017 2825 sapientius
1033 2744 1082 2805 eet
1098 2758 1189 2823 quam

65 2845 215 2922 homines,
246 2844 326 2926 qnod
355 2843 515 2910 infirmum
545 2848 591 2910 est
621 2843 681 2924 dei,
711 2844 824 2910 fortius
853 2848 899 2909 est
923 2863 1016 2927 quam
1037 2842 1190 2908 homines.

65 2965 138 3014 oum
167 2964 241 3029 ergo
268 2947 337 3031 ipsa
370 2947 413 3013 sit
446 2948 556 3031 patria,
590 2945 674 3012 uiam
708 2965 826 3030 qnoque
859 2964 893 3012 so
924 2946 1013 3012 nobis
1046 2945 1121 3013 feoit
1153 2948 1191 3011 ad

63 3049 212 3134 patriam.

29 3205 57 3246 ,⁵
108 3169 149 3236 Et
179 3189 252 3237 oum
280 3188 356 3237 sano
386 3172 417 3237 et
447 3187 523 3253 puro
553 3170 694 3236 interiori
722 3169 810 3236 oculo
834 3171 946 3253 ubique
969 3171 1011 3236 sit
1035 3187 1190 3253 praesens,

63 3293 174 3340 eorum
214 3277 267 3358 qui
307 3274 433 3341 ooulum
467 3273 560 3339 illum
593 3273 754 3340 infirmum
785 3273 1041 3357 immundumque
1076 3270 1192 3338 babent

65 3377 164 3444 oculis
194 3376 293 3443 etiam
321 3377 441 3444 oarneis
472 3395 618 3460 apparere
647 3376 777 3461 dignata
806 3380 863 3443 est.
909 3377 1002 3461 quia
1030 3376 1191 3442 enimin

170 3590 203 3645 21
222 3589 257 3645 of.
275 3590 290 3645 Ι
308 3589 367 3645 Cor.
388 3592 410 3657 l,
428 3589 462 3645 25
562 3588 595 3643 27
613 3588 628 3643 1
646 3589 705 3644 Cor.
725 3591 749 3656 1,
767 3590 799 3644 21

120 3786 134 3837 l
153 3801 213 3855 cop.
226 3784 372 3840 ccxtvn
383 3785 459 3840 ΜΨ
470 3786 580 3840 torua:
606 3783 713 3840 cctxl
724 3785 753 3839 P
775 3783 911 3840 cotum
926 3784 968 3840 Gt
1052 3787 1109 3840 3so
1120 3786 1193 3841 uiam

64 3870 144 3925 MV:
170 3872 194 3924 ei
212 3870 290 3925 uias
370 3871 388 3925 4
405 3870 539 3925 similibus
557 3870 632 3925 MV:
659 3871 692 3926 de
709 3871 844 3926 similibus
862 3871 890 3926 P
916 3871 1091 3927 dissimilibus
1108 3889 1125 3928 o

66 3957 83 4010 i
103 3955 225 4011 eonditor
241 3957 275 4010 V:
302 3956 494 4013 concorditero
588 3957 764 4027 9perapieere
779 3957 815 4011 V:
841 3957 989 4028 papioereo
1083 3959 1116 4013 14
1132 3975 1190 4028 pos-

66 4058 153 4112 simne
170 4074 187 4113 o
289 4060 323 4112 21
341 4059 489 4128 sapientius
506 4044 534 4071 ‘⁸‘
551 4061 604 4126 (eet
620 4058 687 4114 odd.
698 4075 733 4113 m.
744 4061 776 4128 2)
793 4076 810 4114 o
898 4060 933 4113 22
949 4059 1070 4114 bomine·
1089 4060 1191 4130 (quodtl

66 4142 373 4200 eexieorr.oa21³
486 4144 557 4213 quod
573 4144 609 4199 V:
638 4143 838 4228 etqupdG‘Po
950 4144 1193 4215 tteequoqueG

64 4230 113 4286 Po
215 4229 249 4283 22
267 4231 367 4285 carnus
386 4232 412 4300 (a
429 4235 531 4297 roa.)o
