2760 4814
130 289 194 356 408
616 288 778 358 Eugippii

132 477 289 544 sciebat
311 477 405 560 quid
429 482 535 544 esset
557 479 740 546 facturus
758 515 800 527 -
818 480 867 544 est
889 478 971 545 enim
994 479 1139 546 temtatio
1161 479 1240 545 addo

132 599 203 646 cens
233 581 403 663 peccatum,
435 600 495 664 qua
524 583 600 649 deus
630 584 787 648 neminem
817 584 947 658 temtat3
982 585 1014 647 et
1045 586 1093 647 est
1115 585 1240 650 temtati

132 687 264 768 probans
296 682 406 770 fidem,
441 704 504 768 qna
537 688 570 751 et
603 687 678 751 deus
711 688 843 751 temtans
878 685 1027 768 dignatur
1047 688 1157 751 —ita
1189 705 1240 752 cur

131 789 292 858 audimus:
325 789 391 873 qui
420 788 763 871 blasphemauerit
792 791 831 853 in
858 789 1045 871 spiritum
1068 790 1240 854 sanctum

132 912 192 959 non
216 911 306 960 omne
327 892 568 975 blasphemandi
590 911 687 977 genus
703 892 850 957 debemus
872 892 1021 975 accipere,
1039 892 1121 958 sicut
1136 911 1194 958 nec
1215 893 1240 958 il

134 1017 227 1065 omne
260 997 425 1065 temtaudi.
462 997 540 1062 item
573 1015 645 1061 oum
679 995 838 1061 audimus:
874 996 937 1080 qui
972 997 1195 1062 crediderit
1224 1014 1240 1062 e

130 1102 359 1186 baptizatus
382 1098 523 1178 fuerit,
545 1098 680 1164 saluus
708 1101 802 1178 erit,
832 1118 895 1165 non
917 1100 1025 1183 utique
1047 1100 1240 1184 intellegimu

130 1209 270 1273 eomodo
292 1204 460 1286 credentes,
483 1221 543 1286 quo
566 1206 605 1268 ct
627 1203 833 1269 daemones
857 1204 1025 1269 credunt
1047 1204 1085 1267 et
1108 1204 1240 1269 contre

129 1312 329 1386 mescunt,
352 1325 410 1373 nec
433 1307 466 1371 in
481 1325 516 1371 eo
532 1322 660 1371 numero
685 1305 867 1388 baptizatos,
889 1307 923 1370 in
946 1324 1005 1388 quo
1028 1324 1138 1390 magus
1154 1307 1240 1373 Simo

129 1413 288 1495 baptisari
309 1412 420 1494 potuit,
449 1411 503 1475 sed
533 1411 639 1475 saluus
661 1428 729 1475 esse
752 1427 813 1475 non
836 1409 948 1492 potuit.
987 1409 1069 1474 sicut
1092 1429 1165 1495 ergo
1189 1429 1240 1476 cur

130 1517 263 1582 diceret:
298 1516 361 1597 qui
384 1513 602 1580 crediderit
625 1517 662 1578 et
692 1513 921 1597 baptizatus
952 1513 1090 1597 fuerit,
1124 1515 1240 1580 saluu

130 1619 217 1697 erit,
241 1635 303 1684 nou
325 1634 430 1683 omnes
454 1619 613 1684 credentes
636 1619 669 1682 et
691 1617 875 1700 baptizatos,
907 1618 960 1682 sed
983 1618 1134 1700 quosdam
1156 1619 1240 1684 intus

130 1721 234 1800 batur,
269 1721 302 1785 in
326 1739 362 1786 ea
384 1720 504 1786 scilicet
533 1721 722 1786 constitutos
756 1721 827 1798 fide,
863 1740 942 1804 quae
976 1721 1113 1803 apostolo
1146 1720 1240 1787 distin

130 1829 247 1911 guento
279 1844 346 1909 per
380 1823 642 1890 dilectionem
672 1830 869 1907 operatur:
905 1825 951 1890 ita
973 1844 1045 1890 cnm
1067 1824 1160 1891 dixit:
1197 1842 1240 1908 qn

129 1928 476 2014 blaspbemauerit
505 1927 543 1992 in
573 1929 720 2010 spiritu
753 1930 910 2006 sancto,
945 1945 1018 1992 non
1053 1927 1171 1993 habet
1203 1947 1240 1995 rs

128 2032 355 2099 missionem
378 2033 417 2097 iu
440 2032 661 2111 aeternum,
686 2049 746 2096 non
763 2050 897 2111 omnem,
921 2033 975 2096 sed
999 2034 1153 2114 quendam
1176 2031 1240 2099 blas

130 2132 310 2221 phema'utis
340 2133 487 2220 spiritum
517 2136 660 2201 sanctum
682 2135 865 2202 intendebat
886 2136 1017 2215 reatum,
1046 2154 1105 2217 quo
1128 2135 1240 2220 quisqu

129 2241 227 2308 fuerit
248 2240 412 2322 obligatus,
435 2239 524 2304 nulla
546 2258 694 2321 umquam
716 2239 896 2304 remissione
920 2238 1069 2304 soluetur.

172 2362 259 2427 Illud
282 2362 378 2426 etiam
396 2360 478 2443 quod
501 2360 561 2425 ait:
585 2362 617 2426 is
639 2362 704 2443 qui
725 2362 936 2425 manducat
959 2378 1078 2424 meam
1100 2378 1240 2426 corner

132 2471 171 2532 et
199 2465 303 2532 bibit
326 2482 451 2531 meum
472 2465 720 2548 sanguinem,
750 2465 790 2529 in
820 2484 876 2529 me
905 2467 1038 2528 manet
1068 2466 1105 2527 et
1127 2463 1235 2547 egoi

130 2569 220 2646 illo,
252 2568 403 2651 quomodo
425 2566 616 2632 intellecturi
645 2569 775 2632 sumus?
807 2566 959 2648 numquid
990 2565 1085 2630 etiam
1118 2567 1240 2635 illosbi

130 2672 302 2756 poterimus
332 2672 482 2755 accipere,
512 2671 685 2754 dequibus
715 2670 792 2736 dicit
821 2670 978 2755 apostolus
1006 2670 1088 2752 quod
1110 2670 1240 2737 iudiciur

129 2775 191 2841 sibi
220 2773 410 2840 manducent
432 2779 465 2840 et
486 2773 607 2858 bibant,
639 2791 712 2839 cum
740 2775 841 2856 ipsam
871 2792 994 2839 carnem
1017 2773 1240 2840 manducante

129 2879 233 2961 ipsum
249 2878 436 2961 sanguinem
451 2877 586 2944 bibant?
609 2877 762 2960 numquid
781 2878 812 2942 et
826 2876 930 2959 Iudas,
953 2876 1098 2960 magistri
1116 2877 1240 2945 uendite

128 2985 161 3047 et
193 2980 329 3047 traditor
362 2981 486 3065 impius,
526 2980 671 3065 quamuis
705 2980 843 3063 primum
878 2980 981 3064 ipsum
1015 2980 1160 3045 manibus
1194 2981 1240 3047 eiu

130 3085 310 3151 confectum
339 3085 573 3150 sacramentum
602 3085 702 3149 carnis
725 3085 757 3148 et
779 3085 940 3167 sanguinis
963 3083 1030 3149 eius
1054 3101 1127 3149 cum
1150 3085 1240 3151 ceteri

130 3188 304 3272 discipulis,
323 3189 406 3254 sieut
421 3188 558 3271 apertius
573 3189 675 3255 Lucas
690 3189 886 3271 euangelista
900 3187 1048 3266 declarat,
1064 3187 1240 3265 manducan}

229 3410 546 3478 o(0c11)nnarc.16,16
620 3410 741 3473 aleca,
756 3410 788 3464 19
857 3410 920 3464 ties.
934 3412 992 3467 net.
1005 3412 1030 3475 8,
1044 3410 1077 3465 13
1154 3409 1240 3466 rso·

128 3496 188 3562 5‚6
276 3498 308 3552 19
326 3497 449 3560 lasso
536 3496 569 3550 22
587 3495 818 3560 cf.100r.11,2e
904 3496 1168 3565 blendanensi

181 3702 273 3770 2qua
295 3701 346 3756 Va:
374 3704 437 3770 quia
462 3703 488 3756 Τ
587 3703 680 3771 3qus
698 3706 734 3774 et]
754 3719 840 3772 quac
941 3703 1132 3758 laudiuimus
1154 3705 1179 3758 Τ
1179 3723 1195 3761 c

131 3786 299 3858 baccipsns]
323 3805 413 3843 om.e
515 3789 740 3846 dandiuimnso
842 3790 1048 3860 8001qu0v
1149 3793 1240 3846 credun

129 3887 216 3929 omo
319 3874 542 3945 9baptisatuso
645 3876 679 3930 lb
701 3876 798 3945 spiritu
816 3878 908 3931 sancto
931 3875 966 3930 V:
993 3877 1121 3946 spiritum
1139 3880 1240 3934 sanetm

129 3960 169 4014 To
272 3961 305 4015 16
332 3962 522 4030 quanme
623 3962 843 4031 blasphemantis]
871 3961 1101 4031 blasphemantem
1123 3963 1194 4020 ino

128 4047 162 4102 ls
188 4047 310 4102 soluatur
339 4050 365 4103 T
465 4048 824 4118 19is1uisP¹;om.T
924 4049 960 4103 20
983 4049 1054 4103 bibit
1078 4049 1160 4105 Ple:
1189 4049 1240 4105 bib

127 4134 166 4190 Μ
171 4133 198 4188 V
286 4135 321 4189 22
338 4135 495 4206 poterimus]
514 4134 672 4190 debemuso
769 4135 804 4189 24
821 4136 857 4205 et]
877 4135 974 4190 omn
1068 4136 1101 4189 27
1121 4134 1240 4206 discipul

128 4219 211 4276 PVo:
240 4221 416 4291 apostolis]¹
514 4221 688 4276 mandncsret
709 4223 749 4278 Tc
