2760 4814
300 516 470 586 Excerpta
487 532 523 571 ex
539 517 654 586 opp.·S.
675 518 865 586 Augustini
888 518 987 574 1213.
1150 521 1209 586 101

70 708 254 792 exemplum
278 707 402 773 futurae
419 709 543 773 nostrae
558 709 793 774 resurrectionis
816 709 849 773 in
865 725 1001 791 corpore,
1025 709 1106 792 quod
1120 728 1210 792 prae-

72 813 169 878 cessit
216 813 248 876 in
284 811 420 888 domino,
464 811 544 877 dicit
579 812 755 895 apostolus:
800 813 966 879 initium
1009 812 1210 895 Christus,

73 914 219 980 deinde
248 913 312 996 qui
342 919 437 980 eunt
460 913 620 980 Christi.
659 915 697 981 de
725 919 861 1000 corporis
884 920 967 981 enirn
990 916 1211 982 resurrectione

73 1018 130 1083 illo
146 1018 216 1082 loco
233 1016 394 1101 agebatur,
410 1022 647 1101 propterquam
664 1019 756 1085 etiam
774 1018 869 1085 dicit:
893 1019 1211 1103 transfigurabit

41 1140 219 1205 scorpus
248 1121 502 1187 humilitatis
532 1127 693 1188 nostrae
723 1124 924 1190 conforme
953 1126 1106 1208 corpori
1128 1125 1211 1208 glo·

74 1226 159 1290 riae
181 1242 283 1291 snae.
317 1243 379 1290 unu
402 1245 476 1310 ergo
499 1243 580 1290 mors
603 1227 704 1291 nostri
726 1227 893 1292 saluatoris
916 1227 1035 1292 duabus
1057 1228 1211 1294 mortibus

74 1330 192 1395 nostris
219 1329 316 1394 saluti
346 1328 409 1392 fuit
439 1330 472 1392 et
494 1347 555 1393 una
584 1330 650 1393 eius
678 1331 863 1394 resurrectio
893 1330 970 1394 duas
993 1329 1084 1394 nobis
1107 1349 1211 1395 resur·

73 1434 229 1498 rectiones
259 1431 427 1513 praestiti,
460 1449 530 1495 cum
553 1450 664 1516 corpus
688 1432 753 1496 eius
777 1433 809 1496 in
833 1435 964 1514 utraque
987 1451 1029 1514 re,
1053 1432 1084 1496 id
1109 1435 1210 1498 estet

73 1538 105 1600 in
141 1539 243 1600 morto
273 1539 305 1599 et
332 1537 366 1600 in
399 1535 630 1614 resurrectione,
669 1537 702 1600 et
730 1541 927 1601 sacramento
961 1534 1116 1600 interioris
1152 1537 1208 1603 bo·

42 1639 170 1703 reminis
207 1638 309 1701 nostri
332 1638 364 1702 et
392 1639 531 1720 exemplo
566 1636 726 1703 exterioris
761 1638 938 1704 medicinali
973 1638 1110 1720 quadam
1137 1656 1210 1704 con·

74 1741 238 1806 uenientia
261 1740 477 1804 ministratum
500 1741 557 1804 est.

77 1999 123 2047 DE
158 1999 362 2046 numerous
396 1999 443 2045 AD
479 1997 622 2046 MORTEM
659 1995 812 2045 DIABOLO
847 1997 891 2045 ET
929 1997 1130 2048 maulbronn
1164 2000 1211 2048 ΔΙ)

187 2101 295 2149 vlTnM
319 2101 464 2150 CHRISTO
485 2102 574 2150 Insv.
604 2101 650 2148 EX
672 2101 792 2149 EODEM
814 2100 918 2150 LIBRO
942 2103 992 2150 1111
1014 2104 1043 2150 T.
1068 2103 1101 2150 X.

118 2239 240 2304 Deinde
263 2240 295 2303 id
317 2241 420 2321 ipsum
437 2242 517 2320 quod
541 2237 695 2304 mediator
710 2242 767 2315 est,
790 2258 848 2321 per
862 2257 954 2321 quem
969 2239 1211 2306 reconciliamur
1223 2242 1264 2308 13

43 2345 142 2419 adeo,
166 2343 211 2408 sic
235 2342 370 2408 indicat:
401 2359 485 2425 ego,
509 2342 620 2424 inquit,
643 2342 683 2406 in
707 2340 762 2406 eis
785 2347 822 2406 et
845 2343 887 2408 tu
910 2342 949 2407 in
973 2360 1043 2420 me,
1067 2347 1109 2408 ut
1130 2345 1211 2408 sint

75 2444 340 2512 consummati
362 2445 403 2509 in
426 2462 550 2509 unum.
588 2443 664 2509 baec
686 2448 733 2509 est
754 2463 830 2511 uera
848 2463 906 2528 par
923 2448 954 2509 et
978 2464 1048 2510 eum
1072 2448 1210 2512 creatore

77 2553 184 2615 nostro
208 2548 296 2612 nobis
320 2547 410 2612 firma
434 2548 557 2612 conexio
581 2546 721 2631 purgatis
744 2547 776 2611 et
798 2548 1004 2613 reconcilietis
1022 2567 1077 2634 per
1092 2549 1211 2615 media·

77 2656 179 2717 torem
201 2653 297 2730 uitae,
320 2650 402 2715 sicut
424 2650 574 2717 maculati
599 2654 629 2714 et
651 2650 781 2716 alicnati
802 2650 841 2715 ab
858 2669 894 2716 eo
909 2670 1132 2718 recesseramus
1156 2672 1211 2737 per

76 2757 281 2822 mediatorem
311 2753 430 2818 mortis.
469 2753 553 2819 sicut
582 2752 666 2819 enim
696 2754 839 2821 diabolus
869 2755 1021 2837 superbus
1052 2755 1210 2821 hominem

44 2860 311 2943 »superbientem
332 2856 476 2941 perduxit
499 2859 538 2925 ad
560 2860 705 2939 mortem,
728 2859 776 2925 ita
792 2858 935 2925 cbristus
958 2859 1087 2926 humilis
1110 2860 1212 2925 homi-

75 2984 146 3030 nem
183 2963 397 3028 oboedientem
429 2960 553 3028 reduxit
582 2965 620 3029 ad
654 2963 770 3041 uitam;
805 2963 878 3046 quia
910 2962 994 3027 sicut
1025 2963 1080 3028 ille
1110 2964 1211 3029 elatus

77 3068 194 3134 occidit
223 3069 256 3130 et
286 3066 398 3131 deiecit
428 3065 682 3147 consentientem,
714 3068 759 3133 sic
789 3068 848 3132 iste
871 3064 1057 3133 humiliatus
1079 3065 1214 3135 surrexit

77 3174 109 3235 et
132 3170 234 3236 erexit
263 3171 449 3235 credentem.
487 3170 561 3251 quia
591 3169 676 3234 enim
698 3189 760 3236 non
782 3174 965 3253 peruenerat
989 3170 1130 3237 diabolus
1153 3189 1214 3253 quo

78 3274 146 3355 ipse
161 3272 400 3355 perduxerat-
411 3273 544 3337 mortem
558 3272 671 3355 quippe
687 3272 817 3355 spiritus
832 3273 865 3338 in
879 3273 1043 3354 impietate
1058 3273 1213 3355 gestabat,

46 3376 132 3442 osred
155 3377 293 3440 mortem
308 3376 410 3440 curnis
427 3394 489 3441 non
512 3374 660 3458 subierat,
686 3376 761 3457 quio
784 3394 840 3442 nec
861 3374 1086 3441 indumentum
1109 3394 1214 3440 susce·

79 3484 229 3561 perat-
245 3496 378 3562 magnus
399 3477 520 3543 bomini
542 3478 708 3544 uidebatur
728 3479 870 3562 princeps
886 3478 918 3544 in
940 3477 1119 3562 legionibus
1142 3477 1215 3544 dae·

79 3600 220 3659 monum,
251 3599 411 3665 perquer
439 3580 638 3647 fallaciarum
668 3598 800 3665 regnum
829 3581 959 3662 exercet,
988 3583 1034 3648 sic
1057 3581 1216 3647 hominem

183 3769 201 3823 2
220 3768 234 3823 l
251 3767 311 3824 Cor.
331 3770 371 3836 15,
387 3770 423 3826 23
526 3770 543 3824 4
561 3768 678 3841 Philipp.
697 3766 723 3836 3,
741 3769 773 3824 21
879 3767 969 3825 1510.
989 3768 1030 3834 17,
1048 3767 1083 3822 23

132 3941 333 4011 iprooeuitD
426 3943 679 3998 treeurrectionem
691 3938 734 3995 D²
827 3938 1150 4010 booniormecorporeP

80 4027 208 4096 inortrc
229 4025 285 4084 0¹c
374 4029 473 4083 salum
493 4029 549 4084 (Po
640 4027 841 4085 rerurrectionis
861 4027 899 4081 P¹
993 4026 1143 4094 Sutrtque
1161 4038 1218 4078 rom

82 4112 121 4169 Ρ·
232 4115 260 4168 ec
286 4113 315 4167 in
341 4117 425 4168 morte
453 4129 503 4170 om.
529 4115 568 4170 D¹
690 4116 707 4171 9
735 4114 818 4187 etin
845 4124 911 4168 socr.
938 4110 1008 4168 D‘T
1118 4111 1151 4164 12
1179 4109 1217 4163 Er

80 4199 139 4254 eod·
158 4199 178 4254 1.
197 4202 301 4269 quarto.
319 4199 352 4254 do
369 4199 513 4255 modistore
530 4209 557 4260 et
572 4213 622 4268 oct.
642 4203 671 4264 Τ
768 4202 788 4255 t.
806 4197 831 4254 Χ
849 4212 901 4254 om.
919 4196 976 4256 ΒΤ
1073 4198 1107 4254 lo
1123 4194 1219 4265 lnqnld

85 4285 110 4339 l·
212 4285 245 4340 lo
270 4283 421 4340 conoumnti
452 4284 480 4340 T
571 4315 654 4363 mm
685 4288 722 4350 T¹
826 4289 977 4347 creatorem
1001 4285 1083 4340 ffrum
1111 4282 1151 4338 D¹

82 4371 116 4426 18
137 4370 323 4426 mil!
347 4370 386 4425 Ρί
486 4369 514 4429 Ἢ
536 4386 619 4460 plotus
642 4384 699 4450 0¹3
726 4391 778 4436 om.
797 4373 843 4430 D¹
952 4371 988 4436 24
1012 4374 1097 4428 morte
1125 4367 1153 4424 D

80 4456 116 4513 25
133 4459 218 4512 morto
236 4457 293 4513 G‘c
393 4455 545 4541 comitant
558 4491 656 4567 Bm,
765 4463 800 4521 27
816 4461 1000 4536 donatiuum
1018 4459 1060 4519 Go
