2760 4814
139 308 207 376 342
627 304 788 375 nugrppn

140 500 278 565 nondum
308 497 391 563 enim
421 496 563 562 dominus
583 496 711 560 uenerat
734 496 773 559 ad
794 492 961 571 infernum,
993 497 1029 560 nt
1051 493 1174 559 erueret
1195 491 1272 558 inde

140 601 281 666 omnium
304 604 482 666 sanctorum
505 598 756 682 praecedentium
773 597 910 674 animas;
932 601 964 664 et
986 602 1090 664 tamen
1107 596 1268 663 Abrabam

139 707 171 770 in
194 703 299 787 requie
320 703 367 769 ibi
389 707 465 770 erat.
500 703 532 768 et
553 701 679 786 quidam
698 702 785 767 diues
808 719 879 766 oum
901 702 1098 784 torqueretur
1114 699 1197 787 apud
1218 701 1268 764 in·

139 806 230 887 ieros,
254 825 324 872 oum
347 806 469 873 uideret
490 804 661 883 Abraham,
689 804 809 870 leuauit
831 805 946 871 oeulos.
986 822 1140 871 nonaum
1162 804 1268 886 posset

138 910 251 976 lenatia
272 911 370 978 oeulis
392 910 508 984 uidere,
533 909 595 974 nisi
617 909 671 975 ille
693 911 775 974 esset
798 908 949 990 superius,
978 908 1032 973 ille
1054 906 1196 973 inferius.
1234 914 1305 972 ets

138 1011 213 1096 quid
235 1012 264 1077 ei
286 1013 446 1096 respondit
468 1012 639 1088 Abraham,
669 1030 740 1077 oum
763 1011 896 1077 diceret:
918 1016 1031 1094 pater
1054 1011 1266 1089 Abraham,

138 1117 256 1181 mitte
278 1117 468 1183 Lazarum
491 1119 534 1181 nt
556 1115 766 1200 intinguat
788 1116 959 1199 digitum
982 1133 1092 1181 suum
1116 1117 1153 1180 et
1175 1114 1267 1179 stil-

139 1219 195 1284 let
240 1218 278 1284 in
315 1219 493 1304 linguam
527 1239 661 1300 meam,
700 1221 881 1304 qnoniam
927 1221 1081 1287 oruoior
1117 1221 1156 1284 in
1190 1218 1265 1303 hao

136 1323 322 1389 flamma?
343 1323 429 1399 fili,
453 1323 509 1401 ait,
533 1325 726 1390 memento
750 1325 843 1408 quia
864 1323 1081 1408 percepisti
1103 1325 1202 1388 bona
1225 1322 1265 1385 in

136 1425 222 1492 uita
254 1428 337 1503 tna,
371 1426 543 1492 Lazarus
576 1428 709 1493 autem
745 1429 863 1512 mala3
902 1444 1003 1492 nuno
1036 1428 1165 1491 autem
1198 1425 1304 1489 hiero

136 1529 375 1611 requiescit,
410 1532 450 1595 tu
481 1549 573 1614 uero
604 1532 816 1612 torquatis.
850 1533 888 1596 et
917 1549 1038 1613 super
1067 1530 1173 1604 haee,
1207 1528 1264 1602 ait,

137 1633 245 1697 inter
278 1650 346 1699 noa
369 1635 410 1699 et
439 1654 503 1700 nos
527 1634 647 1700 cbaos
677 1653 855 1717 maguum
889 1635 1091 1700 firmatum
1114 1632 1187 1708 est,
1222 1633 1266 1696 ut

135 1752 206 1801 neo
238 1754 306 1802 nos
338 1738 538 1821 possimus
572 1737 707 1803 uenire
729 1738 776 1802 ad
799 1757 865 1805 uos
900 1757 967 1804 neo
999 1738 1090 1802 indo
1111 1733 1264 1817 aliquis

135 1838 277 1903 uenire
301 1841 345 1905 ad
369 1858 445 1907 nos.
477 1859 550 1925 ergo
574 1842 655 1906 inter
670 1842 732 1907 ista
746 1840 876 1906 fortasse
891 1840 950 1907 duo
973 1839 1107 1920 inferna,
1131 1855 1263 1921 quornm

134 1943 167 2008 in
201 1958 262 2007 uno
296 1942 483 2025 quieuerunt
515 1945 637 2012 animae
674 1949 839 2027 iustorum,
877 1945 911 2010 in
945 1945 1044 2010 altero
1077 1945 1263 2027 torquentur
1273 1960 1307 2006 ra·

133 2043 256 2111 animae
289 2045 467 2130 impiorum,
501 2049 665 2115 attendens
698 2049 824 2131 qnidam
853 2066 943 2116 orans
973 2048 1035 2125 hio,
1070 2048 1133 2113 ianr
1155 2045 1207 2111 bio
1229 2047 1263 2110 in

133 2165 258 2232 torpore
279 2148 397 2216 Christi
419 2151 538 2235 positus
562 2153 593 2217 et
615 2171 704 2218 orans
728 2153 761 2218 in
784 2172 857 2218 uooe
878 2153 1005 2231 christi,
1030 2152 1145 2217 eruisse
1169 2148 1262 2214 deum

133 2249 270 2319 animam
301 2271 392 2319 snam
415 2256 454 2321 ab
475 2255 594 2321 inferno
624 2255 767 2322 inforiore
797 2257 885 2340 dixit,
917 2258 990 2339 quia
1020 2252 1167 2320 liberauit
1189 2270 1263 2316 sea

132 2354 250 2422 talibus
280 2357 426 2440 peccetis,
456 2376 510 2441 per
533 2367 610 2441 quae
639 2362 745 2441 posset
774 2359 884 2424 deduei
907 2361 945 2424 ad
969 2356 1125 2423 tormenta
1147 2353 1261 2420 inferni

133 2457 299 2524 inferioris.
339 2460 599 2543 quemadmodum
621 2462 648 2527 si
670 2462 808 2527 medians
831 2462 936 2528 uideat
959 2461 1016 2527 tibi
1039 2460 1261 2524 imminentem
1272 2478 1307 2524 ao·

132 2559 360 2645 aegritudinem
383 2561 462 2627 forte
485 2581 521 2627 en
547 2562 651 2647 aliquo
682 2562 787 2630 labore
809 2567 841 2630 et
864 2563 964 2629 dieat:
991 2580 1098 2646 „pares
1122 2560 1191 2642 tibi,
1216 2564 1261 2626 sie

132 2665 164 2728 te
194 2664 311 2748 traeta3
349 2667 514 2748 requiesce,
548 2665 597 2732 his
631 2668 708 2733 cibis
741 2669 845 2748 uters3
882 2685 954 2731 nam
985 2666 1012 2731 si
1043 2685 1103 2730 non
1136 2667 1260 2741 fereris,

134 2767 349 2852 aegrotabis¹‘;
385 2770 548 2834 tuentem
571 2771 598 2835 si
620 2768 727 2835 feceris
752 2776 783 2835 et
807 2771 913 2835 saluus
936 2768 1041 2850 fueris,
1075 2771 1158 2833 reete
1181 2767 1262 2833 dieis

132 2868 271 2935 medico:
296 2871 457 2952 „liberasti
479 2893 529 2938 me
551 2876 591 2940 ab
613 2873 838 2958 aegritudines
872 2891 933 2938 non
957 2872 988 2936 in
1012 2890 1073 2955 qua
1094 2874 1157 2936 iam
1181 2890 1261 2948 eras,

133 2971 188 3038 sed
220 2974 252 3038 in
287 2993 349 3057 qna
380 2974 503 3042 futurus
537 2995 615 3043 eras.
653 2977 755 3043 neseio
779 2977 848 3060 quis
871 2977 986 3042 habens
1010 2992 1134 3042 eausam
1160 2973 1307 3044 mole-ra·

131 3079 213 3142 stam
237 3077 410 3143 mittendus
433 3085 499 3144 erat
528 3079 563 3144 in
586 3098 749 3146 carcerem.
785 3079 872 3144 uenit
894 3077 985 3156 aliua,
1010 3076 1148 3143 defendit
1170 3094 1260 3159 eum;

130 3181 248 3262 gratias
269 3200 362 3264 agens
385 3183 459 3265 quid
481 3183 580 3249 dieite
606 3182 732 3269 „eruisti
754 3183 891 3248 animam
915 3200 1019 3247 meam
1043 3181 1079 3246 de
1103 3178 1259 3246 eandere“.

130 3284 363 3365 suspendendus
380 3287 448 3351 erat
463 3285 600 3368 debitor;
624 3288 762 3352 solutum
778 3288 824 3350 est
839 3304 893 3369 pro
910 3303 962 3368 θος
978 3284 1127 3351 liberatus
1144 3283 1261 3350 dieitur

131 3386 169 3451 de
202 3388 376 3470 suspendio.
415 3389 448 3451 in
483 3387 532 3453 his
565 3386 708 3453 omnibns
742 3406 802 3453 non
835 3389 931 3453 orant.
969 3389 1023 3453 sed
1046 3388 1120 3470 qnia
1143 3387 1260 3451 talibus

129 3489 252 3555 meritis
281 3492 452 3574 agebantur
475 3493 516 3568 et,
547 3489 606 3555 nisi
632 3491 821 3555 subuentum
844 3493 934 3565 esset,
967 3490 1011 3555 ibi
1034 3492 1156 3564 essent,
1187 3487 1307 3556 indeso-

129 3608 162 3655 se
185 3593 268 3656 reete
292 3591 401 3655 dieunt
424 3590 549 3656 liberari
572 3609 633 3674 qno
654 3611 709 3675 per
730 3590 912 3658 liberatores
929 3610 1075 3658 euoenon
1091 3591 1166 3656 annt
1187 3610 1260 3673 per·

232 3796 248 3848 6
269 3794 332 3849 Luc.
351 3797 393 3862 16,
411 3796 445 3850 24
457 3813 495 3865 sq.

180 3984 197 4039 9
223 3985 360 4054 pereipisti
390 3987 415 4040 Τ
515 3987 548 4040 15
575 3988 736 4054 torquentur
758 4002 789 4041 a:
819 3988 962 4054 torquetur
987 3985 1012 4038 Τ
1113 3985 1144 4037 21
1171 3999 1203 4038 ex
1229 4002 1261 4038 u:

127 4083 180 4124 mu.
205 4070 230 4123 Τ
330 4073 362 4125 25
391 4087 443 4140 qua
467 4088 499 4126 a:
531 4087 611 4139 quam
637 4072 663 4126 T
763 4072 797 4125 26
822 4086 952 4126 carcerem
977 4088 1008 4124 a:
1039 4085 1141 4124 earcere
1165 4069 1191 4123 Τ

127 4155 162 4209 28
180 4155 286 4210 debitur
304 4160 331 4226 (u
349 4159 381 4211 e'n
398 4173 414 4211 o
432 4173 502 4212 corr.
515 4162 589 4224 m.1)
610 4158 636 4211 Τ
737 4158 771 4212 30
789 4157 938 4227 agebantur
956 4174 987 4209 a:
1014 4155 1146 4227 agebatur
1166 4157 1192 4210 Τ

126 4241 161 4294 31
179 4240 287 4296 liberari
306 4244 340 4310 (ri
358 4260 376 4298 o
393 4245 460 4298 aad
477 4245 509 4299 aba
522 4243 634 4311 raa.)T
945 4279 948 4283 -
