2760 4814
253 300 420 369 Exserpta
437 317 474 356 ex
492 318 562 373 opp.
586 303 613 357 S.
631 304 819 373 Augustini
843 305 985 363 (1010111-
1123 311 1187 377 943

55 490 105 555 est
139 506 216 571 epus
245 488 355 553 liberis
377 490 536 573 liberator,
568 494 622 558 sed
652 494 760 575 seruis,
788 499 825 560 ut
856 498 885 561 ei
907 498 993 562 dieat
1014 498 1188 580 gratulatio

56 591 228 658 libertat':
260 592 412 658 saluam
440 594 581 661 fecisti
612 599 657 662 de
680 598 997 665 necessitatibus
1019 600 1187 666 animam

56 714 186 765 meam.
217 695 284 778 ipsa
305 698 388 761 enim
410 698 527 763 sanitas
550 703 598 763 est
616 719 691 766 uera
712 701 854 781 libertas,
877 722 955 785 quae
970 722 1031 769 nen
1046 705 1187 787 perisset,

57 797 85 863 si
112 797 194 865 bene
222 801 445 881 permansisset
472 802 628 868 uoluntas.
673 806 841 886 quieuere
864 808 1005 889 peccauit
1033 807 1189 881 noluntas,

35 905 166 969 saecuta
189 905 238 968 est
258 907 438 987 pensantem
459 908 621 988 peecatum
643 907 779 973 habendi
801 909 878 974 dura
891 908 1069 989 necessitas,
1093 909 1190 973 denae

58 1008 127 1071 teta
156 1008 284 1071 sanetur
315 1007 483 1074 infirmitas
512 1011 545 1074 et
572 1010 743 1094 aeeipiatur
772 1013 860 1076 tanta
887 1012 1024 1088 libertas,
1058 1011 1091 1075 in
1119 1029 1189 1094 qua,

58 1111 142 1175 sieut
168 1128 292 1175 neeesse
321 1115 379 1190 est,
407 1115 592 1194 permaneat
621 1113 709 1177 beate
739 1112 864 1179 uiuendi
893 1115 1047 1192 uoluntas,
1081 1115 1127 1179 ita
1153 1117 1190 1177 ut

58 1211 103 1277 sit
124 1212 220 1278 etiam
244 1214 318 1279 bene
340 1215 468 1279 uiuendi
491 1215 524 1279 et
546 1232 718 1297 numquam
740 1217 887 1298 peccandi
902 1215 1080 1281 noluntaria
1101 1214 1190 1279 felix·

58 1336 119 1401 que
140 1320 317 1386 necessitas.

23 1468 51 1509 re
102 1439 143 1505 X.
170 1440 342 1522 „Proinde“
366 1441 471 1524 inquit
495 1445 588 1527 „deus
613 1444 729 1508 benum
742 1442 901 1505 hominem
918 1440 992 1506 feeit
1007 1441 1038 1505 et
1052 1443 1190 1522 praeter·

59 1563 155 1628 quam
171 1546 263 1610 illum
277 1546 394 1611 benum
409 1547 495 1626 feeit,
514 1548 628 1612 benum
644 1547 672 1611 ei
690 1547 725 1610 nt
740 1546 857 1612 faeeret
874 1547 1001 1630 insuper
1015 1544 1193 1627 imperauit.

57 1668 155 1731 qnam
177 1648 321 1731 impium,
344 1654 381 1714 ut
396 1650 599 1715 confiteamur
622 1651 779 1715 hominem
802 1651 920 1715 malum
937 1668 1014 1731 esse,
1038 1649 1120 1731 qued
1136 1665 1194 1712 nee

58 1751 162 1818 faetus
185 1756 233 1817 est
255 1773 312 1819 nee
335 1755 363 1819 ei
378 1757 578 1837 praeceptum
595 1755 652 1835 est,
676 1754 703 1817 si
719 1772 868 1837 negemus
885 1772 957 1817 eum
972 1752 1089 1817 bonum
1104 1767 1193 1832 posse

59 1875 139 1935 esse,
152 1858 233 1939 qnod
244 1856 345 1922 faetus
358 1858 405 1921 est
417 1861 449 1921 et
456 1857 537 1940 qnod
546 1858 574 1922 ei
585 1858 622 1922 ut
634 1857 751 1921 faceret
763 1855 950 1939 imperatum
965 1854 1044 1919 est“.
1056 1854 1193 1935 Respon-

23 1986 50 2029 rs
58 1958 188 2024 demus:
213 1963 286 2043 quia
307 1979 380 2045 ergo
403 1980 463 2025 non
480 1981 513 2026 se
535 1963 600 2044 ipse
616 1961 719 2036 home,
743 1960 798 2025 sed
813 1961 888 2025 deus
904 1961 1019 2025 bonum
1035 1957 1193 2022 hominem

58 2064 149 2142 feeit
167 2064 242 2128 deus
253 2082 336 2147 enm,
352 2082 414 2128 nen
426 2083 458 2129 ae
473 2064 547 2146 ipse,
565 2067 601 2128 ut
616 2064 660 2128 sit
672 2064 782 2141 benus,
799 2063 917 2146 refecit,
933 2063 1009 2126 dum
1024 2061 1191 2138 nolentem,

58 2167 251 2247 credentem,
285 2167 482 2232 inuocantem
514 2168 629 2233 liberat
659 2186 677 2231 a
705 2167 798 2245 male,
831 2165 912 2247 qued
936 2163 996 2229 sihi
1019 2163 1083 2245 ipse
1105 2163 1191 2229 feeit.

58 2272 122 2337 hoe
151 2271 257 2335 autem
280 2269 326 2349 111,
350 2271 425 2334 dum
447 2272 550 2352 gratia
572 2271 622 2335 dei
644 2289 698 2351 per
720 2270 824 2335 Iesum
846 2268 1007 2334 Christum
1031 2265 1192 2331 dominum
1268 2310 1272 2317 -

61 2376 209 2441 nestrum
232 2378 402 2439 renouatur
424 2374 517 2439 home
540 2375 670 2438 interior
692 2374 730 2437 de
753 2372 803 2436 die
827 2372 861 2436 in
884 2373 976 2448 diem,
998 2372 1036 2434 ut
1057 2371 1095 2434 ad
1112 2388 1195 2434 sem·

18 2477 222 2562 sepiternum
256 2495 320 2542 nen
353 2495 494 2560 poenam,
537 2479 589 2542 sed
621 2475 721 2541 uitam
761 2480 906 2559 resurgat
938 2475 1029 2539 homo
1064 2472 1196 2537 exterior

60 2581 236 2648 nouissime
266 2581 325 2646 die.

108 2702 166 2768 XI.
192 2699 349 2788 „lternm“
376 2701 422 2764 ait
445 2702 673 2785 „quaerendum
689 2702 747 2776 est,
767 2701 841 2780 quot
857 2697 956 2763 medis
970 2701 1090 2762 constet
1106 2713 1196 2760 omne

61 2808 240 2890 peceatum.
284 2804 413 2885 duobus
443 2803 504 2867 nisi
535 2802 644 2868 fallor:
675 2802 703 2866 si
734 2806 789 2865 aut
812 2801 869 2865 illa
890 2800 969 2865 fiant
991 2819 1068 2881 quae
1091 2798 1196 2881 prohi-

63 2910 191 2983 hentur,
220 2912 276 2973 ant
304 2907 360 2972 illa
387 2926 449 2971 non
477 2908 554 2972 fiant
582 2926 660 2988 quae
688 2904 845 2970 iubentur.
890 2907 956 2968 tam
986 2904 1070 2967 eerte
1091 2902 1196 2966 omnia

25 3013 135 3090 silla,
159 3030 237 3095 quae
259 3010 416 3093 prohibita
438 3012 521 3087 sunt,
545 3010 641 3075 uitari
662 3010 803 3092 possunt,
827 3026 922 3090 quam
937 3024 1015 3090 quae
1032 3004 1197 3089 praecepta

66 3120 144 3181 sunt
165 3114 280 3199 perfici.
310 3133 383 3179 nam
405 3113 524 3178 frustra
545 3114 601 3178 aut
623 3112 839 3195 prohiberetur
861 3113 916 3175 aut
938 3109 1098 3175 iuberetur
1114 3106 1196 3190 qued

67 3218 122 3285 uel
138 3218 241 3283 caneri
257 3217 308 3281 uel
322 3216 447 3298 impleri
463 3234 524 3281 nen
540 3215 654 3299 posset,
678 3220 710 3279 et
725 3214 876 3297 quomode
901 3212 1087 3295 negabimus
1109 3230 1199 3295 posse

68 3340 138 3388 esse
162 3320 320 3387 hominem
343 3323 409 3385 sine
431 3325 568 3402 peceato,
593 3337 664 3383 eum
687 3316 828 3383 confiteri
850 3334 974 3382 neeesse
989 3318 1031 3381 sit
1047 3334 1119 3381 enm
1133 3317 1201 3379 tam

69 3423 179 3490 omnia
199 3423 266 3507 illa,
291 3442 369 3506 qnae
388 3423 545 3500 natantur,
568 3439 657 3504 pesse
673 3440 785 3486 eauere
801 3438 894 3503 quam
909 3438 988 3503 quae
1010 3420 1202 3501 imperantur

32 3525 234 3592 ”efficeress
259 3525 477 3610 Respondetnr
499 3526 601 3590 multa
623 3543 690 3590 esse
711 3525 744 3589 in
767 3522 930 3606 seripturis
953 3522 1070 3587 sanetis
1092 3520 1201 3587 diuina

69 3632 246 3713 praesepta,
284 3648 363 3711 quae
395 3626 501 3693 emnia
535 3645 777 3693 commemorare
811 3627 905 3691 nimis
940 3643 1115 3712 operosum⁸
1136 3628 1202 3709 est;

175 3814 253 3869 21²2.
271 3815 349 3879 30‚8
452 3816 484 3869 19
502 3814 537 3869 11.
555 3814 585 3869 11
603 3814 661 3869 Cor»
678 3815 704 3879 4,
724 3814 757 3868 16

124 3986 160 4041 10
176 3984 202 4039 X
220 3985 248 4039 P
264 3986 296 4039 in
307 4001 372 4055 mn:
399 4001 450 4041 em.
466 3986 492 4039 V
585 3986 616 4039 ll
635 3984 743 4053 insuper
761 3988 792 4037 ut
810 3984 909 4037 faceret
928 3982 983 4038 GP
1078 3984 1110 4037 13
1127 3984 1151 4037 si
1170 3982 1204 4038 V:

70 4074 101 4125 et
118 4070 146 4125 P
250 4072 284 4125 16
301 4070 395 4125 refecit
413 4071 494 4125 P¹V=
522 4070 607 4125 reiicit
625 4071 662 4124 1³²
765 4069 798 4124 18
816 4068 956 4124 Christum
979 4068 1015 4123 V:
1042 4084 1092 4123 em.
1111 4069 1138 4123 P

70 4157 244 4213 tannia
254 4174 319 4228 mp:
338 4174 388 4212 om.
405 4158 431 4211 V
518 4164 584 4227 quet
601 4158 635 4213 V:
652 4156 762 4226 quedP
848 4158 946 4211 24n0n
961 4156 1026 4212 GP:
1045 4172 1095 4212 om.
1112 4157 1138 4210 V

70 4244 107 4300 27
124 4246 216 4315 posset
232 4260 263 4297 a:
293 4246 379 4313 pessit
395 4244 452 4299 PV
551 4244 708 4313 negauimus
730 4245 756 4298 V
1165 4236 1170 4243 “
