2760 4814
169 259 231 328 168
650 256 818 327 Eugippii

167 453 199 517 in
228 449 345 515 mundo
373 447 574 530 permanente
602 447 656 512 isti
685 446 832 513 circuitus
860 446 968 513 fierent
993 447 1059 512 siue
1081 446 1174 512 certis
1196 446 1299 512 inter·

167 552 263 620 uallis
295 552 397 617 oriens
420 553 452 615 et
473 550 615 616 occidens
646 550 780 617 mundus
801 550 910 616 eadem
937 568 1059 632 semper
1088 549 1177 631 qnasi
1204 568 1297 628 noua,

167 674 248 740 quae
280 655 439 721 transacta
472 657 504 720 et
530 654 661 719 uentura
693 655 777 732 sunt,
810 652 979 719 exhiberet.
1018 671 1038 718 a
1070 671 1130 735 quo
1163 653 1298 719 ludibrio

167 767 293 844 prorsus
307 757 520 824 immortalem
535 757 684 832 animam,
708 757 805 823 etiam
821 775 893 821 cum
909 756 1100 838 sapientiam
1115 757 1297 842 perceperit,

167 864 299 930 liberare
328 879 390 926 non
417 862 545 945 possunt
567 864 693 926 euntem
715 861 782 926 sine
805 861 977 926 cessatione
1000 860 1038 925 ad
1061 860 1175 926 falsam
1197 860 1335 926 buti-s

168 968 308 1032 tudinem
336 965 367 1030 et
395 965 434 1029 ad
468 982 576 1029 ueram
608 964 768 1030 miseriam
801 964 867 1028 sine
902 963 1072 1028 cessatione
1105 963 1298 1028 redeuntem.

168 1073 321 1154 quomodo
343 1068 426 1133 enim
449 1085 524 1133 uera
545 1067 704 1132 beatitudo
727 1068 786 1145 est,
810 1067 848 1132 de
868 1069 955 1133 cuius
970 1085 1141 1150 numquam
1163 1067 1299 1131 aeterni-

167 1175 236 1239 tate
258 1171 435 1248 conliditnr‚
466 1172 541 1236 dum
572 1173 675 1236 anima
704 1172 869 1237 uenturam
902 1173 1060 1237 miseriam
1090 1174 1145 1237 aut
1170 1172 1299 1254 imperi·

167 1279 289 1343 tissime
322 1276 355 1340 in
389 1275 523 1340 ueritate
560 1274 662 1340 nescit
698 1278 753 1341 ant
790 1274 1004 1340 infelicissime
1038 1277 1071 1340 in
1103 1274 1299 1340 beatitudine

168 1379 389 1465 pertimescit?
421 1384 454 1443 at
476 1378 504 1443 si
526 1382 564 1446 ad
586 1378 728 1444 miserias
751 1397 922 1462 numquam
945 1379 1078 1444 ulterius
1100 1377 1240 1443 reditura
1263 1397 1336 1446 exso

168 1484 218 1548 liis
241 1486 280 1549 ad
303 1481 530 1548 beatitudinem
559 1483 673 1566 pergit,
703 1481 741 1547 lit
770 1501 842 1565 ergo
865 1481 984 1565 aliquid
1006 1482 1080 1547 noui
1101 1482 1134 1546 in
1157 1483 1298 1564 tempore

169 1586 251 1668 qnod
284 1585 380 1650 finem
414 1603 475 1650 non
508 1585 603 1651 habet
636 1587 803 1669 temporis
833 1605 889 1651 cur
914 1605 976 1651 non
999 1604 1073 1670 ergo
1096 1586 1298 1670 otmundus,

169 1707 225 1755 our
257 1708 319 1755 non
349 1693 381 1754 et
407 1689 500 1756 homo
534 1689 637 1755 factus
664 1691 695 1756 in
724 1690 851 1770 mundo,
886 1690 994 1755 atilli
1025 1691 1128 1756 nescio
1150 1691 1204 1772 qui
1224 1690 1299 1755 falsi
1327 1724 1343 1759 o

168 1793 318 1858 circuitus
340 1811 360 1856 a
382 1793 471 1858 taleis
493 1793 687 1876 sapientibus
702 1793 926 1877 fallacibusque
942 1795 1094 1875 comperti
1108 1796 1140 1858 in
1156 1793 1300 1858 doctrina

168 1914 243 1962 sana
275 1896 403 1961 tramite
436 1896 514 1961 recti
548 1897 668 1962 itineris
702 1898 866 1963 uitentur?
898 1917 971 1962 nam
1000 1897 1127 1980 quidam
1154 1897 1187 1961 et
1214 1895 1335 1963 illudes

168 2000 250 2083 quod
272 2000 390 2082 legitur
406 2002 439 2064 in
454 1999 533 2066 libro
549 1998 736 2081 Salomonis,
752 2001 806 2084 qui
824 2001 954 2068 uocatur
969 2000 1180 2066 ecclesiastes:
1202 1999 1298 2083 quid

168 2103 349 2187 estquod
383 2102 486 2168 fuiti
522 2103 648 2187 ipsum
678 2103 889 2187 quoderit.
929 2108 968 2169 et
997 2105 1090 2186 quid
1114 2103 1299 2185 estquod

169 2208 320 2275 fectum
356 2204 441 2272 est?
478 2209 604 2290 ipsum
640 2207 740 2289 quod
776 2208 868 2292 fiet3
905 2211 943 2271 et
979 2224 1052 2272 non
1089 2210 1151 2271 est
1187 2224 1298 2272 omne
1323 2242 1344 2281 o

168 2329 305 2378 recens
340 2313 409 2376 sub
441 2310 532 2376 sole.
572 2313 637 2392 qni
670 2310 857 2393 loquetur
887 2315 924 2375 et
946 2311 1073 2376 dicet:
1107 2328 1193 2376 ecce
1229 2309 1299 2375 hoc

167 2434 310 2482 nonum
333 2419 410 2479 est:
438 2416 513 2479 iam
536 2413 618 2479 fuit
640 2413 678 2478 in
701 2413 873 2479 saeculis
902 2432 1000 2495 quse
1020 2413 1184 2479 fuerunt
1206 2415 1337 2484 antero

167 2534 252 2597 nos,
285 2517 414 2600 propter
435 2516 490 2580 hos
520 2515 668 2581 cnouitns
697 2517 729 2581 in
751 2518 859 2582 eadem
887 2517 1054 2582 redeuntes
1078 2516 1165 2581 etin
1187 2516 1299 2582 eadem

169 2621 284 2686 cuncta
312 2619 492 2684 reuocantes
521 2619 640 2684 dictum
670 2619 812 2703 intellegi
844 2620 970 2701 uoluut;
999 2623 1079 2702 quod
1105 2619 1160 2685 ille
1183 2627 1238 2685 aut
1260 2619 1299 2685 de

167 2723 218 2790 his
250 2723 342 2788 rebus
376 2723 464 2800 dixit,
493 2722 531 2787 de
559 2722 671 2804 quibus
704 2725 845 2804 superius
867 2723 1061 2806 loquebatur,
1096 2722 1154 2789 hoc
1183 2725 1232 2788 est
1259 2722 1299 2788 de

168 2824 423 2911 generationibus
452 2825 523 2890 aliis
552 2825 706 2909 euntibus,
738 2825 809 2891 aliis
839 2824 1049 2905 uenientibus,
1080 2826 1119 2890 de
1141 2826 1215 2891 solis
1239 2843 1298 2891 an-

167 2927 328 3009 fractibus,
352 2928 391 2994 de
412 2927 600 2994 torrentium
620 2927 768 3012 lapsibus,
792 2935 847 2994 ant
870 2931 955 2996 certe
976 2930 1014 2994 ds
1029 2931 1168 2996 omnium
1190 2948 1336 3003 rerum„

167 3032 343 3117 generibus,
366 3050 445 3115 quae
460 3030 604 3097 oriuntur
618 3032 711 3115 atque
726 3032 879 3098 occidunt.
903 3032 1033 3098 fuerunt
1048 3031 1133 3096 enim
1155 3032 1299 3115 homines

167 3136 240 3201 ante
261 3153 327 3218 nos,
355 3136 483 3201 suntet
506 3132 680 3213 nobiseum,
710 3137 802 3201 erunt
824 3135 856 3200 et
877 3136 948 3219 post
975 3152 1049 3214 nos;
1080 3136 1127 3201 ita
1154 3153 1297 3219 quaeque
1335 3194 1344 3207 ,Α

169 3237 345 3304 animantia
372 3237 424 3302 uel
452 3238 588 3304 arbusta
623 3241 764 3303 monstra
792 3255 912 3322 quoque
934 3238 1013 3321 ipsa,
1036 3256 1116 3322 quae
1144 3237 1300 3305 inusitata

1327 2776 1344 2819 ’Ξ

271 3426 304 3481 16
322 3424 408 3480 Eccle.
428 3426 451 3492 1,
470 3425 536 3494 9sq.

219 3596 233 3650 1
257 3595 374 3650 inorsa.
392 3594 430 3661 P;
456 3609 506 3650 oct
529 3594 556 3650 T
654 3593 808 3650 amundus
831 3595 861 3651 P
957 3595 976 3649 4
1001 3594 1143 3664 perciperit
1165 3595 1231 3651 MV

166 3680 183 3734 1
201 3694 268 3735 ποτε
281 3695 366 3736 coco
462 3679 480 3736 8
497 3680 614 3736 animam
631 3680 669 3737 P¹
767 3680 966 3751 imperitissimi
983 3680 1022 3735 P¹
1120 3680 1137 3734 9
1154 3680 1301 3737 beatudine

166 3782 184 3822 o
287 3765 320 3820 10
337 3764 376 3835 at]
395 3767 456 3821 eto
557 3764 604 3836 ad]
623 3769 653 3821 at
676 3766 714 3821 P¹
819 3768 853 3822 11
873 3768 948 3837 noui]
968 3768 1032 3821 noui
1049 3782 1103 3821 uon
1125 3766 1231 3824 anVo

168 3852 202 3908 12
218 3869 287 3924 quur
304 3852 368 3909 m>
460 3867 524 3922 ergo
542 3868 594 3908 non
613 3853 640 3909 T
735 3853 769 3908 13
785 3855 841 3924 qni]
861 3869 977 3923 querno
1081 3855 1114 3909 14
1130 3852 1230 3909 falsie

166 3939 301 4008 oopertie
326 3940 455 3994 oomnerti
472 3939 501 3994 P
586 3938 750 3996 doctrinabili
762 3941 900 3996 atramite
916 3940 945 3995 P
962 3942 1085 4008 (ancos.)
1177 3941 1211 3997 lo
1228 3942 1301 3998 recte

169 4022 206 4082 T*
297 4027 440 4098 quideme
538 4027 710 4096 reloquitur
726 4027 834 4083 MPVo
928 4028 996 4082 dicit
1016 4029 1052 4084 Τ·
1145 4027 1181 4083 ab
1198 4028 1303 4084 saeculi

166 4128 184 4168 c
258 4113 294 4169 21
307 4113 367 4185 bor]
380 4113 430 4169 boo
441 4113 486 4171 Po
559 4113 594 4169 24
605 4114 790 4184 gentionibns
803 4114 833 4170 P
896 4114 932 4171 26
943 4114 1064 4170 laboibus
1080 4113 1106 4169 V,
1172 4114 1207 4168 27
1220 4119 1303 4171 erunt

168 4201 230 4264 (ore.
247 4201 284 4268 et)
302 4198 358 4254 P¹o
457 4201 551 4270 iteque
567 4214 620 4270 quq
636 4215 654 4255 o
1115 4207 1123 4255 ·.
