2760 4814
167 287 228 358 [ω
570 320 607 333 ·-
649 289 814 361 Eugippil
923 320 929 333 ι

524 531 526 536 s
663 477 796 564 XXVI.
915 526 919 535 ·

161 671 209 745 ns
241 671 349 744 arcuo
382 671 561 743 sornupsss
593 672 677 743 sons
710 673 754 742 sn
775 671 882 742 ¹refers.
932 670 979 741 nx
1010 669 1116 720 smao
1148 670 1214 719 vm
1247 671 1294 719 nn

204 806 213 846 7
233 774 372 826 1onsne1
393 777 441 824 en
463 776 638 847 pinnensis
662 776 769 826 rursu
789 775 923 825 onnam
944 773 989 823 ur
1010 774 1057 822 en
1079 771 1207 821 nocvrs

110 896 151 964 41
179 942 184 950 ι
206 892 354 979 Sequitur
380 897 417 961 nt
443 894 607 962 rideamus
629 896 668 961 de
689 893 774 978 ligno
796 894 945 961 scientiae
973 893 1154 961 dinoscendi
1177 893 1295 958 bonnm

162 999 195 1064 et
211 996 355 1067 uratum.
384 998 509 1082 prorsus
540 1003 573 1066 et
600 998 665 1064 boc
688 999 907 1083 lignumerat
924 997 1061 1063 -nisibile
1082 1001 1114 1062 et
1136 995 1330 1078 corporales

162 1101 247 1168 naut
266 1101 391 1168 arbores
421 1106 552 1168 oeterm.
585 1101 682 1185 quod*
697 1117 770 1186 erge
798 1101 920 1186 liguum
940 1105 1021 1167 esset
1044 1117 1105 1166 non
1126 1104 1176 1166 ost
1198 1098 1295 1166 dnbi-

161 1205 303 1284 taudum,
317 1204 382 1283 ,sed
395 1223 451 1270 our
464 1205 650 1281 boenomen
667 1204 821 1290 acceperit
837 1203 1072 1287 requirendum.
1101 1203 1181 1269 mihi
1196 1205 1293 1268 etiarn

59 1373 63 1382 ,
161 1307 254 1392 atque
272 1308 370 1374 etiam
384 1307 607 1375 consideranti*
621 1306 685 1373 dici
706 1323 767 1373 non
790 1309 895 1391 potest
917 1312 1069 1391 quantum
1089 1306 1215 1392 placeat
1235 1305 1295 1371 illa

160 1411 329 1492 sententia,
349 1428 412 1477 nen
434 1409 529 1476 fuisse
551 1411 644 1476 illam
655 1412 798 1479 arborem
814 1411 883 1478 cibo
898 1413 1021 1476 noxiam
1034 1446 1078 1458 ·-
1093 1428 1192 1493 neque
1207 1407 1294 1474 enim

161 1513 227 1597 quui?
242 1513 361 1580 fecerat
389 1515 495 1580 omnia
522 1513 605 1581 bona
631 1515 724 1580 ualde
741 1515 778 1580 in
800 1515 944 1597 paradiso
965 1516 1149 1580 institueret
1169 1511 1294 1596 siquid
1304 1534 1330 1575 ιο

160 1616 243 1682 muli
259 1651 302 1665 -
323 1617 378 1683 sed
399 1617 520 1682 malum
540 1616 635 1683 tuisse
664 1617 786 1684 homini
817 1617 1099 1702 transgressionem
1124 1616 1294 1702 praecepti.

160 1718 326 1802 oportebat
359 1721 466 1786 antem
488 1723 531 1786 ut·
546 1721 637 1787 bomo
667 1722 726 1788 sub
754 1722 881 1788 domiuo
911 1722 970 1788 deo
998 1721 1119 1805 positus
1149 1719 1294 1786 alicunde

160 1823 386 1907 prohiberetur,
415 1826 456 1890 ut
483 1824 513 1890 ei
540 1826 736 1908 promerendi
766 1824 928 1903 dominum
955 1845 1047 1891 suum
1076 1824 1182 1889 uirtus
1209 1828 1294 1888 esset

161 1926 230 2011 ipse
250 1925 454 2008 oboedientia,
488 1945 584 2011 quam
616 1933 743 2011 possum
775 1931 937 1996 uerbsime
966 1929 1068 1995 dicere
1095 1928 1196 1994 solam
1224 1944 1294 1992 esse

160 2029 313 2094 nutstem
345 2028 432 2096 omni
464 2029 628 2096 creaturas.
650 2031 797 2097 rationali
825 2032 933 2116 agenti
946 2068 948 2073 Α
961 2032 1019 2098 sub
1048 2033 1100 2098 dei
1126 2032 1292 2114 potestate,
1305 2052 1330 2093 ιι

160 2132 359 2216 primumque
386 2152 453 2200 esse
475 2135 510 2201 et
529 2133 702 2200 maximum
729 2135 846 2200 uitium
871 2135 1006 2206 tumoris
1028 2138 1067 2201 ad
1089 2135 1213 2199 ruinam
1235 2151 1295 2198 sno

159 2238 314 2322 potestate
341 2237 424 2303 uelle
452 2239 509 2316 ub,
539 2239 627 2304 onius
651 2237 723 2304 uitii
744 2257 859 2304 nomeu
880 2240 930 2303 est
950 2237 1192 2304 inoboedientia.
1229 2254 1293 2302 non

161 2342 245 2406 esset
276 2356 348 2424 ergo
381 2341 464 2408 unde
488 2341 638 2423 eunome
672 2340 834 2407 dominum
867 2341 980 2408 babere
1013 2340 1166 2424 cogitaret
1197 2340 1294 2422 utque

160 2443 300 2522 sentiret,
317 2443 385 2508 nisi
408 2443 438 2508 ei
459 2443 582 2528 aliquid
607 2443 776 2510 iuberetur.
803 2446 904 2510 arbor
931 2444 1035 2528 itaque
1057 2443 1116 2509 illa
1138 2459 1201 2509 non
1223 2447 1294 2508 erat

160 2544 255 2624 mala,
278 2545 511 2631 sedappellata
532 2551 581 2611 est
599 2546 752 2613 ,scientiae
775 2546 957 2613 dinosoeudi
979 2547 1097 2614 benum
1111 2549 1144 2612 et
1159 2546 1329 2625 malumno

159 2650 235 2733 quio
255 2649 284 2715 si
311 2653 383 2734 posi
399 2648 656 2733 prohibitionem
677 2669 713 2716 ex
735 2650 791 2716 illa
819 2650 912 2716 home
940 2651 1054 2730 ederet,
1087 2650 1121 2716 in
1144 2651 1201 2717 illa
1221 2651 1294 2716 erat

159 2753 316 2836 prueoepti
338 2752 446 2818 futura
468 2754 685 2838 transgressio,
712 2755 751 2819 in
769 2771 832 2837 qna
854 2753 947 2820 bomo
969 2773 1025 2838 per
1043 2753 1293 2836 experimentum

159 2872 275 2937 poenae
304 2854 437 2922 disseret
465 2855 542 2938 quid
570 2857 738 2922 interesset
766 2858 849 2922 inter
877 2856 1092 2924 oboedientiae
1121 2858 1236 2923 bonum
1258 2859 1293 2921 et

159 2956 407 3024 inoboedientiae
430 2960 575 3026 ⁸malum..
600 2961 728 3044 preinde
751 2964 785 3026 et
811 2960 869 3026 hoc
894 2979 956 3027 non
977 2961 1013 3027 in
1034 2961 1135 3045 figura
1157 2960 1292 3039 dietum

159 3064 227 3129 sed·
246 3081 319 3129 nere
352 3064 509 3146 quoddam
540 3065 675 3150 lignum,
693 3064 929 3151 accipiendum
965 3067 1016 3132 oui
1037 3081 1101 3130 nen
1122 3064 1163 3129 de
1184 3062 1329 3130 tructus

159 3165 211 3232 nel
243 3184 346 3251 pomo,
378 3167 462 3250 quod
494 3167 634 3234 indidem
659 3172 847 3249 nasceretur,
879 3171 937 3235 sed
965 3189 1008 3235 es
1022 3169 1092 3252 ipsa
1121 3187 1154 3233 re
1175 3185 1295 3234 nomen

158 3268 341 3353 impositum
364 3272 423 3347 est,
446 3289 527 3354 quae
550 3270 605 3337 illo
627 3275 735 3337 contra
756 3272 893 3337 uetitum
907 3273 992 3339 tacto
1016 3273 1119 3338 iuerat
1134 3271 1295 3337 secuturo.

262 3456 280 3510 2
296 3456 329 3511 ci.
348 3455 415 3510 Gen.
432 3456 456 3523 2,
477 3457 510 3510 16
527 3459 555 3511 et
574 3458 605 3512 17
710 3457 743 3512 10
759 3457 792 3513 ol.
811 3456 878 3512 Gen.
899 3460 923 3524 1,
940 3458 972 3513 31

210 3626 303 3700 lm·
319 3625 369 3697 XL
384 3626 415 3688 ,Τ
438 3625 500 3680 XLI
518 3627 551 3696 Pz
569 3626 712 3701 2211,ου
732 3698 737 3706 .
788 3627 903 3702 tvm]
922 3628 1092 3696 oeeMPV;
1119 3629 1160 3686 XI
1180 3629 1220 3685 To

157 3710 286 3767 summ
303 3711 370 3766 rso
453 3713 834 3792 inser-rosumere
873 3747 875 3752 -
904 3715 1038 3791 esser
1126 3704 1147 3770 τ’
1162 3702 1292 3789 measse

161 3795 188 3852 V
287 3797 367 3868 milri]
385 3813 421 3850 m.
440 3801 530 3852 autem
548 3799 618 3855 PTu
722 3799 756 3854 10
773 3796 969 3855 institueritl'
993 3801 1169 3856 constitueret
1184 3816 1203 3855 c
1228 3815 1293 3855 eon·

156 3883 280 3938 etitnsrit
296 3883 325 3938 P
428 3885 460 3940 ll
480 3885 587 3939 bomine
608 3886 644 3941 2¹¹
749 3886 782 3941 12
799 3885 942 3941 aliundeo
1046 3888 1079 3942 lb
1101 3886 1232 3941 uirtutem
1254 3885 1294 3952 V;

157 3983 200 4023 em
216 3968 313 4024 inrue.
331 3985 351 4022 a
367 3972 436 4025 m.2
523 3971 556 4025 16
574 3970 660 4025 sniP
752 3973 784 4027 17
802 3971 908 4042 nomen]
928 3988 981 4028 non
999 3972 1037 4027 P'
1127 3972 1159 4026 19
1177 3971 1240 4042 nisi]
1262 3973 1293 4027 ni

157 4053 195 4109 1²¹
292 4054 324 4110 21
344 4056 589 4126 qniasi1qnasio
691 4057 726 4112 22
743 4057 907 4129 trangressio
924 4059 953 4113 P
1054 4059 1088 4113 23
1105 4061 1233 4114 interesse
1252 4058 1293 4113 Ρι

157 4139 303 4196 interesto
406 4141 440 4196 24
458 4140 611 4197 inobeutiae
628 4143 657 4198 P
739 4145 768 4198 in
786 4160 837 4200 coe
856 4144 893 4199 ΡΙ
994 4144 1029 4200 26
1046 4145 1230 4215 accipiendum
1248 4147 1293 4200 eet

157 4225 223 4283 Pu
304 4228 389 4283 uode
406 4244 483 4298 pomo
500 4228 540 4295 P;
567 4229 600 4284 de
616 4228 760 4285 addat
845 4231 969 4286 indePb
1057 4231 1221 4287 litantuo
