2760 4814
319 363 485 433 Excerpta
502 381 539 418 ex
556 379 625 432 opp.
645 363 672 416 S.
690 363 880 432 Augustini
905 361 1085 418 ccdxunn.
1181 366 1264 434 1089

138 559 181 622 ct
203 555 433 621 scandalum
449 555 487 618 in
503 572 544 618 eo
560 573 632 619 non
648 556 714 618 eet.
738 553 939 619 manifestum
955 556 1012 631 est,
1028 554 1109 636 quod
1124 555 1263 623 iustitiae

140 660 360 743 perfectionem
382 657 414 721 in
438 656 545 721 fratris
568 656 735 722 dilectione
749 657 905 741 posuerit;
921 676 993 722 nam
1008 658 1040 722 in
1057 676 1116 740 quo
1132 660 1264 725 scanda-

140 766 208 828 lum
231 779 293 826 non
308 762 365 838 est,
382 760 490 843 utique
504 760 660 843 perfectus
676 765 733 825 oet.
757 761 909 825 ettamen
924 761 1049 826 uidetur
1064 761 1264 828 dilectionem

140 866 192 932 dei
214 866 358 932 tacuisse.
380 865 462 949 quod
485 881 656 946 numquam
679 863 805 941 faceret,
829 865 891 928 nisi
910 865 984 946 quia
998 866 1031 930 in
1046 865 1115 949 ipsa
1127 867 1265 932 fraterna

114 969 309 1035 edilectione
341 969 411 1033 nuit
444 967 585 1051 intellegi
614 967 715 1032 deum.
754 967 951 1050 apertissime
981 968 1127 1033 enimin
1156 970 1264 1036 eadem

140 1073 276 1156 epistula
304 1072 397 1154 paulo
425 1074 496 1154 post
525 1071 572 1136 ita
601 1071 693 1136 dicit:
732 1071 1011 1147 dilectissimi,
1045 1072 1263 1157 diligamus

139 1176 327 1254 inuicem,
362 1175 453 1257 quia
482 1173 653 1239 dilectio
683 1195 725 1240 ex
754 1177 823 1239 deo
855 1177 933 1255 est,
963 1180 1000 1241 et
1029 1176 1168 1255 omnis,
1199 1178 1264 1259 qui

140 1277 290 1362 diligit,
313 1296 354 1343 er
377 1280 448 1343 deo
470 1283 588 1342 natus
610 1279 672 1343 est
694 1281 733 1344 et
754 1279 943 1361 cognouit
965 1280 1083 1345 deum.
1107 1281 1173 1362 qui
1191 1299 1263 1347 non

140 1382 299 1467 diligit,
321 1401 393 1447 non
417 1385 604 1465 cognouit
628 1382 754 1455 deum,
778 1385 865 1465 quia
887 1383 979 1448 deus
1002 1382 1169 1449 dilectio
1192 1386 1288 1464 ost„

103 1488 204 1552 mista
226 1486 381 1551 contextio
402 1487 479 1551 eatis
498 1488 664 1566 aperteque
682 1484 820 1550 declarat
834 1488 962 1551 eandem
979 1487 1078 1568 ipsam
1094 1486 1263 1551 fraternam

141 1588 342 1655 dilectionem
357 1627 397 1637 „.
414 1607 486 1654 nam
508 1589 648 1654 fraterna
664 1588 790 1654 dilectio
806 1592 861 1668 ost,
878 1608 938 1672 qua
954 1590 1113 1673 diligimus
1130 1590 1263 1655 inuicem

140 1709 266 1756 -non
289 1692 389 1757 solum
410 1710 447 1757 ex
470 1694 525 1757 deo
552 1696 605 1756 sed
639 1692 734 1757 etiam
759 1693 850 1758 deum
874 1712 942 1757 csse
964 1697 1056 1757 tanta
1079 1695 1264 1759 auctoritate

140 1796 323 1881 praedicari.
362 1814 432 1861 cum
455 1815 527 1880 ergo
552 1797 590 1861 de
616 1796 785 1861 dilectione
812 1795 974 1880 diligimus
990 1797 1131 1873 fratrem,
1155 1796 1192 1860 do
1208 1796 1263 1860 deo

143 1900 306 1984 diligimus
329 1899 457 1964 fratrem
478 1920 534 1965 noc
556 1900 623 1965 fieri
645 1901 757 1982 potest,
780 1904 816 1964 ut
839 1900 965 1964 eandem
988 1899 1185 1964 dilectionem
1202 1918 1263 1964 non

106 2004 305 2087 ropraecipne
335 2001 513 2086 diligamus
541 2023 602 2086 qna
630 2004 759 2067 fratrem
791 2002 962 2084 diligimus.
1000 2002 1081 2065 unde
1104 2001 1264 2084 colligitur

139 2108 202 2171 dno
217 2105 274 2170 illa
287 2109 450 2188 praccepta
466 2124 527 2170 non
544 2126 609 2171 esse
625 2125 713 2189 posse
729 2106 795 2170 sine
811 2107 955 2171 inuicem.
990 2105 1134 2186 quoniam
1150 2107 1264 2188 quippe

139 2212 233 2275 dens
255 2210 419 2274 dilectio
441 2211 511 2288 est,
535 2211 627 2275 deum
643 2211 725 2274 certe
748 2209 853 2292 diligit
868 2211 921 2291 qui
936 2209 1042 2292 diligit
1056 2208 1263 2273 dilectionem.

139 2312 339 2379 dilectionem
361 2317 466 2378 autem
491 2331 615 2378 necesse
637 2315 686 2378 est
714 2313 828 2396 diligat
849 2315 903 2396 qui
926 2312 1032 2395 diligit
1053 2312 1194 2376 fratrem.
1233 2315 1265 2375 et

140 2417 221 2493 ideo,
255 2416 336 2497 quod
369 2417 464 2498 paulo
493 2422 564 2498 post
598 2417 652 2498 ait,
683 2437 755 2482 non
785 2419 917 2499 potest
947 2417 1056 2481 deum
1079 2415 1263 2497 diligere,

105 2518 1264 2603 oquemnonuidet,quifratrem,quemuidetnondiligit,

140 2623 215 2704 quia
242 2620 319 2687 haec
348 2622 404 2689 illa
434 2640 527 2688 cauea
549 2624 597 2687 ost
619 2640 678 2688 non
701 2623 825 2689 uidendi
848 2624 950 2703 deum,
974 2624 1054 2704 qnod
1077 2641 1138 2687 non
1160 2621 1264 2705 diligit

140 2727 281 2791 fratrem.
317 2726 370 2809 qui
400 2727 481 2791 enim
504 2746 563 2792 non
586 2726 692 2809 diligit
713 2727 852 2805 fratrem,
876 2732 1005 2792 nonest
1034 2728 1065 2792 in
1090 2725 1264 2801 dilectione,

141 2833 173 2895 et
188 2829 243 2911 qui
258 2849 317 2895 non
334 2832 382 2896 ast
396 2830 429 2894 in
445 2830 620 2908 dilectione,
636 2848 696 2895 non
711 2834 760 2895 est
775 2833 808 2896 in
819 2833 886 2908 deo,
903 2831 976 2912 quia
986 2829 1060 2894 deus
1073 2829 1196 2896 dilectio
1209 2834 1264 2893 est.

140 2949 231 3015 porro
247 2934 299 3015 qui
314 2950 375 2998 non
391 2935 439 2997 ost
454 2935 486 2997 in
501 2932 566 3009 deo,
583 2952 642 2997 non
657 2933 706 2998 est
720 2934 754 2998 in
772 2933 899 3011 lumine,
922 2934 995 3015 qnia
1016 2934 1111 2998 deus
1133 2932 1213 2996 lum
1223 2950 1264 2996 en

105 3038 202 3100 seso
231 3041 270 3099 et
299 3034 483 3101 tenebrae
512 3037 551 3100 in
583 3054 624 3102 eo
655 3055 731 3101 non
759 3042 851 3102 sunt
880 3036 995 3101 ullae.
1033 3037 1085 3119 qui
1109 3054 1180 3120 ergo
1204 3055 1265 3100 non

141 3140 191 3203 est
218 3138 252 3202 in
280 3138 406 3218 lumine,
430 3139 506 3222 quid
528 3141 653 3218 mirum,
683 3142 709 3206 si
739 3159 800 3206 non
829 3139 917 3204 uidet
943 3139 1058 3217 lumen,
1081 3140 1114 3204 id
1136 3140 1183 3205 est
1205 3158 1263 3204 non

141 3241 231 3307 uidet
252 3243 356 3326 doum,
380 3244 453 3324 quia
474 3244 506 3307 in
522 3243 657 3308 tenebris
672 3246 740 3307 est?
762 3243 892 3309 fratrom
907 3247 1012 3308 autem
1028 3243 1115 3307 uidet
1131 3243 1264 3307 humano

141 3347 223 3423 nmo,
258 3365 317 3428 quo
351 3346 451 3410 uideri
484 3346 558 3410 deus
587 3365 647 3411 non
675 3348 787 3429 potest
825 3347 879 3413 sod
907 3349 934 3411 ei
963 3364 1034 3411 eum
1062 3365 1153 3428 quem
1179 3347 1265 3411 uidet

243 3531 476 3600 6110.4,7sq.
582 3532 798 3597 19110.4,20
899 3533 1101 3598 24110.1,5

191 3701 209 3754 2
235 3701 396 3769 perfectione
422 3704 459 3759 M
560 3703 589 3756 in
612 3704 705 3757 fratris
728 3704 871 3760 dilectione
895 3706 931 3776 Q:
962 3722 1012 3762 om.
1037 3707 1074 3761 M
1172 3704 1190 3757 4
1213 3704 1266 3758 nisi

140 3790 179 3860 Q:
213 3803 264 3844 om.
291 3789 327 3842 M
372 3857 375 3863 Ι
432 3790 518 3858 ipsam
544 3788 689 3844 fraternam
715 3789 886 3845 dilectionem
913 3792 948 3848 M
1058 3792 1191 3849 oeadem
1217 3792 1265 3848 M:

138 3873 215 3928 edom
246 3874 270 3945 Q
372 3876 388 3930 6
415 3874 557 3944 epistulam
585 3875 620 3929 M
721 3876 755 3930 10
778 3877 913 3932 contextio
936 3878 986 3933 M:
1015 3878 1151 3932 contentio
1175 3877 1198 3948 Q

138 3960 250 4015 candem
276 3960 323 4014 M:
357 3960 469 4017 eundem
499 3961 522 4031 Q
626 3963 655 4016 ll
683 3978 736 4031 qua
765 3962 800 4033 Q:
831 3964 895 4032 quia
920 3963 959 4017 M
1059 3965 1093 4019 12
1116 3966 1196 4018 tanta
1221 3963 1266 4018 M:

139 4047 294 4118 tantqu
398 4048 430 4103 13
452 4048 596 4104 dilectione
613 4050 660 4103 M:
690 4049 907 4119 dilectationeQ
1010 4050 1042 4105 de
1059 4049 1265 4106 deo-fratrem

144 4134 181 4204 Q:
209 4151 261 4190 om.
287 4127 322 4190 Μ
430 4137 462 4191 16
488 4153 544 4191 θεεε
570 4137 618 4191 M:
647 4153 697 4192 om.
728 4138 751 4208 Q
860 4139 893 4192 19
920 4139 992 4208 quod
1019 4140 1067 4194 M:
1096 4155 1145 4194 om.
1175 4139 1199 4211 Q

139 4221 177 4275 22
193 4221 241 4290 qni
258 4221 487 4277 enim-fratrem
505 4223 552 4277 Mr
579 4222 673 4293 omo
763 4225 798 4280 26
815 4227 857 4279 ost
872 4226 901 4278 in
919 4224 1021 4281 lumine
1038 4226 1087 4280 M:
1115 4226 1226 4280 suntin
1244 4225 1264 4279 l.

140 4308 167 4378 Q
265 4307 298 4360 21
317 4307 382 4376 quia
401 4309 439 4379 Q:
468 4309 568 4378 quiM
667 4309 701 4364 28
719 4309 981 4379 qnouidcri-aiau
999 4312 1045 4366 M:
1072 4311 1167 4381 οπερ
