2760 4814
133 273 174 338 w
392 317 393 321 a
546 226 780 340 'Emmss

131 479 194 527 non
217 461 322 537 uentu¹
352 459 407 524 sed
429 457 522 523 rebus
551 476 630 539 quae
653 460 831 536 cantantur,
857 478 928 525 eum
950 477 970 523 a
990 459 1111 542 liquida
1132 478 1208 527 uoce
1231 483 1237 522 a

131 561 427 632 conuenientissima
448 562 659 628 modulatione
674 564 850 640 cantantur,
873 581 1021 646 magnam
1043 563 1180 629 instituti
1204 564 1237 629 hu

130 667 181 732 ius
214 666 387 732 utilitatem
421 684 528 731 rursus
563 683 707 751 agnosco.
745 666 792 731 ita
823 667 941 732 fluctuo
976 668 1058 733 inter
1086 667 1237 752 perieulur

132 770 304 852 uoluptatis
338 774 371 834 et
404 768 651 851 experimentum
687 770 881 837 salubritatis
922 770 1083 853 magisque
1114 771 1238 836 addneot

130 892 192 939 non
226 873 354 956 quidem
387 873 654 939 inretractabilem
686 874 876 940 sententiam
907 873 1078 957 proferens,
1113 878 1238 941 cantant

132 975 387 1044 consuetudinem
422 978 590 1060 approbare
621 976 655 1042 in
688 978 831 1053 eeclesia,
869 978 906 1041 ut
940 995 995 1059 per
1032 977 1239 1043 obleetament

132 1081 256 1148 aurium
278 1079 575 1158 infirmioranimus
597 1081 632 1145 in
653 1080 803 1146 effoetum
826 1081 955 1163 pietatis
979 1086 1133 1165 aesmgat.
1156 1087 1239 1148 tama

132 1203 205 1250 eum
227 1183 307 1249 mihi
328 1181 443 1248 aedidit
465 1186 503 1248 ut
525 1202 576 1248 me
590 1185 726 1266 amplius
749 1187 980 1266 cautus·qnam
1002 1203 1152 1268 resqnae
1178 1203 1240 1250 ean:

132 1290 185 1354 tur
212 1287 347 1366 moueat,
377 1286 550 1367 poenaliter
576 1305 628 1351 me
656 1304 784 1369 peecare
812 1287 962 1352 eonfiteor
984 1288 1017 1352 et
1038 1292 1114 1353 tune
1135 1288 1242 1353 mellei

131 1409 194 1458 non
216 1392 324 1458 audire
348 1394 538 1456 eantmtem.
573 1407 642 1455 eoae
665 1390 718 1455 ubi
741 1408 820 1455 sum.
849 1388 921 1454 flete
943 1408 1065 1454 meeum
1084 1392 1116 1455 et
1136 1409 1192 1474 pro
1213 1409 1241 1455 rn

132 1496 205 1562 flete
227 1497 280 1579 qui
303 1494 423 1577 aliquid
444 1492 520 1558 boni
541 1493 703 1559 nobiseum
729 1494 815 1559 intus
835 1494 929 1577 agitis
953 1494 1036 1559 unde
1058 1493 1141 1558 facta
1154 1513 1242 1578 proce

130 1600 221 1665 dunt.
259 1597 410 1680 namqui
433 1616 495 1662 non
517 1597 621 1679 agitis,
645 1615 707 1661 non
729 1616 784 1662 uos
807 1596 883 1662 haee
905 1599 1044 1662 mouent.
1084 1598 1242 1663 tuentem

131 1702 256 1768 domiue
279 1702 355 1766 deus
377 1719 476 1783 meus,
500 1702 618 1780 eraudi,
642 1702 759 1782 respice
775 1703 807 1766 et
830 1700 901 1765 uide
917 1701 950 1765 et
971 1703 1120 1765 miserere
1137 1705 1170 1766 et
1186 1719 1243 1766 sen

130 1826 192 1885 me,
215 1807 248 1870 iu
270 1806 358 1871 euius
379 1804 478 1871 oeulis
499 1805 580 1870 mihi
603 1807 743 1887 quaestio
765 1807 867 1871 faetus
889 1824 970 1884 sum,
994 1810 1025 1870 et
1047 1805 1114 1888 ipse
1129 1807 1176 1869 est
1191 1804 1243 1870 lan

129 1929 207 1994 geor
230 1927 328 1974 meus.

173 2031 285 2095 Restat
317 2026 460 2110 uoluptas
497 2029 656 2094 oculorum
694 2029 825 2093 istorum
859 2029 959 2094 earnis
993 2045 1096 2112 meae,
1130 2031 1168 2095 de
1201 2046 1244 2110 qu

129 2136 240 2218 loquar
272 2131 486 2208 confessiones,
524 2150 602 2214 quas
634 2131 764 2197 audiant
799 2150 889 2196 aures
927 2131 1038 2216 templi
1076 2130 1133 2210 tui,
1172 2148 1245 2197 aure

129 2237 284 2302 fraternae
307 2253 344 2300 ae
364 2236 444 2318 piae,
468 2237 504 2300 ut
526 2237 746 2302 ooneludamus
768 2235 971 2300 temtationes
995 2235 1245 2318 eoncupiscentia

129 2341 241 2425 earnis,
263 2358 341 2425 quae
363 2358 413 2405 me
435 2339 537 2404 adhue
559 2339 688 2424 pnlsent
709 2340 974 2422 ingemescentem
993 2340 1026 2403 et
1048 2338 1246 2403 habitaculun

129 2464 234 2511 meum
268 2444 352 2527 qnod
384 2442 422 2506 de
454 2444 539 2509 eaelo
578 2446 627 2508 est
663 2443 842 2525 superindui
882 2442 1067 2525 cupientem.
1116 2441 1246 2525 pulehra

132 2548 249 2613 formas
270 2548 303 2612 et
325 2549 440 2630 uanae,
463 2547 581 2612 nitidos
603 2548 636 2611 et
658 2564 803 2612 amoenos
818 2548 936 2611 colores
953 2548 1061 2611 amant
1082 2545 1179 2611 oeuli:
1202 2563 1247 2610 ner

131 2655 258 2718 teneant
279 2651 358 2716 haee
381 2651 518 2716 animam
537 2667 650 2725 meam,
674 2651 779 2714 teneat
801 2668 869 2715 eam
892 2650 977 2728 deus,
1002 2651 1055 2731 qni
1077 2648 1153 2714 feeit
1175 2648 1248 2714 haee

129 2755 213 2822 bona
234 2754 361 2838 quidem
383 2756 492 2839 ualde3
515 2757 567 2820 sed
588 2753 655 2838 ipse
676 2758 724 2821 est
745 2754 862 2819 bonum
884 2772 1000 2831 meum,
1031 2770 1091 2817 non
1114 2752 1198 2817 haee.
1231 2770 1248 2816 e

129 2864 265 2943 tangunt
286 2879 338 2925 me
359 2858 546 2942 uigilantem
574 2859 651 2924 totis
680 2857 789 2924 diebus
812 2877 871 2923 neo
893 2857 1015 2941 requies
1038 2856 1077 2922 ab
1100 2857 1145 2921 eis
1167 2855 1249 2920 datur

129 2962 220 3043 milri,
255 2962 338 3028 sieut
370 2962 464 3027 datur
490 2981 509 3027 a
531 2961 659 3027 uocibus
692 2961 824 3039 tenoris,
856 2961 1022 3044 aliquando
1045 2959 1084 3024 ab
1107 2958 1249 3023 omnibus

129 3067 163 3131 in
196 3065 331 3133 silentio.
372 3065 440 3148 ipse
470 3065 554 3128 enim
587 3065 695 3149 regina
723 3065 861 3130 eolornm
895 3065 948 3130 lux
981 3065 1044 3128 ieta
1073 3061 1250 3146 perfunden

129 3174 242 3236 ennete
276 3189 355 3253 quae
387 3171 554 3248 cernimus,
590 3170 700 3235 ubiubi
734 3187 789 3252 per
827 3169 909 3236 diem
951 3168 1038 3233 fuero
1076 3167 1251 3233 multimoda

130 3275 221 3358 lapsu
243 3273 403 3340 blanditur
425 3273 503 3338 mihi
525 3272 613 3338 eliud
635 3274 740 3356 agenti
762 3273 795 3337 et
816 3290 885 3338 earn
907 3291 969 3337 non
991 3271 1183 3354 aduertenti3
1214 3272 1251 3338 in

129 3377 235 3443 sinuat
265 3380 372 3443 autem
400 3395 432 3441 se
461 3378 506 3442 ita
534 3376 743 3452 uehementer,
776 3379 813 3440 ut
841 3376 868 3440 si
901 3379 1026 3458 repente
1060 3375 1252 3439 subtrahetur

233 3577 523 3646 meumes
614 3554 616 3558 ⁴

180 3769 315 3838 amegna
331 3769 360 3824 P
460 3767 537 3821 aits
554 3767 672 3823 enimT
768 3767 900 3821 iaffectu
919 3766 1008 3823 DGP
1109 3768 1143 3823 10
1159 3770 1255 3822 metnn

131 3855 170 3912 θ’
274 3854 306 3907 11
324 3853 399 3908 fletet
418 3854 457 3910 θ’
554 3852 754 3922 unde-agitis
772 3868 822 3906 om.
841 3853 880 3907 G¹
986 3852 1019 3909 14
1037 3854 1150 3923 languor
1168 3854 1196 3907 P

130 3940 163 3996 l'l
180 3940 296 3995 audeant
312 3940 342 3995 D
448 3940 480 3994 19
503 3939 721 4009 ingemiscentem
738 3938 786 3995 Do
889 3938 924 3994 ed
943 3946 1009 4009 poet
1025 3944 1053 3994 et
1070 3939 1137 3996 add.
1159 3941 1198 3995 M

128 4027 162 4088 21
181 4042 306 4082 amoenus
323 4026 363 4080 D¹
453 4027 487 4082 26
505 4027 577 4081 enim
595 4042 700 4081 erato
785 4026 920 4081 oculorum
939 4026 1010 4081 D²P
1100 4027 1134 4081 27
1152 4026 1257 4092 ubiubi

128 4112 177 4177 sed
192 4113 273 4182 priua
287 4113 338 4171 ubi
354 4114 407 4170 del.
429 4114 477 4182 V'3
504 4113 551 4168 ubi
568 4113 667 4170 D¹G'o
764 4113 798 4168 28
815 4113 892 4169 labsu
911 4113 948 4167 Μ
951 4113 977 4166 V
1000 4114 1106 4182 allapsu
1123 4113 1196 4169 Μ’

128 4216 161 4254 aa
178 4201 207 4256 P
307 4201 463 4257 aduertendi
482 4201 518 4256 Ρι
