2760 4814
138 280 203 348 418
626 275 789 346 eugippio

140 473 188 536 est
203 469 319 553 quippe
333 469 482 551 operatio,
499 468 572 549 quia
585 465 802 548 inseparabilis
817 464 988 542 habitatio;
1012 467 1068 531 sed
1083 465 1271 551 singillatim

140 574 324 656 plerumque
353 589 414 654 per>
438 573 598 636 creaturae
626 569 880 654 significationes,
911 588 973 634 non
1003 588 1060 653 per
1080 588 1172 635 suam
1194 570 1271 637 sub-

139 676 293 742 stantiam
322 675 585 757 demonstrantur,
615 675 698 740 sicut
729 692 785 738 sue
813 673 992 756 temporum
1014 673 1116 757 spatia
1138 673 1271 758 syllabis

140 779 362 863 occupantibus
392 781 565 862 separatim
594 795 671 844 uoce
699 777 952 862 pronuntiantur,
982 795 1037 842 nec
1064 781 1173 844 tamen
1196 797 1214 844 a
1236 797 1271 846 se

138 886 217 968 ipsis
240 884 316 950 ullis
338 883 515 950 interuallis
538 881 769 966 momentisque
791 885 968 966 temporum
984 883 1189 967 separantur·
1209 900 1271 948 non

140 988 225 1054 enim
246 1005 397 1070 umquam
418 986 482 1053 dici
503 989 634 1071 possunt
656 985 762 1064 simul,
792 1004 864 1052 cum
890 1003 957 1051 esse
980 1003 1042 1051 non
1065 985 1188 1067 possint
1209 986 1271 1052 nisi

139 1109 262 1174 sempor
282 1091 389 1157 simul.
431 1089 495 1167 sed,
521 1090 559 1155 ut
580 1089 645 1154 iam
668 1107 729 1155 non
751 1089 850 1154 semel
872 1088 1016 1164 diximus,
1038 1087 1108 1154 ideo
1129 1089 1271 1155 remissio

138 1198 348 1277 peccatorum,
379 1211 442 1278 qna
468 1195 501 1258 in
530 1213 564 1258 se
594 1192 689 1259 diuisi
719 1193 847 1277 spiritus
872 1193 1024 1257 auertitur
1048 1193 1080 1257 et
1101 1192 1271 1275 expellitur

138 1317 280 1384 regnum,
310 1298 380 1364 ideo
410 1297 541 1363 societas
571 1296 703 1362 unitatis
730 1296 888 1375 ecclesiae,
920 1299 1008 1361 extra
1029 1313 1123 1379 quam
1145 1313 1210 1360 non
1233 1295 1271 1363 fir

138 1401 208 1485 ipsa
229 1401 371 1467 remissio
393 1402 602 1483 peccatorum,
626 1403 788 1482 tamquam
809 1397 970 1484 proprium
984 1417 1060 1482 opus
1075 1400 1125 1464 est
1139 1401 1271 1483 spiritus

137 1507 238 1572 sancti
259 1507 349 1587 patre
372 1521 446 1570 sane
469 1507 500 1569 et
522 1503 587 1568 filio
610 1503 856 1586 cooperantibus,
880 1503 962 1586 quia
975 1503 1105 1569 societas
1121 1504 1171 1569 est
1193 1521 1271 1587 quo-

138 1605 210 1672 dam
239 1607 329 1673 modo
358 1606 458 1691 patris
483 1607 515 1673 et
540 1606 597 1672 filii
621 1608 653 1672 et
674 1608 804 1690 spiritus
826 1610 962 1672 sanctus.
1000 1625 1073 1672 nam
1095 1609 1185 1691 pater
1208 1627 1270 1676 non

138 1712 346 1777 communiter
373 1708 506 1774 habetur
533 1713 621 1792 pater
643 1728 662 1775 a
684 1709 749 1777 filio
772 1713 804 1775 et
826 1710 941 1792 spiritu
963 1715 1082 1789 sancto,
1110 1711 1185 1794 quia
1208 1730 1271 1778 non

138 1817 187 1878 est
208 1815 297 1897 pater
320 1812 499 1889 amborum
523 1818 555 1878 et
576 1812 660 1878 filius
682 1829 742 1878 non
758 1814 967 1879 communiter
987 1812 1122 1879 habetur
1143 1812 1229 1881 filim
1251 1833 1271 1882 a

137 1917 229 2000 patre
251 1917 284 1983 et
305 1916 419 2000 spiritu
441 1920 560 1999 sancto,
583 1917 657 1999 quia
679 1932 741 1982 non
763 1918 811 1982 est
832 1915 915 1982 filius
934 1916 1108 1983 amborum.
1138 1918 1271 2001 spiritus

136 2023 245 2086 autem
277 2021 404 2087 sauctus
439 2020 646 2086 communiter
679 2020 811 2087 habetur
844 2039 863 2086 u
895 2022 982 2104 patre
1015 2021 1048 2085 et
1080 2022 1162 2103 filio,
1197 2024 1271 2107 quia

135 2123 265 2209 spiritua
288 2129 336 2191 est
358 2143 440 2189 uuus
463 2124 636 2191 amborum.

178 2245 328 2330 'Quisquis
358 2247 456 2331 igitur
483 2264 554 2312 reus
578 2246 675 2312 fuerit
701 2246 957 2330 impoenitentiae
979 2250 1087 2313 contra
1109 2245 1271 2333 spiritum,

135 2350 170 2415 in
192 2368 252 2432 quo
283 2351 388 2417 unitas
412 2353 444 2417 et
465 2352 595 2418 societas
625 2349 852 2416 communionis
880 2354 1087 2436 congregatur
1108 2350 1270 2432 ecclesiae,

135 2470 307 2536 numquam
329 2454 379 2520 illi
400 2455 590 2539 remittetur,
612 2456 687 2539 quia
709 2453 767 2520 hoc
789 2454 850 2522 sibi
873 2454 988 2521 clausit
1003 2455 1057 2520 ubi
1072 2454 1270 2543 remittitur3

135 2556 167 2620 et
189 2557 300 2623 merito
323 2556 524 2623 damnabitur
546 2576 616 2623 cum
643 2557 769 2642 spiritu,
792 2557 846 2643 qui
867 2557 901 2623 in
919 2577 951 2624 se
975 2560 1040 2642 ipso
1064 2557 1186 2625 diuisus
1209 2564 1270 2641 est,

134 2657 253 2725 diuisus
276 2662 308 2726 et
330 2662 398 2745 ipse
414 2663 522 2727 contra
544 2661 702 2744 spiritum,
726 2662 780 2747 qui
802 2663 835 2727 in
857 2680 889 2728 se
911 2663 977 2746 ipso
993 2662 1114 2729 diuisus
1129 2682 1191 2729 non
1207 2667 1270 2730 est.

508 2903 592 2950 ITEM
620 2905 724 2951 INTER
750 2904 892 2953 GE'I'ERA·

177 3019 222 3087 Vt
249 3021 287 3086 de
318 3019 512 3104 blasphemia
541 3022 670 3105 spiritus
701 3023 777 3090 baec
805 3024 960 3090 sententia
986 3025 1150 3102 diceretur,
1174 3041 1271 3093 eausa

134 3125 239 3191 extitit
261 3144 299 3190 ex
321 3125 615 3192 commemoratione
638 3127 767 3209 spiritus
789 3127 955 3208 immundi,
979 3127 1033 3210 qui
1054 3128 1088 3192 in
1108 3146 1141 3193 sc
1164 3129 1271 3211 ipsum

133 3227 254 3295 diuisus
283 3230 341 3296 est.
378 3228 497 3310 dictum
527 3228 612 3295 enim
643 3230 711 3296 erat
737 3230 775 3295 de
797 3231 933 3310 domino,
957 3231 1040 3314 quod
1069 3230 1103 3296 in
1125 3232 1270 3316 principa

72 3419 75 3426 Ι
134 3331 320 3398 daemonum
354 3333 469 3398 eiceret
501 3333 675 3401 daemones.
714 3334 758 3401 ibi
780 3354 813 3400 se
846 3335 990 3401 dominus
1019 3335 1064 3400 ait
1093 3335 1127 3398 in
1150 3335 1268 3424 spiritu

186 3622 343 3692 loparatio
366 3622 401 3679 V:
432 3623 567 3678 habitatio
591 3623 661 3679 PYo
764 3624 829 3694 quia
851 3625 887 3680 V:
913 3640 1027 3695 qnorum
1051 3623 1119 3679 Pro
1226 3625 1269 3678 in·

130 3707 291 3778 separabilis
310 3708 345 3764 Vr
371 3712 412 3764 eat
425 3710 612 3780 inseparabilia
631 3712 675 3768 Po
701 3713 743 3767 est
754 3713 783 3766 in
795 3711 983 3782 inseparabilia
1004 3711 1030 3767 T
1130 3710 1269 3766 habitatio

136 3793 172 3848 V:
199 3796 319 3864 operatio
337 3796 407 3853 Pro
504 3798 671 3854 laoml'
766 3799 914 3869 6poaaint]
932 3799 1080 3868 possuntc
1178 3798 1271 3867 dqua

133 3879 197 3936 1⁸0:
225 3896 306 3951 quam
326 3881 392 3937 T‘V
482 3885 516 3939 12
533 3887 561 3940 et
578 3884 691 3954 spiritua
707 3884 744 3940 Vc
769 3886 827 3955 ipsa
844 3885 957 3956 spiritua
979 3886 1019 3941 Tc
1112 3885 1145 3938 16
1163 3883 1271 3955 filiolo

131 3965 223 4021 fllioc
326 3967 361 4023 20
378 3969 432 4024 sibi
450 3968 534 4025 hooc
631 3971 822 4027 remitteturc
924 3970 959 4024 22
977 3970 1045 4039 ipso]
1064 3970 1154 4038 ipsum
1172 3970 1200 4024 P

128 4051 436 4126 abiteminteroetera]
449 4056 539 4112 aar
615 4055 786 4113 Moerico
858 4056 1054 4127 blasphemiae
1130 4055 1271 4126 idipsum

140 4136 172 4194 V:
196 4137 254 4207 ipso
269 4137 311 4194 Tc
401 4140 437 4196 26
454 4141 533 4213 qnod]
552 4142 600 4212 qui
617 4141 654 4196 M
738 4143 859 4213 principe
871 4143 931 4200 Po:
954 4141 1101 4213 prinoipem
1113 4141 1206 4198 MTV
1223 4143 1271 4214 (cf.

125 4227 308 4294 p.379,13)
413 4227 515 4298 atiel]
537 4228 711 4294 Pisoraca
738 4229 819 4285 ubic
921 4229 960 4297 aa]
982 4228 1017 4284 1³
1033 4229 1065 4284 in
1081 4244 1139 4284 rue.
