2760 4814
707 113 870 184 Eugippii

768 408 809 492 L.

222 597 390 660 QVAEDAM
412 598 565 646 Pnccnue
586 597 784 646 MANIFESTA
798 598 846 644 EX
862 596 975 645 POENA
992 596 1120 644 vunnim
1135 595 1353 655 Qvortvrtnnus

221 685 462 766 OCCVL'IORVII:
486 700 693 750 commones
723 699 960 749 Pnccnuolcvus.
998 700 1044 747 EX
1077 698 1180 747 LIBRO
1215 698 1352 745 CONTRA

657 804 814 853 nnvsuvnt
837 805 912 854 XIII.

169 943 211 1010 65
265 941 348 1022 Quid
370 961 443 1027 ergo
465 943 671 1026 peccauerunt
693 942 811 1022 Iudaei,
841 943 869 1007 si
896 942 970 1007 dous
1000 941 1071 1008 illos
1095 941 1281 1016 enceoceuit,
1313 959 1350 1006 ne

220 1051 422 1130 agnoscerent
456 1044 638 1112 Christum?
675 1049 829 1128 questum
865 1063 1036 1130 possemus,
1073 1044 1241 1112 imbuendo
1277 1044 1350 1109 rudi

220 1148 340 1215 homini
369 1148 601 1216 ostenderemus
631 1167 667 1213 cx
696 1147 766 1213 eliis
796 1148 927 1213 occultis
957 1148 1094 1230 peccetis
1124 1148 1179 1213 deo
1215 1147 1349 1231 coguitis

220 1254 328 1319 neuim
343 1252 461 1317 instem
475 1269 606 1336 poenam
622 1249 716 1316 huius
733 1249 913 1335 ceecitstis3
937 1251 1019 1334 quod
1035 1269 1096 1316 nou
1115 1251 1217 1316 solum
1233 1249 1349 1316 dixisse

220 1356 394 1439 apostolum
427 1353 466 1419 do
499 1353 702 1437 quibusdem:
738 1360 902 1438 proptor
939 1354 1008 1420 hoc
1044 1353 1219 1420 tredidit
1253 1355 1349 1419 illos

220 1459 314 1525 deus
346 1459 386 1523 iu
421 1457 786 1542 concupiscentium
821 1458 950 1524 cordis
979 1476 1109 1524 corum
1137 1458 1201 1523 uei
1230 1459 1272 1522 in
1294 1476 1380 1522 re-1

218 1559 380 1647 probum
410 1578 577 1638 sonsum,
613 1561 655 1626 ut
684 1559 838 1626 fecisut
863 1578 961 1643 quse
985 1579 1058 1626 nou
1081 1562 1347 1638 conueniunt,

219 1665 377 1730 uolentem
399 1664 560 1729 ostendere
578 1664 730 1747 quosdam
753 1667 879 1746 peccate
894 1664 1063 1731 manifeste
1079 1682 1115 1730 ex
1128 1682 1228 1750 poene
1243 1665 1349 1729 uenire

218 1770 411 1852 quorundam
439 1767 640 1847 occultorum,
673 1769 726 1834 sod
755 1788 811 1834 nso
840 1769 922 1851 ipsos
945 1768 1002 1835 hoc
1024 1770 1160 1834 tacuisse
1183 1767 1349 1852 prophetes

218 1872 513 1939 demonstraremus.
550 1889 633 1951 nem,
666 1891 705 1938 uc
735 1891 862 1958 pergam
892 1875 1025 1957 longius,
1056 1872 1139 1938 idem
1169 1872 1347 1938 Hieremias

218 1992 254 2042 eo
284 1975 352 2059 ipso
382 1975 458 2054 loco,
492 1975 634 2042 ubisit:
669 1979 707 2042 et
730 1974 837 2041 homo
861 1979 939 2058 est,
973 1979 1010 2040 et
1040 1977 1128 2058 quis
1156 1977 1348 2059 agnoscet

218 2082 327 2145 cum?
359 2097 399 2144 ns
433 2079 521 2162 quusi
555 2076 615 2143 hcc
649 2077 716 2161 ipso
747 2080 881 2146 excuseti
909 2083 1012 2146 essent
1034 2076 1152 2154 Iudeei,
1188 2079 1263 2160 quie
1286 2095 1348 2142 non

220 2186 434 2265 cognoueruut
456 2216 499 2229 -—
521 2182 554 2247 si
589 2181 691 2247 enim
728 2183 1032 2266 cognouissent,
1071 2183 1155 2248 siout
1187 2182 1346 2265 spostolus

217 2285 304 2364 dicit,
339 2303 543 2369 numquam
575 2284 769 2351 domiuum
797 2286 950 2370 glories
978 2284 1282 2353 crucifixissent
1307 2321 1346 2331 -

217 2388 359 2470 sequitur
381 2391 412 2454 et
435 2386 574 2452 ostendit
596 2386 712 2453 occulti
727 2406 833 2453 eorum
848 2389 955 2454 meriti
971 2388 1079 2468 fuisse,
1103 2391 1138 2454 ut
1154 2406 1217 2453 non
1233 2404 1346 2471 cogno-

216 2494 348 2555 scerent.
394 2494 439 2558 sit
468 2491 572 2555 enim:
611 2509 680 2575 ogo
711 2491 891 2556 dominus
920 2493 1180 2576 iuterrogeus
1210 2493 1371 2575 corde,

215 2594 388 2677 prebens
417 2613 542 2672 renos,
577 2598 619 2659 ut
650 2595 733 2659 dem
764 2595 982 2679 unicuique
1004 2596 1219 2662 secundum
1242 2596 1345 2660 uiem

217 2697 299 2763 eius
321 2701 359 2763 et
380 2699 590 2764 secundnm
614 2697 788 2763 fructum
810 2698 1031 2764 studiorum
1054 2699 1146 2764 eins.

232 3003 248 3060 ⁷
317 2919 427 2973 9Rcm.
447 2919 522 2986 1,24
609 2920 642 2974 15
660 2918 733 2975 Hier.
754 2921 830 2985 17,9
919 2920 1139 2986 relectas
1219 2919 1344 2975 soldier.

215 3005 308 3073 1‚10

267 3211 280 3263 l
305 3224 366 3277 cup.
384 3207 478 3265 LXIII
498 3211 524 3267 T
551 3208 624 3265 LXV
641 3210 671 3264 D
699 3210 787 3266 LXVI
805 3228 834 3277 o;
860 3226 910 3266 om.
931 3210 1014 3267 GPV
1114 3212 1233 3280 ipoeue
1253 3212 1278 3265 T

213 3296 231 3351 3
256 3294 431 3366 comprobent
460 3295 495 3350 Ρ
597 3297 613 3351 5
636 3296 717 3367 Quid]
741 3312 779 3355 ec.
802 3295 831 3351 Si
851 3295 963 3352 diceret:
982 3312 1009 3365 q.
1111 3297 1128 3352 6
1155 3299 1345 3367 cognoscerent

213 3382 242 3438 P
342 3396 483 3452 possumus
505 3380 616 3439 DPPo
719 3380 888 3438 induendos
990 3382 1005 3436 7
1030 3381 1223 3438 ostenderimus
1245 3382 1275 3438 D

212 3469 230 3525 8
256 3467 398 3523 ceecitstee
424 3466 465 3522 D¹
568 3468 602 3524 10
627 3468 839 3540 concupiscentie
864 3468 927 3524 MP
1033 3468 1065 3524 12
1091 3468 1207 3538 quedem
1232 3468 1274 3524 D¹

214 3553 247 3609 13
264 3552 315 3610 hoc
331 3568 417 3612 omo
501 3554 677 3625 propheetem
694 3556 723 3611 P
809 3557 842 3611 15
859 3555 1078 3625 egucscitDPI'
1101 3557 1241 3625 cognoscet
1258 3572 1275 3611 e

213 3656 248 3712 18
264 3656 335 3713 dixit
351 3655 379 3712 P
481 3657 628 3729 domiuum]
646 3646 699 3714 duo
716 3657 755 3714 D¹
780 3648 829 3713 dm
847 3657 885 3713 P²
986 3657 1101 3728 gloriem
1119 3658 1147 3713 P
1252 3660 1284 3714 19
1302 3675 1344 3715 oc-

212 3742 290 3817 culti]
308 3746 411 3801 occulto
431 3745 466 3801 Ρ
492 3745 576 3802 oculis
593 3745 640 3803 Do
741 3747 880 3802 meritiso
964 3753 966 3765 '
