2760 4814
252 332 415 401 Ercorpta
432 348 468 385 err
486 348 555 419 orep.
574 334 598 385 S.
619 332 805 399 Augustini
831 332 987 387 ccxxvn.
1121 334 1184 400 739

53 524 149 588 deum
180 525 302 604 patrem
326 522 359 586 et
387 521 490 586 lilium
516 525 549 586 et
571 520 718 603 spiritum
748 523 901 603 sanetum,
932 542 1004 589 eum
1034 522 1186 588 mediator

52 625 104 691 dei
136 625 170 690 et
198 624 362 690 hominum
391 624 483 690 homo
505 622 647 689 Christus
669 624 757 688 Iesus
787 624 951 689 tradiderit
972 645 1107 711 regnum
1129 628 1185 691 deo

52 732 86 795 et
109 728 201 811 patri,
231 731 266 791 ut
289 729 350 792 iam
374 747 434 793 uon
460 726 639 809 interpellet
661 745 716 809 pro
739 726 829 791 nobis
852 727 1005 793 mediator
1027 730 1060 793 et
1082 746 1184 794 saeer-

52 831 111 896 dos
135 832 247 914 noster,
271 829 355 895 filius
378 828 428 894 dei
444 834 476 894 ot
500 830 582 895 filius
600 830 745 910 hominis,
761 832 814 895 sed
830 834 862 893 et
884 830 960 911 ipse,
983 832 1184 914 inquantum

27 935 197 1000 rsaeerdos
228 933 286 1010 est,
317 936 457 997 assumta
486 936 610 1014 propter
642 949 698 996 nos
728 932 829 996 forma
857 934 940 997 serui
962 934 1120 999 subiectus
1142 936 1186 999 sit

53 1038 83 1101 oi
108 1040 161 1119 qui
186 1037 234 1100 illi
257 1036 393 1101 subiecit
416 1037 521 1100 omnia
545 1040 577 1099 et
600 1036 650 1100 eui
671 1036 805 1100 subiecit
827 1036 941 1117 omnia,
964 1035 1009 1116 ut,
1032 1035 1065 1099 iu
1089 1056 1186 1118 quau·

52 1148 125 1205 tum
158 1140 316 1215 deusest,
351 1159 420 1203 eum
455 1140 508 1203 illo
541 1156 596 1203 nos
618 1138 773 1203 subiectos
807 1138 930 1213 babeat,
964 1139 998 1203 in
1033 1145 1184 1222 quantum

52 1242 210 1317 sacerdos,
233 1241 397 1307 nobiseum
425 1242 473 1306 illi
497 1242 657 1306 subieetus
680 1242 732 1306 sit.

100 1360 191 1427 Cum
222 1380 293 1445 ergo
324 1362 546 1427 tradiderit
575 1381 734 1447 regnum
764 1362 832 1426 deo
863 1364 901 1425 et
928 1362 1050 1444 patri,
1085 1362 1187 1427 idest

14 1484 129 1531 recum
153 1465 310 1530 eredentes
333 1468 365 1530 et
388 1465 530 1529 uiuentes
552 1482 586 1527 ex
617 1463 686 1539 lide,
717 1482 771 1545 pro
794 1462 906 1545 quibus
930 1482 1012 1527 nune
1034 1462 1188 1529 mediator

53 1569 106 1633 dei
138 1572 170 1630 et
199 1568 361 1631 bominum
391 1566 580 1647 interpellat,
612 1566 789 1647 perduxerit
819 1569 857 1631 ad
880 1567 1187 1649 contemplationem,

55 1670 109 1737 eui
140 1671 353 1752 percipiendus
385 1671 578 1749 suspiramus
610 1674 641 1733 et
664 1670 828 1751 gemimus
861 1674 892 1733 et
914 1670 1077 1734 transierit
1097 1670 1188 1735 labor·

54 1778 89 1839 et
114 1776 258 1857 gemitus,
283 1776 342 1837 ium
368 1791 428 1835 non
452 1772 666 1852 interpellabit
688 1790 742 1852 pro
766 1772 855 1835 uobis
879 1773 994 1836 tradito
1015 1790 1108 1853 regno
1132 1774 1188 1837 deo

55 1878 90 1940 et
113 1877 206 1957 patri.
241 1876 300 1938 hoe
322 1874 497 1957 significans
520 1876 581 1938 ait:
610 1874 703 1938 haee
727 1876 839 1940 uobis
863 1877 1023 1939 loeutus
1045 1894 1127 1938 sum
1149 1876 1188 1939 in

18 1978 421 2051 insimilitudirribus;
453 1980 589 2041 ueniet
620 1979 727 2047 noro,
760 1980 912 2060 (rorando
944 1979 1020 2042 iam
1051 1996 1125 2041 nou
1150 1980 1187 2043 in

54 2080 406 2146 similitudinibus
444 2079 584 2160 loquar
622 2080 758 2153 nobie,
796 2081 862 2143 sed
896 2080 1112 2145 manifeste
1146 2079 1190 2144 de

54 2183 174 2264 patre
196 2182 388 2248 nuntiabo
411 2182 542 2255 uobis,
578 2182 610 2246 id
633 2186 680 2246 est
717 2182 781 2245 ium
804 2200 865 2246 nou
888 2190 981 2246 erunt
1003 2181 1189 2247 similitudi-

54 2304 122 2367 nes,
153 2304 224 2350 eum
253 2284 334 2350 nisio
356 2284 452 2348 fuerit
479 2283 589 2348 faeiem
613 2284 652 2348 ad
675 2283 798 2349 faeiem.
835 2284 893 2350 hoe
924 2289 969 2349 est
1000 2286 1083 2349 enim
1106 2286 1184 2365 quod

55 2390 119 2453 ait:
152 2390 220 2453 sed
249 2388 466 2453 manifeste
496 2388 540 2453 de
570 2392 683 2469 petre
713 2388 910 2453 nuntiabo
933 2386 1068 2465 uobis,
1103 2404 1138 2451 ee
1161 2388 1189 2451 si

20 2494 188 2559 ndieeret:
207 2490 395 2576 ,manifeste
406 2496 530 2571 patrem
546 2491 709 2556 ostendam
724 2491 850 2567 uobis“;
867 2490 1061 2556 nuntiabo
1075 2490 1189 2572 quippe

55 2597 113 2673 ait,
145 2597 217 2677 quia
240 2596 370 2659 uerbum
395 2596 460 2659 eius
484 2600 541 2659 est.
579 2594 720 2677 sequitur
742 2594 827 2659 enim
850 2597 881 2659 et
904 2594 998 2658 dicit:
1028 2592 1104 2657 illa
1126 2592 1188 2657 die

56 2698 95 2763 iu
120 2697 277 2762 nomine
299 2716 379 2761 meo
402 2696 560 2777 petitis,
584 2700 624 2761 et
645 2715 718 2761 non
741 2697 828 2761 dieo
851 2698 981 2773 uobis,
1005 2694 1096 2779 quia
1119 2713 1189 2779 ego

55 2800 205 2883 rogabo
237 2804 405 2882 patrem;
438 2802 520 2881 ipse
554 2798 655 2863 euim
690 2803 804 2881 pater
838 2804 941 2865 amat
977 2816 1063 2880 uos,
1099 2800 1191 2879 quia
1221 2792 1224 2797 ’

57 2921 125 2969 uos
148 2922 204 2966 me
223 2902 389 2968 amastis
407 2906 445 2966 et
467 2901 719 2981 credidistis,
744 2904 835 2985 quia
857 2921 924 2985 ego
942 2924 961 2967 a
979 2902 1046 2966 deo
1069 2900 1190 2964 esini.

21 3006 95 3093 25(a
117 3012 231 3089 patre
253 3004 377 3091 esini)
400 3008 437 3070 et
470 3005 561 3070 ueni
594 3005 637 3069 in
671 3006 770 3070 hune
804 3009 1008 3079 muudum;
1046 3006 1188 3068 iterum

56 3110 245 3191 relinquo
279 3109 460 3173 mundum
491 3113 530 3172 et
560 3109 660 3173 uado
691 3108 738 3172 ad
767 3109 927 3191 patrem.
973 3108 1047 3190 quid
1079 3112 1141 3170 est:
1173 3126 1192 3169 a

56 3218 169 3295 patre
197 3213 301 3277 exiui
336 3212 396 3276 nisi
429 3229 511 3295 ,uon
540 3212 573 3275 iu
604 3229 640 3276 ea
671 3211 782 3295 forma,
816 3212 850 3275 iu
873 3231 935 3293 que
957 3210 1096 3294 aequalis
1119 3228 1191 3273 euru

57 3318 149 3399 patri,
180 3316 234 3379 sed
257 3316 358 3393 aliter,
384 3314 489 3378 idest
512 3316 543 3377 in
567 3318 706 3381 assumta
728 3318 870 3379 creatura
892 3316 992 3379 minor
1014 3310 1190 3396 apparui“i

57 3422 91 3483 et
114 3418 274 3499 quidest:
307 3418 397 3482 ueni
428 3417 466 3482 iu
490 3417 588 3481 hune
611 3422 795 3483 mundum
828 3418 889 3482 nisi
921 3417 1075 3499 „formam
1097 3416 1190 3492 serui,

161 3620 179 3673 9
197 3620 211 3674 Ι
231 3622 290 3675 cor.
309 3620 350 3684 15,
368 3618 402 3672 24
505 3619 591 3674 1410.
615 3621 655 3685 16,
672 3619 776 3673 25-29

111 3810 196 3879 equ
222 3809 266 3864 un
288 3826 319 3862 a:
349 3808 392 3864 nn
415 3810 463 3877 qur
488 3810 553 3864 mv
655 3810 688 3863 ro
711 3772 813 3863 udor
836 3807 875 3875 (n
898 3806 964 3861 auu.
981 3824 1016 3863 m.
1034 3808 1064 3875 2)
1087 3806 1124 3861 ro

59 3928 95 3983 14
112 3928 240 3997 loquutus
263 3928 289 3983 V
316 3902 427 3999 loqutus
445 3930 481 3983 M
580 3932 613 3984 18
631 3930 725 3985 faeiem
743 3930 777 3983 ad
799 3928 1191 3997 Vles.d.ciu.d.11p.62d

57 4018 86 4070 et
100 4018 153 4069 628
166 4014 209 4069 ed.
220 4014 383 4084 Dmnbarilr
411 4015 478 4069 faeie
496 4016 530 4069 od
548 4016 584 4069 M
668 4017 703 4071 25
721 4034 738 4071 a
754 4020 830 4084 patre
847 4016 917 4068 exiui
934 4032 966 4069 a:
993 4032 1043 4069 orn.
1062 4014 1126 4067 MV

57 4100 95 4153 21
107 4106 184 4169 pntre
196 4102 424 4167 (saxicorr.)P
513 4102 654 4156 exiiG¹P¹
746 4101 1010 4169 uonea(om.in)P
1100 4102 1128 4153 in
1140 4118 1193 4170 que

57 4184 135 4241 MV:
165 4204 219 4256 qua
243 4186 313 4243 GPo
415 4189 484 4257 eum]
511 4197 549 4241 ·ῢ-
572 4188 600 4241 Ρ
700 4190 735 4243 28
757 4191 908 4242 aesurntom
930 4186 998 4241 MV
1097 4190 1193 4256 aparui

58 4272 90 4327 P
189 4272 225 4327 29
242 4274 384 4343 muudum]
402 4273 468 4329 edd.
487 4274 524 4327 pr
542 4290 617 4343 oum.
635 4290 708 4329 uere.
811 4274 897 4328 forma
915 4274 944 4327 P

1033 4376 1090 4431 w
