2760 4814
167 368 233 434 m
653 363 818 433 immi

170 557 255 623 uitae
276 556 449 622 nouitatem
471 553 592 639 primus
613 553 732 619 mensis
762 556 796 620 in
819 554 893 621 anni
915 552 1075 619 mansibus
1098 551 1305 621 celebrationi

169 658 244 724 huio
266 657 436 724 attributus
459 660 517 725 est.
554 677 626 723 nam
649 657 716 741 ipse
739 657 855 723 dieitur
877 662 908 722 et
931 658 1072 723 mensis
1096 674 1304 724 nouorum.

169 760 244 843 quio
266 779 340 826 uero
362 759 396 824 in
418 762 484 825 toto
507 765 646 842 tempore
668 759 784 825 saeculi
800 778 882 825 nune
905 759 1038 825 tertium
1064 761 1188 842 tempus
1204 777 1304 844 uppa-

171 862 244 942 ruit‚
266 863 337 928 ideo
359 862 543 929 resurreetio
565 861 686 930 domini
707 860 853 927 triduana
874 866 933 927 est.
962 862 1099 946 primum
1114 863 1198 927 enim
1220 866 1303 929 tem·

169 985 228 1048 pus
249 968 298 1032 est
321 968 393 1032 anto
414 966 526 1050 legem,
558 968 728 1033 seeundum
750 966 807 1032 sub
837 966 915 1049 loge,
946 966 1076 1031 tertium
1106 965 1164 1031 sub
1187 967 1302 1049 gratia,
1324 986 1339 1029 ι

168 1069 225 1136 ubi
246 1069 309 1137 iam
332 1069 548 1138 manifestatio
572 1074 620 1135 est
635 1069 823 1136 sacramenti
839 1071 926 1154 prius
941 1069 1105 1136 oooultiin
1120 1068 1301 1153 prophetioo

114 1178 118 1187 '
168 1175 353 1258 aenigmate.
391 1174 449 1241 boo
478 1177 606 1258 ergoet
634 1175 666 1239 in
696 1175 800 1239 lunari
825 1191 954 1238 numero
984 1171 1188 1256 signifieatur.
1226 1172 1304 1256 quis

169 1275 254 1342 onim
287 1277 479 1361 septenarius
513 1296 662 1343 numerus
695 1278 775 1342 solet
808 1275 839 1344 iu
873 1278 1037 1361 seripturis
1073 1277 1113 1342 ad
1141 1275 1302 1360 quandam

168 1378 431 1464 significationem
463 1381 615 1466 mysticus
650 1400 814 1464 apparere,
851 1381 948 1448 tertia
981 1379 1174 1445 hebdomade
1207 1378 1302 1445 lunae

167 1483 281 1565 paseha
310 1487 494 1569 oelebratur,
527 1486 560 1551 id
590 1490 640 1553 est
670 1487 724 1568 qui
754 1487 820 1552 diss
843 1486 981 1553 oeeurrit
1003 1486 1156 1569 aquaria
1178 1482 1338 1549 decimano

168 1586 201 1651 in
222 1587 407 1654 uioasimam
428 1591 572 1672 primam.

213 1706 271 1772 list
306 1709 373 1775 illio
403 1711 434 1775 et
468 1710 555 1775 aliud
589 1714 829 1775 sacramentum.
877 1710 958 1793 quod
989 1708 1017 1775 si
1043 1708 1103 1774 tibi
1132 1708 1303 1779 obscurum

170 1809 273 1888 inerit,
302 1810 375 1893 quia
396 1813 430 1876 in
453 1812 570 1877 talibus
594 1812 849 1894 inquisitionibus
872 1813 978 1878 minus
1000 1812 1138 1877 eruditus
1162 1830 1205 1887 es,
1237 1830 1302 1881 non

169 1914 360 1981 contristeris
384 1935 447 1980 neo
476 1917 549 2006 ideo¹
576 1935 626 1981 mo
655 1917 746 1997 putes
777 1933 843 1979 esse
872 1915 1045 1993 meliorem,
1074 1915 1148 1999 quia
1168 1915 1246 1981 baeu
1267 1915 1300 1980 in

169 2016 284 2083 studiis
307 2018 478 2100 puerilibus
501 2018 613 2102 didioi;
640 2017 710 2100 qui
732 2020 817 2083 enim
838 2017 1057 2102 gloriatur,
1081 2019 1119 2081 in
1143 2018 1338 2087 dominon

167 2121 373 2205 glorietur.

293 2329 339 2376 DE
361 2327 590 2377 EXPOSITIONE
617 2327 744 2376 Psanoss
766 2327 887 2375 onom
909 2327 1014 2375 INTER
1035 2327 1176 2379 cuman.

80 2457 156 2526 133·
210 2446 298 2514 Duae
319 2453 395 2514 sunt
417 2448 455 2514 de
477 2449 553 2514 luna
568 2447 728 2532 opiniones
749 2447 941 2533 probabiles:
965 2448 1076 2513 harum
1095 2451 1206 2513 autem
1219 2465 1302 2531 quae

168 2568 241 2615 uera
263 2550 315 2630 sit,
338 2551 395 2616 aut
417 2569 477 2616 non
502 2551 628 2616 omnino
644 2550 701 2617 aut
722 2549 909 2617 difficillime
931 2549 1065 2616 arbitror
1087 2567 1174 2633 posse
1197 2551 1301 2618 homi-

167 2671 241 2718 nem
255 2653 343 2720 seire.
371 2673 443 2721 eum
459 2655 544 2720 enim
560 2653 730 2738 quaeritur,
746 2655 829 2720 unde
851 2653 958 2719 lumen
973 2652 1094 2735 habeat,
1118 2653 1173 2719 alii
1189 2653 1338 2720 dieunt»

166 2775 259 2822 suum
290 2756 413 2837 habere,
446 2758 500 2826 sed
532 2757 661 2844 globum
692 2756 757 2823 eius
789 2756 956 2822 dimidium
989 2757 1101 2838 luuere,
1132 2755 1301 2823 dimidium

166 2860 274 2926 autem
304 2860 471 2927 obscurum
500 2880 582 2945 esse;
616 2858 692 2926 dum
723 2861 830 2926 autem
858 2863 1000 2926 mouetur
1028 2861 1075 2925 in‘
1090 2858 1208 2926 oinoqu
1230 2877 1300 2944 suo,

166 2963 297 3032 eandem
326 2967 459 3047 partem,
493 2982 555 3047 qua
583 2963 677 3045 lueet,
712 2963 865 3047 paulatim
887 2967 927 3030 ad
957 2967 1055 3030 terras
1078 2956 1228 3044 sonuerit,
1262 2963 1302 3029 nt

165 3067 266 3135 uideri
289 3065 417 3134 anobis
447 3067 557 3151 possit,
587 3068 620 3133 et
640 3067 711 3135 ideo
733 3067 819 3152 prius
842 3069 932 3152 quasi
955 3065 1180 3134 corniculatam
1202 3085 1300 3152 apps-

166 3191 242 3238 reru.
279 3189 353 3238 nam
376 3176 408 3250 at
431 3173 458 3237 si
488 3172 586 3237 facias
615 3172 714 3256 pilam
740 3190 777 3237 ex
806 3170 936 3237 dimidia
964 3172 1053 3254 parte
1076 3169 1244 3236 candidam
1268 3171 1337 3236 etus

167 3274 332 3341 dimidiam
363 3274 547 3353 obscuram·
573 3273 600 3341 si
624 3294 695 3340 eam
717 3279 853 3357 portem,
887 3293 949 3357 qua
977 3274 1106 3340 obscura
1132 3275 1191 3356 est,
1225 3279 1302 3341 ante

267 3478 476 3545 ammo
566 3446 838 3547 nummu

216 3664 305 3718 (iiam
325 3664 390 3720 TV:
417 3683 516 3722 namo
610 3666 783 3736 lenigmata
802 3666 870 3722 TVu
965 3668 1004 3738 in]
1023 3683 1073 3723 om.
1096 3670 1121 3724 Τ
1210 3669 1302 3724 lunari

169 3749 233 3805 Vo¹=
262 3750 392 3807 luminari
422 3753 473 3811 Τι’
578 3752 596 3808 9
623 3752 847 3823 significationem
879 3754 917 3809 V:
946 3755 1133 3825 perfeetionem
1162 3754 1230 3810 ΡΤιι

165 3853 309 3913 ebdomade
329 3855 370 3912 Τιι
396 3854 606 3912 ebdomadaeV
578 3843 809 3912 Vabdomsdad'e
828 3856 937 3926 (dedet
950 3874 985 3913 m.
996 3860 1027 3927 2)
1045 3858 1074 3914 P
1158 3859 1191 3912 11
1209 3858 1302 3915 uiuen-

44 4017 45 4021 ,
165 3961 261 4016 mam
280 3960 307 4016 Τ
392 3961 426 4018 14
443 3963 523 4032 putee
537 3977 615 4019 meo
702 3930 954 4034 mebofem10m.o
1041 3962 1074 4017 i‘l
1092 3960 1124 4017 de
1135 3962 1302 4032 expositione

164 4047 298 4118 -ooteral
317 4063 368 4105 om.
389 4047 416 4102 Τ
510 4046 542 4101 18
559 4047 716 4119 oppiniones
736 4048 763 4103 Τ
856 4048 892 4102 20
908 4047 1036 4105 habeti·
1136 4048 1170 4105 23
1188 4062 1241 4118 qna
1263 4048 1302 4106 7·

164 4146 231 4200 quae
257 4132 297 4189 Τιι
400 4133 434 4190 24
456 4133 623 4207 oonuioulata
649 4133 674 4187 T
774 4137 885 4207 appetat
911 4136 936 4190 Τ
1041 4135 1076 4189 25
1099 4121 1181 4190 isaias
1204 4134 1303 4194 Pru:

165 4216 251 4288 iwiat
270 4217 297 4273 V
320 4219 406 4276 laum
433 4219 469 4276 Τι
572 4219 607 4274 26
629 4217 779 4290 dimidiam]
804 4235 835 4276 ex
861 4219 1015 4278 dimidiae
1117 4223 1230 4290 partae

182 4319 218 4360 ua
234 4304 365 4362 more:
391 4322 460 4374 quaa
479 4308 515 4362 Τ’
