2760 4814
131 326 193 391 100
602 320 787 391 [12180Ρὶ1]

129 512 315 579 resurrectio
349 528 424 576 uero
456 509 591 593 corporis
619 508 739 574 demini
768 509 808 574 ad
836 510 1066 575 sacramentum
1098 510 1260 578 interioris

131 613 367 683 resurrectionis
409 614 533 679 nostrae
569 612 724 695 pertinere
761 612 954 691 ostenditur,
993 613 1046 679 ubi
1090 616 1259 696 postquam

130 718 298 785 resurrexit
325 718 370 784 ait
393 715 534 782 mulieri:
563 717 647 782 noli
668 735 727 780 me
748 718 928 800 tongera
963 718 1135 782 nondum
1158 717 1258 783 enim

130 822 288 889 ascendi
312 822 356 886 ad
379 823 528 904 patrem
551 838 685 884 meum.
716 820 765 884 eui
781 819 930 901 mysterio
946 821 1088 901 congruit
1102 821 1259 904 apostolus

130 926 252 992 dicans:
286 926 318 990 si
353 926 485 991 autem
519 922 801 990 resurrexistis
836 942 918 988 cnm
955 923 1127 1003 Christo,
1165 942 1260 1006 quae

129 1049 280 1097 sursum
302 1028 600 1110 suntquaarite,
623 1026 690 1092 ubi
706 1025 893 1091 Christus
916 1031 976 1092 est
995 1027 1040 1094 ad
1063 1028 1262 1094 dexteram

130 1133 195 1198 dai
226 1134 382 1216 sedans3
415 1149 511 1213 quae
544 1131 820 1195 sursumsunt
850 1130 986 1212 sapite.
1022 1131 1081 1196 heo
1103 1135 1152 1196 est
1175 1135 1261 1198 euim

129 1236 287 1303 Christum
310 1253 370 1302 non
399 1239 524 1318 tangere
545 1232 607 1299 nisi
630 1253 700 1298 cum
725 1235 899 1298 ascenderit
925 1234 964 1299 ad
986 1236 1115 1316 patrem,
1140 1253 1200 1300 nen
1222 1236 1261 1303 de

129 1339 253 1407 Christo
276 1337 441 1406 carnaliter
469 1354 586 1420 sapere.
624 1336 690 1400 iam
712 1354 786 1402 uero
810 1336 850 1401 ad
873 1337 1050 1419 exemplum
1073 1340 1183 1404 mertis
1208 1358 1261 1405 ex·

129 1443 249 1509 terioris
276 1438 411 1508 bominis
438 1439 537 1505 nostri
566 1438 740 1505 demisisse
770 1440 872 1504 carnis
900 1456 983 1504 mers
1007 1440 1155 1522 pertinet,
1188 1445 1261 1524 quia

129 1565 183 1629 per
205 1546 301 1611 talem
325 1543 501 1628 passionem
524 1543 658 1608 maxime
682 1542 824 1608 hortatus
848 1543 897 1607 est
912 1560 1016 1608 seruos
1033 1560 1115 1621 suos,
1139 1546 1174 1608 ut
1197 1563 1260 1611 non

130 1650 263 1715 timeant
286 1666 337 1714 eos
359 1645 414 1729 qui
436 1664 545 1728 corpus
568 1645 723 1723 occidunt,
754 1647 890 1711 animam
914 1650 1020 1711 autem
1043 1666 1105 1713 non
1128 1651 1259 1730 possunt

129 1752 277 1818 occidere.
315 1750 543 1834 propterquod
566 1749 644 1815 dicit
666 1751 839 1832 apostolus:
871 1752 913 1814 ut
934 1751 1137 1834 suppleam
1161 1771 1259 1834 quaa

130 1857 272 1922 desunt
305 1872 591 1937 pressurarum
622 1853 778 1919 Christi
812 1857 847 1919 in
883 1872 998 1920 carna
1031 1873 1119 1919 mea.
1157 1857 1190 1919 at
1221 1856 1258 1923 ad

129 1958 302 2041 exemplum
336 1959 573 2025 resurrectionis
607 1959 767 2023 exterioris
801 1957 936 2023 hominis
970 1959 1070 2024 nostri
1103 1960 1258 2042 pertinere

128 2063 287 2128 inuenitur
323 2063 509 2128 resurrectio
547 2064 682 2145 eorporis
722 2062 847 2140 domini,
887 2062 960 2144 quia
998 2061 1160 2144 discipulis
1196 2063 1258 2129 ait:

129 2166 289 2249 palpate
323 2167 361 2230 et
393 2166 541 2243 uidete,
580 2165 672 2248 quia
704 2166 874 2247 spiritus
909 2183 996 2230 essa
1031 2167 1069 2231 et
1104 2183 1257 2232 carnem

130 2268 358 2344 nonhabet,
382 2267 489 2333 sicut
512 2286 568 2333 me
590 2267 741 2333 uidetis
762 2268 916 2334 habere.
950 2272 982 2333 et
1004 2288 1084 2334 unus
1107 2289 1142 2334 ex
1165 2270 1257 2337 disci·

130 2372 214 2454 pulis
247 2372 343 2438 otiam
375 2373 534 2438 cicatrices
571 2371 638 2436 cius
676 2373 874 2438 contractans
912 2373 1100 2440 exclamauit
1136 2373 1256 2440 dicens:

131 2475 311 2541 dominus
340 2494 447 2539 maus
477 2476 628 2541 atdans
651 2479 776 2540 meust
811 2479 842 2538 ct
866 2494 936 2541 cum
960 2476 1046 2542 illius
1069 2479 1169 2542 caruis
1192 2479 1256 2543 tota

130 2577 296 2662 integritas
324 2582 498 2662 appareret,
529 2579 778 2645 demonstratum
810 2580 858 2644 est
888 2578 920 2643 iu
944 2597 980 2643 eo
1003 2582 1083 2662 qued
1113 2597 1185 2646 suos
1209 2600 1256 2646 ex·

130 2680 255 2747 hortans
282 2682 423 2748 dixerat:
458 2683 633 2767 capillus
666 2684 815 2765 eapitis
844 2684 974 2747 nestri
997 2703 1072 2748 nen
1094 2685 1254 2765 peribit

130 2785 213 2849 unde
246 2787 328 2850 enim
360 2786 478 2868 primo:
515 2787 598 2851 noli
635 2805 691 2851 me
728 2790 907 2868 tangam
947 2788 1117 2852 nondum
1155 2789 1255 2853 anim

130 2889 287 2954 ascendi
315 2888 361 2954 ad
390 2894 544 2972 patrem
572 2891 721 2956 meum?
756 2890 788 2956 et
815 2890 895 2955 uude
920 2893 1088 2973 autequam
1110 2892 1254 2959 ascendat

130 2994 169 3058 ad
197 2994 317 3075 patrem
346 3012 365 3057 a
392 2993 554 3076 discipulis
582 2993 735 3078 tangitur,
769 2995 829 3060 nisi
856 2995 929 3077 quie
950 2993 1018 3059 illic
1040 2994 1254 3062 insinuabatur

130 3093 288 3160 interioris
322 3095 459 3162 hominis
492 3099 735 3179 sacramentum,
770 3096 822 3163 hic
853 3097 1059 3178 praebebatur
1095 3098 1253 3164 exterioris

131 3200 331 3282 exemplum?
354 3219 434 3266 anne
457 3201 538 3267 forte
561 3205 724 3284 quisquam
748 3202 796 3268 ita
818 3207 866 3268 eat
882 3201 1037 3267 absurdus
1053 3203 1146 3284 atque
1169 3220 1252 3267 auer·

131 3320 183 3366 sus
204 3320 223 3367 a
245 3321 327 3381 uero,
357 3308 392 3369 nt
421 3305 535 3370 audeat
561 3304 706 3370 dicares
735 3306 811 3371 uiris
840 3322 912 3370 eum
942 3308 1064 3371 tactum
1092 3308 1252 3387 antequam

131 3405 317 3490 ascenderet,
340 3426 359 3473 a
380 3407 564 3474 mulieribus
587 3410 693 3475 autam
717 3427 787 3475 oum
811 3410 1027 3475 ascendisset?
1056 3409 1183 3491 prepter
1203 3409 1251 3472 ho

232 3610 306 3665 310.
324 3611 365 3676 20,
385 3611 418 3665 17
515 3613 532 3668 5
551 3611 692 3680 0011113,
712 3615 775 3682 leq.
875 3613 907 3667 12
926 3613 958 3667 ef.
977 3611 1078 3668 11111111.
1097 3612 1139 3677 10,
1157 3612 1193 3667 28

133 3695 164 3750 13
182 3694 280 3753 011111.
294 3699 317 3763 1¹
329 3696 363 3752 24
439 3698 470 3752 11
488 3697 605 3766 111124,
618 3697 652 3753 39
721 3699 755 3754 20
772 3698 912 3765 112028
982 3698 1198 3765 conuocare

181 3885 198 3940 3
221 3886 332 3941 muliere
352 3885 381 3940 D
486 3887 500 3958 ”l
519 3889 636 3959 sursum]
656 3904 701 3942 sur
722 3889 747 3942 Τ
847 3889 864 3944 8
887 3892 939 3957 ἰῶ
958 3888 988 3944 D
1094 3887 1127 3941 10
1142 3890 1249 3957 panteni

128 3969 158 4025 D
255 3972 284 4025 11
303 3975 407 4027 ortatus
423 3973 538 4029 DGP¹v
633 3975 666 4029 14
682 3979 825 4045 pausarum
844 3975 882 4029 P¹
980 3973 1011 4029 11
1031 3989 1138 4029 carnem
1155 3977 1184 4029 at
1202 3991 1249 4029 oss

129 4059 157 4114 P
257 4060 290 4115 18
315 4060 409 4116 uiditis
427 4060 456 4115 D
560 4062 593 4117 19
616 4062 697 4118 etiam
720 4064 747 4117 et
764 4063 913 4118 cicatricem
940 4063 966 4119 Τ
1066 4062 1101 4117 20
1124 4061 1248 4119 dominns

130 4144 161 4201 di
174 4145 260 4201 D¹Go
338 4147 411 4219 daus]
425 4147 474 4204 dn'i
488 4149 532 4204 Ge
610 4148 693 4204 illiso
779 4148 812 4203 21
824 4149 894 4205 eall
972 4150 1093 4204 exortans
1106 4147 1192 4204 DGP

130 4255 163 4311 22
181 4258 291 4328 capillos
306 4260 344 4314 θ’
430 4260 565 4316 2111111
651 4234 912 4317 2911ωαῖ111111
998 4261 1057 4332 hoc]
1076 4260 1147 4330 quod
1166 4261 1194 4316 P
