2760 4814
201 277 265 346 532
686 273 849 343 Eusinnii

202 468 237 533 in
260 465 327 531 eius
350 482 475 531 earnem
499 466 658 530 mutatum
679 467 774 547 atque
797 480 989 543 nenuersum,
1020 481 1090 528 eum
1114 463 1182 546 ipsa
1203 461 1329 545 macies,

202 588 282 654 qnae
304 567 366 634 fnit
388 571 419 634 et
442 585 503 632 nen
526 570 584 646 est,
607 567 684 632 satis
707 567 825 633 indieet
847 584 926 650 qnae
948 565 1013 630 illis
1037 566 1117 632 estis
1139 566 1331 632 detrimenta
1356 594 1359 604 ·

203 673 348 757 suppleta
376 670 463 736 sinti
495 671 560 736 iam
589 671 696 753 itaque
725 671 830 753 aliqua
856 668 949 752 paulo
972 671 1046 734 ante
1068 669 1225 751 praemisi,
1249 686 1328 753 quae

204 776 244 842 ad
273 777 369 842 istum
399 792 520 858 qnoque
549 773 665 838 nodum
698 771 884 838 soluendum
906 772 1009 840 ualere
1031 770 1200 838 debebunt.
1238 771 1330 856 qnid-

202 880 277 964 quid
314 879 398 945 enim
435 878 576 944 earnium
612 875 754 942 exhausit
790 875 898 955 fames,
936 876 1044 959 utique
1079 875 1114 940 in
1151 893 1244 941 auras
1282 878 1363 940 esta

202 983 397 1067 exhalatum
419 980 503 1046 unde
524 979 659 1045 diximus
683 979 931 1062 omnipotentem
954 979 1048 1046 deum
1070 996 1159 1064 posse
1180 995 1329 1045 reuocare

201 1088 282 1170 quud
304 1084 396 1169 fugit.
434 1082 579 1149 reddetur
601 1100 674 1167 erge
696 1100 767 1148 earo
788 1083 846 1149 illa
869 1082 998 1162 homini,
1026 1083 1061 1148 in
1083 1100 1144 1165 que
1166 1099 1235 1147 esse
1258 1098 1328 1147 aare

199 1189 337 1254 humana
358 1187 504 1270 primitus
519 1184 631 1268 eoepit.
656 1184 695 1251 ab
717 1184 775 1252 illo
796 1185 910 1270 quippe
924 1186 1023 1252 altero
1039 1191 1202 1268 tamquam
1217 1185 1329 1251 mutue

201 1294 307 1357 sumta
335 1289 513 1373 deputanda
535 1292 600 1375 est3
629 1309 708 1373 quae
738 1291 821 1356 sieut
843 1308 896 1356 aes
922 1289 1061 1355 edanum
1083 1288 1113 1353 ei
1134 1286 1330 1353 redhibenda

200 1399 258 1474 est,
288 1391 372 1460 ande
401 1393 505 1458 sumta
534 1396 593 1458 est.
631 1410 687 1460 sua
708 1410 781 1458 uero
807 1391 857 1458 illi
889 1410 982 1474 qnam
1015 1392 1114 1457 sames
1136 1390 1365 1457 exinanieratm

199 1496 239 1565 ab
264 1515 299 1564 eo
321 1498 374 1581 qui
396 1495 619 1578 potestatium
640 1494 785 1561 exhalata
811 1513 953 1561 reueeare
975 1494 1133 1561 reddetur.
1171 1493 1328 1576 quamuis,

200 1597 262 1665 etsi
290 1594 436 1662 omnibus
464 1595 596 1678 perisset
624 1598 724 1662 modis
753 1613 810 1661 nec
839 1594 907 1662 ulla
936 1596 1003 1662 sins
1024 1596 1170 1662 materies
1190 1596 1226 1661 in
1249 1596 1327 1662 ullis

197 1701 329 1767 naturae
350 1699 480 1765 latebris
502 1699 712 1778 remansisset,
736 1699 816 1764 unde
838 1699 937 1766 uellet
952 1717 1021 1765 eam
1043 1701 1203 1782 repararet
1223 1703 1329 1767 emni-

198 1805 319 1888 potens.
360 1805 413 1869 sed
445 1803 571 1886 propter
605 1803 793 1868 sententiam
826 1802 979 1887 ueritatis,
1013 1821 1075 1885 qua
1104 1803 1227 1869 dietum
1259 1807 1326 1871 est:

199 1906 378 1991 eapillus
400 1905 548 1989 eapitis
570 1906 698 1972 uestri
719 1925 793 1972 non
816 1907 984 1989 peribit,
1014 1907 1184 1972 absurdum
1206 1912 1266 1986 est,
1289 1912 1367 1975 ntm

198 2011 355 2096 putemus,
380 2027 451 2075 eum
475 2009 609 2093 capillus
631 2009 766 2075 hominis
789 2008 890 2091 perire
912 2026 974 2074 nen
997 2012 1104 2091 pessit,
1127 2012 1231 2077 tantas
1255 2029 1328 2077 aar·

198 2132 253 2179 nes
276 2112 359 2179 inme
381 2111 527 2196 depastas
561 2113 655 2195 atque
688 2113 867 2178 consuentes
895 2112 995 2194 perire
1022 2112 1171 2195 petuisse.
1209 2114 1327 2197 quibus

199 2217 345 2284 omnibus
371 2233 427 2299 pro
455 2217 561 2283 nostro
589 2215 715 2282 medulo
737 2215 939 2281 consideratis
960 2218 1054 2298 atque
1076 2216 1223 2283 traetatis
1245 2217 1326 2283 haee

196 2338 320 2386 summa
341 2317 515 2405 eenfieitur,
543 2319 633 2385 utin
655 2319 882 2386 resurreetione
904 2322 1005 2386 earnis
1027 2318 1061 2384 in
1084 2322 1248 2387 aeternum
1270 2339 1325 2386 aas

195 2440 355 2489 mensuras
386 2421 500 2488 habeat
532 2439 695 2506 perpurum
728 2422 927 2506 magnitude,
966 2441 1042 2505 quas
1079 2422 1217 2489 habebat
1250 2442 1368 2507 per-nu

195 2526 347 2593 finiendas
377 2526 444 2591 siue
472 2524 630 2608 perfeatne
652 2526 798 2608 uniusque
828 2525 928 2591 indita
949 2527 1084 2608 eorporis
1106 2527 1186 2592 ratio
1207 2527 1324 2594 iuuen-

195 2627 283 2712 tutis,
305 2629 339 2694 in
360 2630 571 2696 membrorum
594 2646 714 2712 quoqne
736 2628 878 2696 emnium
899 2628 1034 2694 modulis
1056 2646 1193 2710 congrue
1214 2629 1326 2697 deeora

194 2731 328 2797 seruate.
365 2731 447 2814 quod
477 2731 571 2798 denus
602 2733 638 2797 ut
667 2734 820 2817 seruetur,
850 2734 877 2798 si
907 2731 1026 2814 aliquid
1053 2732 1193 2798 demtum
1223 2731 1326 2798 inerit

193 2833 352 2900 indeeenti
381 2835 477 2901 alieni
505 2833 676 2918 granditati
705 2836 739 2901 in
768 2840 858 2920 parte
888 2835 994 2920 aliqua
1017 2835 1215 2916 constitutae,
1239 2836 1325 2919 qued

194 2957 250 3022 per
285 2938 389 3005 totum
424 2939 601 3022 spargatur,
638 2941 675 3004 ιιι
706 2957 805 3021 neque
841 2939 874 3004 id
911 2939 1018 3020 pereat
1050 2940 1083 3005 et
1119 2941 1368 3023 asmantiae

193 3042 333 3125 partium
355 3041 470 3126 ubique
492 3042 652 3108 teneatur:
681 3060 743 3108 non
772 3044 821 3107 est
844 3040 1025 3120 absurdum,
1048 3044 1085 3107 ut
1106 3043 1224 3126 aliquid
1246 3041 1324 3108 inde

194 3147 289 3212 etiam
321 3146 462 3212 staturae
494 3145 630 3229 eorporis
661 3145 734 3212 addi
763 3162 851 3230 posse
872 3145 1045 3227 eradamus,
1079 3162 1151 3211 enm
1173 3144 1323 3211 omnibus

297 3332 331 3387 15
350 3330 414 3387 Inue.
432 3332 475 3399 21,
494 3333 527 3387 18

245 3503 389 3557 learusm
411 3502 448 3557 Vr
477 3517 554 3557 earne
578 3502 619 3560 Te
722 3501 954 3571 dmpplestaT
1054 3501 1230 3558 tdsbsbnnt
1257 3504 1325 3562 TV:

193 3586 326 3643 debente
410 3589 614 3644 temlatnms
705 3587 815 3657 'tingit
832 3588 896 3643 Νι
922 3589 1009 3645 tuito
1095 3588 1217 3644 redditur
1233 3605 1253 3646 υ

192 3675 210 3728 8
227 3676 322 3729 mutue
340 3678 430 3729 sumta
451 3675 513 3731 Νι
540 3678 707 3731 mortuorum
724 3674 799 3730 itae
890 3675 996 3730 tinient
1013 3691 1056 3730 ass
1077 3675 1142 3731 Νι
1168 3678 1264 3730 ιιοιιιι
1281 3682 1326 3733 est

191 3775 209 3815 a
312 3759 336 3813 ei
362 3758 426 3815 Νι
454 3764 521 3816 etv
623 3759 781 3816 rethibeuds
806 3761 831 3815 T
854 3761 1037 3817 redibendan
1141 3760 1175 3816 10
1196 3761 1251 3834 illi]
1272 3765 1327 3820 illa

195 3879 212 3919 υ
313 3876 392 3931 quern
415 3862 479 3918 Νι
506 3879 623 3934 quamv
727 3866 759 3919 ll
782 3837 889 3920 erhslta
915 3867 941 3921 Τ
963 3865 1101 3921 exulatus
1205 3866 1240 3920 18
1258 3883 1326 3923 een-

193 3946 329 4015 ridente]
353 3947 417 4003 add.
443 3949 470 4003 T
483 3950 516 4004 in
531 3967 581 4022 mp.
684 3951 719 4007 20
741 3951 858 4006 habebat
883 3951 946 4006 Νι
976 3950 1058 4006 habet
1081 3969 1098 4006 v
1200 3951 1235 4006 112
1256 3961 1326 4022 pest

191 4030 351 4088 desereres.
363 4034 443 4090 diitt.
455 4035 486 4089 in
501 4036 527 4090 Τ
618 4037 652 4093 23
664 4040 785 4092 seruetur
800 4037 865 4094 Νι
888 4040 1067 4093 reseruetnrs
1160 4037 1196 4093 24
1206 4041 1325 4108 grandi-

189 4121 289 4174 aas
392 4120 555 4178 constitutae
580 4123 647 4178 Νι
676 4125 863 4181 constitnetv
966 4126 1038 4195 qued
1064 4125 1128 4182 Νι
1157 4140 1252 4195 queo

189 4204 225 4261 26
242 4203 271 4260 id
291 4203 355 4259 TV:
381 4206 459 4265 hiae
562 4208 596 4264 26
614 4211 740 4282 partium]
759 4213 874 4283 partium
894 4212 920 4268 Τ
