2760 4814
205 295 269 362 412
689 290 855 361 nugsppn

206 485 345 568 spiritns,
369 482 420 549 oni
442 501 614 565 numquam
636 487 683 547 est
707 481 771 547 ulla
791 481 934 547 remissio
950 499 1101 564 -quam
1117 500 1177 546 non
1199 500 1339 560 omnem,

206 588 261 653 sed
294 587 451 671 quandam
483 586 697 670 intellegimus
732 604 862 668 eamque
895 586 1149 666 perseuerantem
1183 585 1337 650 duritiam

206 691 307 756 cordis
339 690 573 773 impaenitentis
608 691 659 755 uel
692 689 826 754 diximus
856 689 907 753 uel
937 689 1116 754 inuenimus
1146 687 1198 752 uel
1227 688 1336 766 etiam,

207 794 359 877 qnantum
382 794 604 870 existimamus,
627 794 882 858 ostendimus-
904 810 965 856 non
988 794 1146 875 potestis
1169 809 1336 874 quoquam,

206 899 288 963 siout
317 896 460 972 diximus,
483 900 558 962 dum
580 896 682 961 adhuc
708 896 742 960 in
765 896 824 962 hac
846 897 914 962 uita
936 900 992 975 est,
1017 896 1214 978 deprehendi.
1253 894 1372 976 quode

206 1020 268 1067 non
289 1001 360 1067 ideo
382 1001 527 1066 uideatur
548 998 729 1075 absurdum,
760 1002 833 1081 qnia
856 1018 926 1064 oum
950 1000 1041 1064 homo
1064 1018 1162 1082 usque
1186 998 1218 1062 in
1241 997 1336 1062 finem

207 1105 299 1170 huius
323 1104 405 1170 uitae
428 1105 460 1169 in
484 1107 559 1169 dura
580 1103 818 1187 impoenitentia
840 1121 1042 1184 perseuerans
1059 1101 1114 1166 din
1136 1102 1336 1184 multumque

208 1209 353 1292 loquatur
386 1210 533 1273 aduersus
566 1206 645 1273 hanc
667 1206 803 1289 gratiam
834 1207 964 1287 spiritus
994 1206 1104 1279 sancti,
1136 1205 1335 1287 euangelium

206 1313 314 1379 tamen
336 1313 402 1377 tam
426 1313 551 1393 longam
568 1311 843 1376 contradictionem
864 1310 966 1374 cordis
988 1308 1223 1391 impaenitentis
1247 1311 1336 1393 quasi

206 1418 300 1483 breue
333 1414 459 1498 aliquod
492 1414 622 1479 uerbum
657 1414 827 1496 appellauit
859 1413 980 1478 dicens:
1015 1413 1252 1495 quicumque
1279 1412 1369 1477 dire

205 1519 311 1584 norit
344 1517 505 1581 uerbum
539 1518 673 1582 contra
705 1517 841 1581 filium
878 1517 1063 1594 hominis,
1099 1516 1335 1581 remittetur

206 1620 258 1697 ei;
295 1621 362 1703 qui
396 1621 525 1686 autem
561 1620 710 1685 dixerit
741 1623 878 1685 contra
915 1620 1104 1701 spiritum
1137 1624 1335 1696 sanctum,

207 1743 279 1790 non
311 1725 550 1789 remittetur
579 1725 612 1789 ei
646 1743 769 1806 neque
799 1724 837 1787 iu
862 1723 932 1788 hoo
955 1724 1110 1789 saeculo
1141 1740 1268 1804 neque
1296 1722 1363 1796 inl

207 1826 354 1892 futuro.
392 1827 468 1892 haec
498 1827 582 1890 enim
613 1826 755 1909 quamuis
785 1828 906 1909 prolixe
935 1826 978 1891 sit
1008 1829 1039 1892 et
1060 1826 1206 1909 plurimis
1229 1824 1335 1892 uerbis

205 1932 347 1996 contexta
369 1935 401 1995 et
422 1930 574 2012 producta
596 1930 798 2013 blasphemia,
828 1930 908 1997 solet
931 1934 1038 1994 tamen
1060 1929 1217 2011 scriptura
1241 1928 1369 1995 etiams

206 2035 307 2100 multa
336 2032 431 2099 uerba
459 2032 589 2098 uerbum
619 2034 788 2117 appellare.
833 2053 932 2116 neque
962 2032 1046 2098 enim
1075 2053 1173 2098 unum
1203 2032 1337 2098 uerbum

207 2138 329 2203 locutus
352 2143 400 2202 est
422 2137 611 2220 quicumque
632 2137 801 2222 propheta3
824 2143 856 2202 et
879 2143 984 2203 tamen
1007 2139 1052 2203 sic
1073 2137 1204 2222 legitur:
1237 2156 1338 2216 „uer-

207 2239 310 2318 bnm,
333 2242 432 2322 quod
456 2240 604 2305 factum
628 2241 687 2305 est
709 2241 748 2305 ad
766 2240 857 2306 illum
872 2241 925 2305 uel
946 2240 1038 2305 illum
1061 2238 1276 2324 prophetam“.
1307 2246 1337 2305 et

206 2343 380 2426 apostolus:
418 2343 668 2427 presbyteri,
703 2345 815 2428 inquit,
851 2345 1007 2427 duplici
1041 2345 1187 2409 honore
1222 2344 1337 2410 hono·

207 2448 363 2525 rentur,
396 2447 562 2512 maxime
585 2449 650 2529 qui
671 2448 858 2513 laborant
878 2449 917 2511 in
940 2448 1056 2512 uerbo
1080 2451 1117 2511 et
1140 2447 1369 2531 doctrinam

207 2566 267 2613 non
283 2551 328 2614 ait
343 2549 395 2634 „in
410 2548 544 2627 uerbis“‚
562 2551 631 2616 sed:
647 2551 686 2616 in
703 2551 829 2617 uerbo.
848 2556 878 2615 et
893 2555 1016 2616 sanetus
1029 2549 1173 2616 lacobus:
1189 2555 1337 2626 estote,

206 2652 318 2734 inquit,
342 2651 520 2717 factores
543 2654 674 2731 uerbi,
698 2656 735 2719 et
757 2674 832 2720 non
854 2655 1056 2720 auditores
1079 2657 1246 2731 tautnm3
1277 2671 1339 2718 non

206 2755 251 2819 ait
266 2757 298 2819 et
313 2755 395 2837 ipse:
420 2755 623 2841 „uerborum“
642 2756 711 2822 sed:
736 2756 862 2838 uerbi,
883 2759 1026 2840 quamuis
1043 2760 1110 2823 tam
1126 2758 1228 2822 multa
1242 2758 1339 2823 uerba

206 2859 245 2925 de
281 2858 444 2941 scripturis
480 2861 598 2924 sanctis
636 2861 669 2924 in
705 2860 835 2924 ecolesia
876 2860 1038 2926 celebriter
1075 2863 1107 2925 et
1143 2861 1338 2926 sollemniter

205 2960 360 3045 legantur,
376 2960 530 3046 dicantur,
546 2962 721 3029 audiantur.
748 2963 831 3028 sicut
846 2982 918 3047 ergo
933 2967 1182 3046 quantocumque
1197 2966 1376 3047 temporeis

206 3065 336 3148 quisque
369 3068 509 3133 nestrum
542 3067 575 3130 in
608 3066 812 3147 praedicando
842 3068 1004 3150 euangelio
1038 3067 1239 3145 laborauerit‚
1274 3085 1336 3131 non

206 3171 381 3245 uerborum,
415 3171 467 3235 sed
500 3167 590 3234 uerbi
623 3169 739 3237 dicitnr
772 3169 982 3252 praedicator;
1020 3174 1052 3235 et
1086 3175 1337 3252 quantocumque

206 3275 347 3356 tempore
376 3274 506 3356 quisque
536 3277 678 3340 uestrum
708 3275 846 3339 nostram
875 3275 1136 3356 praedicationem
1166 3273 1337 3354 diligenter

206 3379 301 3457 atque
330 3378 483 3442 instanter
513 3376 655 3454 audierit,
690 3396 749 3442 nou
781 3375 955 3459 uerborum,
990 3376 1044 3441 sed
1072 3375 1159 3440 uerbi
1190 3377 1337 3442 audiendi

309 3597 342 3649 10
365 3596 462 3649 Matth.
483 3598 522 3662 12,
541 3598 575 3650 32
679 3598 710 3652 17
732 3598 767 3652 of.
786 3597 830 3652 Es.
847 3599 905 3664 2,1
942 3597 998 3652 Iool
1017 3598 1073 3663 1,1
1111 3597 1188 3666 Seph.
1210 3599 1267 3661 1,1

208 3680 453 3747 191Tim.5,17
557 3684 588 3737 21
609 3684 663 3738 Iac.
684 3686 706 3748 1,
725 3683 759 3737 22

257 3886 273 3939 1
296 3901 442 3956 numquam
465 3888 548 3944 PTo:
578 3905 703 3958 nmquam
725 3889 751 3944 V
856 3889 874 3943 4
896 3889 1094 3944 exsistimamus
1116 3888 1142 3944 V
1249 3891 1264 3943 7
1289 3890 1340 3945 im·

206 3973 383 4042 paenitentia}
403 3975 585 4042 penitentiae
688 3975 705 4029 9
726 3976 814 4029 cordis
833 3975 897 4029 TV:
923 3992 969 4030 eor
986 3976 1042 4030 eius
1061 3992 1077 4030 o
1181 3977 1214 4030 12
1233 3977 1268 4047 ei]
1287 3995 1340 4033 om.

204 4075 222 4114 o
319 4060 351 4113 19
368 4061 525 4128 praesbiteri
549 4061 573 4115 V
599 4062 775 4130 prespiterio
868 4061 903 4116 23
921 4063 977 4132 ipse
995 4066 1056 4128 (om.
1076 4065 1147 4127 etio
1243 4065 1280 4119 24
1297 4081 1340 4120 so-

205 4144 333 4199 lemniter
355 4145 394 4200 Vc
491 4148 526 4201 25
545 4151 789 4216 quantumcumque
807 4148 852 4202 M*
956 4149 989 4202 27
1007 4151 1270 4218 quantoscumquec

139 4233 142 4242 '
205 4231 241 4286 28
259 4232 389 4300 uestrum]
409 4234 533 4287 nostrum
553 4235 579 4288 Τ
