2760 4814
213 520 278 586 930
695 517 862 589 Faustinii

215 711 269 794 qui
299 712 429 794 pereunt
462 710 576 775 iudicio
610 711 684 777 eius.
728 710 781 775 sed
815 710 853 774 ut
883 709 986 774 minus
1021 710 1243 774 suscenseatur
1270 708 1340 773 haee

216 833 325 898 parum
357 813 622 895 intellegentibus,
652 814 717 895 ipse
747 814 903 892 admouet,
934 830 1004 877 eum
1028 811 1173 893 adiungit
1196 814 1230 875 et
1252 810 1339 877 dicit:

215 920 254 983 et
282 920 325 983 ad
348 918 443 981 haec
464 918 551 999 quis
574 916 758 980 idoneus?
782 936 890 980 uerum
912 916 1074 980 redeamus
1094 915 1135 979 ad
1158 915 1234 979 ostii
1258 932 1340 995 aper-

216 1024 341 1097 tionem,
376 1039 437 1103 qua
471 1019 594 1083 initium
629 1018 700 1083 fidei
723 1020 917 1085 audientium
950 1018 1143 1101 significauit
1175 1018 1339 1101 apostolus.

215 1125 288 1207 quid
318 1125 367 1189 est
395 1125 494 1189 enim:
528 1127 687 1187 orantes
717 1123 833 1187 simul
864 1126 903 1187 et
932 1141 999 1205 pro
1031 1122 1164 1205 nohis,
1187 1124 1232 1187 ut
1254 1123 1366 1187 denes

215 1229 372 1311 aperiat
395 1228 509 1293 nobis
525 1229 670 1293 ostium
686 1227 816 1307 uerbi,
833 1228 892 1292 nisi
907 1227 1104 1309 apertissima
1119 1224 1340 1291 demonstratio

215 1332 311 1397 etiam
335 1333 437 1414 ipsum
460 1332 586 1396 initium
607 1330 681 1395 fidei
703 1334 818 1395 donum
841 1332 912 1395 dei?
934 1348 995 1394 non
1018 1330 1101 1394 enim
1124 1329 1245 1395 orando
1259 1330 1340 1412 pete·

216 1440 300 1502 retur
329 1437 367 1499 ab
398 1455 444 1518 eo,
467 1437 525 1500 nisi
549 1435 588 1499 ab
611 1434 679 1518 ipso
702 1434 798 1497 tribui
823 1434 1009 1498 crederetur.
1054 1434 1112 1497 hoc
1136 1436 1254 1499 donum
1278 1450 1340 1497 coe·

218 1543 304 1606 lestis
338 1540 457 1622 gratiae
490 1540 523 1602 in
556 1538 645 1603 illam
678 1538 896 1620 purpurariam
931 1537 1141 1613 descenderat,
1172 1538 1232 1619 cui,
1264 1536 1340 1600 sicut

217 1646 369 1725 scripture
403 1642 480 1705 dicit
513 1642 544 1705 in
572 1642 705 1706 Actibus
742 1642 963 1722 apostolorum,
1000 1642 1097 1705 deus
1133 1640 1366 1723 aperueratu

163 1750 168 1761 “
217 1764 372 1810 sensum
396 1744 482 1808 cius
506 1749 542 1807 ct
563 1744 797 1809 intendebat
820 1746 858 1808 in
881 1762 923 1807 ea
946 1762 1043 1827 qnae
1066 1742 1339 1807 aPaulodice·

217 1848 372 1913 bantur.
414 1847 459 1912 sic
488 1849 570 1912 enim
596 1847 777 1932 uocabatur,
800 1848 836 1912 ut
858 1847 1005 1912 crederet.
1044 1848 1110 1929 agit
1131 1848 1249 1929 quippe
1271 1847 1339 1910 deus

217 1954 296 2034 quod
320 1951 391 2016 uult
413 1952 444 2014 in
468 1949 613 2015 cordibus
636 1950 797 2015 hominum
820 1952 871 2015 uel
895 1951 1067 2015 adiuuando
1091 1949 1143 2015 uel
1167 1949 1338 2019 iudicando,

217 2060 253 2121 ut
282 2055 376 2121 etiam
406 2072 461 2135 per
491 2072 541 2118 eos
571 2054 741 2136 impleatur
772 2056 850 2136 quod
881 2073 991 2119 manus
1023 2054 1091 2119 eius
1121 2058 1155 2119 et
1178 2052 1340 2118 consilium

219 2158 460 2241 praedestinatrit
481 2159 558 2222 fieri.
1347 2178 1366 2219 u

260 2262 391 2327 Frustra
413 2263 517 2343 itaque
540 2260 636 2325 etiam
660 2261 750 2339 illud,
773 2262 854 2344 quod
877 2263 1053 2346 Regnorum
1076 2265 1110 2327 et
1132 2262 1339 2345 Paralipome-

219 2382 279 2429 non
308 2366 387 2429 teste
421 2365 573 2448 scriptura
607 2365 824 2447 probauimus:
856 2366 935 2448 quod
969 2367 1045 2431 deus
1077 2370 1149 2434 uult
1183 2366 1251 2431 fieri
1287 2362 1339 2429 nisi

220 2466 398 2533 uolentibus
432 2468 610 2532 hominibus
643 2470 765 2550 oportet
798 2468 877 2552 fieri,
912 2468 1057 2535 inclinari
1088 2470 1193 2549 corda,
1224 2474 1261 2535 ut
1288 2468 1337 2533 hoc

220 2573 329 2647 uelint,
353 2591 388 2637 eo
416 2571 537 2637 scilicet
567 2570 747 2654 inclinante,
779 2573 833 2653 qui
863 2573 895 2637 in
926 2572 1015 2638 nobis
1036 2573 1177 2639 mirabili
1201 2574 1336 2638 modoet

219 2675 368 2741 ineffabili
398 2678 540 2758 operatur
570 2676 602 2738 et
630 2675 722 2757 uelle,
753 2675 793 2740 ad
821 2694 957 2760 causam,
988 2680 1026 2741 de
1048 2697 1111 2760 que
1132 2678 1362 2755 disseruimus»

221 2794 282 2841 uon
304 2777 458 2858 pertinere
487 2778 638 2843 dixerunt.
684 2778 757 2860 quid
780 2782 829 2842 cst
850 2779 935 2845 aliud
958 2779 1038 2845 nihil
1060 2780 1164 2845 dicere
1187 2784 1334 2846 ettamen

220 2879 453 2945 contradicere?
481 2881 542 2945 nisi
573 2880 652 2944 forte
676 2881 856 2945 existimant
877 2880 916 2945 ad
939 2900 1034 2963 regna
1056 2886 1185 2949 terrena
1206 2882 1334 2948 faciende

218 2982 310 3046 deum
340 2982 500 3064 inclinare,
530 2981 567 3047 ad
598 3002 729 3066 regnum
759 3001 831 3047 uero
862 2984 996 3048 caeleste
1027 2976 1232 3066 optiriendum
1253 2987 1331 3051 deun

219 3103 280 3150 non
308 3086 457 3149 inclinare
480 3103 611 3167 quorum
634 3085 769 3150 uoluerit
791 3084 994 3151 uoluntates?
1020 3088 1085 3162 sed,
1109 3094 1199 3173 puto,
1220 3096 1330 3172 propter

219 3207 351 3273 regnum
375 3188 542 3263 caelorum,
566 3206 627 3253 non
650 3191 775 3271 propter
798 3208 928 3271 regnum
952 3194 1112 3255 terrenum
1128 3209 1196 3256 esse
1211 3192 1348 3258 dictume

218 3292 370 3357 inclina
403 3310 610 3355 cormeum
633 3293 671 3355 in
694 3293 927 3359 testimonia
950 3296 1033 3369 tua,
1056 3296 1123 3359 uel:
1152 3295 1324 3361 adomino

217 3412 374 3477 gressus
403 3394 577 3459 hominis
607 3394 854 3478 diriguntur,
878 3396 946 3461 uel:
969 3398 1138 3479 paratur
1161 3400 1322 3463 noluntas

217 3517 237 3563 a
265 3498 438 3575 domino,
472 3499 540 3562 uel:
575 3498 671 3564 dabo
694 3499 750 3563 eis
773 3516 835 3564 cor
858 3499 985 3578 aliud,
1009 3504 1046 3564 et
1068 3502 1255 3584 spiritum
1274 3512 1319 3560 no·

319 3723 478 3787 ocol.4,3
556 3720 590 3775 10
606 3722 666 3776 Act.
680 3721 720 3783 16,
734 3722 767 3775 14
845 3722 877 3775 14
894 3722 928 3774 cf.
942 3721 1001 3775 ner.
1014 3722 1040 3787 4,
1053 3722 1089 3775 28
1160 3724 1192 3777 16
1209 3716 1318 3778 cultu·

219 3808 260 3872 10,
283 3808 317 3861 26
421 3808 487 3862 ef.I
512 3807 600 3861 Parul.
624 3805 665 3872 12,
692 3810 724 3861 18
826 3807 861 3861 20
878 3808 913 3863 ci.
932 3807 1050 3879 Philipp.
1068 3808 1093 3873 2,
1114 3810 1147 3863 13
1245 3804 1274 3859 26
1288 3796 1318 3852 Pt

217 3894 277 3957 118,
296 3894 330 3947 36
434 3895 479 3947 Po.
496 3894 539 3958 36,
558 3894 592 3947 23
689 3894 723 3947 27
744 3895 825 3949 Pron.
843 3894 868 3959 8,
886 3894 920 3947 35
1020 3894 1055 3948 28
1073 3894 1168 3949 Enoch.
1189 3896 1227 3961 ll,
1244 3890 1270 3945 19

270 4099 486 4152 enuncientur
505 4099 560 4155 or>
659 4072 749 4153 eneee
762 4100 787 4167 (ο
804 4098 870 4153 aaa.
889 4098 1014 4161 cerv
1109 4099 1227 4155 sermo
1243 4095 1275 4151 n:
1294 4083 1319 4139 t·

218 4196 277 4235 mus
296 4182 332 4251 V,
358 4198 408 4237 om.
437 4185 462 4239 G
565 4186 601 4254 et]
624 4200 674 4239 om.
699 4185 736 4239 Ρι
846 4185 862 4239 't
889 4184 951 4239 fidei
978 4182 1016 4239 V:
1050 4184 1114 4239 fidoi
1141 4202 1198 4240 ease
1225 4181 1273 4241 GP

219 4267 251 4319 16
263 4268 487 4337 paralypomenon
502 4271 528 4324 V
613 4271 788 4340 llscriptura
800 4274 868 4326 teste
881 4272 937 4327 GP
1016 4270 1087 4339 qnod
1099 4271 1137 4327 V:
1154 4287 1216 4327 cum
1229 4268 1275 4327 GP
1375 4260 1378 4281 ²

216 4354 272 4407 nisi
289 4353 324 4408 V:
342 4355 413 4425 quod
426 4357 544 4410 nonnisi
561 4358 615 4413 GP
699 4359 733 4413 18
744 4359 824 4413 eorda
840 4359 876 4412 V:
894 4374 983 4413 corum
995 4357 1076 4413 corda
1092 4357 1147 4413 GP
1229 4346 1322 4413 moto
1375 4350 1378 4423 ζ

218 4439 334 4496 nendum
351 4441 379 4495 P
466 4442 501 4496 at
519 4443 675 4513 diriguntur
689 4445 726 4499 V:
753 4444 911 4515 diriguntur
928 4446 956 4499 et
972 4444 1046 4499 uiam
1063 4443 1123 4499 eius
1140 4444 1215 4500 nolet
1230 4442 1276 4501 a?
