2760 4814
203 341 268 408 838
687 336 853 407 eugippi:

199 532 259 596 bus
284 527 460 613 institutes,
484 530 518 592 et
539 526 593 592 ille
615 526 667 610 qui
691 526 885 592 demonstret
905 524 1008 591 sidere
1031 542 1204 609 eorumque
1222 530 1334 606 motus,

200 649 262 698 nou
291 650 365 699 ase
392 633 445 697 nol
474 630 601 697 homine
623 631 728 713 aliquo
749 649 815 696 rem
838 630 1018 695 institutem
1040 631 1260 697 demonstret:
1291 630 1333 696 sic

199 736 297 803 otiam
326 735 380 819 qui
410 735 503 802 dicit:
529 754 621 822 „cum
647 734 764 800 falsum
786 733 939 816 estquod
967 734 1182 817 consequitur,
1212 751 1333 800 nemeae

199 843 257 919 ost,
280 840 316 904 ut
338 840 453 905 falsum
476 837 519 904 sit
542 837 624 921 quod
645 835 822 920 praecedit“
853 837 1016 903 uerissime
1038 836 1116 902 dicit
1144 855 1250 921 neque
1277 838 1331 903 isto

200 942 287 1022 lacit,
322 946 359 1008 ut
380 943 426 1009 ita
458 942 511 1022 sit,
545 941 600 1008 sed
629 942 753 1007 tuntum
780 943 827 1006 ita
853 958 920 1006 esse
954 939 1159 1005 demonstret.
1204 960 1243 1006 ex
1275 941 1359 1005 hess

200 1048 311 1131 regule
332 1047 411 1114 illud
433 1049 481 1113 oet
503 1046 586 1129 quod
608 1048 646 1113 de
668 1045 806 1129 apostolo
824 1043 1146 1111 commemoranimus
1177 1042 1329 1127 praecedit

199 1150 284 1216 enim
313 1169 376 1216 non
403 1170 469 1217 osse
490 1151 748 1217 resurrectionem
772 1153 977 1228 mortuorum,
1009 1147 1091 1231 quod
1112 1146 1263 1213 dicebant
1282 1145 1326 1211 illi

198 1271 331 1336 quorum
354 1273 487 1321 errorem
510 1254 691 1321 destruebat
712 1254 880 1336 apostolus.
916 1270 1005 1336 porro
1026 1251 1117 1317 illem
1137 1249 1325 1316 senteutiam

197 1358 444 1439 praecedentem,
475 1376 536 1440 qua
562 1357 710 1423 dicebant
738 1375 799 1422 non
828 1375 894 1422 esse
921 1354 1181 1422 resurrectionem
1210 1358 1323 1419 mortu·

198 1476 297 1539 omm,
314 1459 484 1525 necessario
499 1462 654 1542 sequitur:
669 1479 794 1543 neque
808 1459 993 1526 Christus
1010 1458 1247 1523 resurrexit.
1270 1456 1349 1521 lroce

197 1565 302 1626 autem
332 1561 413 1645 quod
446 1565 585 1645 seqnitur
613 1563 730 1628 falsum
759 1567 823 1639 est:
858 1561 998 1628 Christus
1028 1561 1113 1626 enim
1144 1559 1319 1627 resurrexit.

197 1663 315 1730 falsum
343 1666 392 1730 est
418 1684 491 1750 ergo
520 1669 553 1732 et
580 1665 660 1748 quod
687 1666 852 1749 praecedit.
887 1665 1045 1749 praecedit
1066 1664 1151 1729 enim
1174 1683 1238 1730 non
1260 1679 1320 1728 osso

199 1771 455 1835 resurrectionem
485 1772 686 1835 mortuorum.
721 1773 769 1834 ost
791 1770 889 1854 igitur
910 1768 1097 1834 resurrectio
1119 1774 1318 1834 mortuorum.

199 1873 281 1955 qnod
303 1873 407 1936 totum
423 1871 560 1938 breuiter
575 1874 620 1938 ita
634 1873 764 1940 dicitnr:
791 1873 835 1952 „si
851 1892 911 1938 non
926 1879 975 1938 est
988 1871 1174 1938 resurrectio
1190 1874 1318 1938 mortuo

199 1993 281 2058 rum,
298 1994 396 2057 neque
412 1974 557 2041 Christus
571 1978 748 2042 resurrexit.
779 1975 922 2042 Christus
938 1979 1044 2040 autem
1065 1976 1256 2058 resurrexit;
1277 1974 1349 2038 ees

197 2077 298 2161 igitur
318 2079 504 2144 resurrectio
526 2081 752 2145 mortuorum“.
780 2079 840 2145 hoc
854 2097 936 2163 ergo,
952 2081 988 2143 ut
1003 2081 1208 2161 consequenti
1221 2078 1319 2146 ableto

197 2180 357 2247 auferetur
386 2183 481 2247 etiem
510 2182 683 2248 necessario
712 2183 795 2264 quod
824 2181 993 2264 praecedit,
1027 2199 1089 2246 non
1120 2181 1320 2248 instituerunt

197 2283 350 2362 homines,
373 2287 426 2350 sed
448 2285 661 2350 ostenderunt.
689 2287 722 2350 et
742 2284 818 2350 haec
833 2285 943 2370 regula
956 2284 1092 2367 pertinet
1107 2283 1319 2351 aduoritatom

198 2388 409 2467 conexionnm,
432 2406 494 2453 non
516 2389 555 2454 ed
578 2389 746 2454 ueritatem
769 2389 1004 2453 sententiarum.

240 2505 301 2573 Sed
331 2509 363 2573 in
391 2507 450 2573 hoc
478 2508 546 2574 loco
577 2509 616 2574 de
645 2511 869 2576 resurrectione
891 2528 962 2575 cum
985 2508 1139 2592 ageretur,
1163 2510 1199 2574 et
1219 2507 1346 2593 regule·

198 2610 374 2676 conexionis
397 2629 471 2676 uera
494 2617 542 2676 est
565 2616 597 2677 et
619 2612 742 2697 ipsein
764 2613 960 2678 conclusione
981 2613 1149 2676 sententia
1188 2612 1225 2677 in
1239 2610 1317 2676 feles

198 2716 305 2780 eutem
333 2715 500 2780 sententiis
529 2715 703 2781 conexionis
731 2717 849 2781 ueritas
879 2718 927 2780 est
954 2715 1014 2780 isto
1043 2716 1145 2781 modo.
1175 2715 1317 2782 meamus

199 2816 336 2901 aliquem
355 2819 557 2884 concessisse:
583 2820 628 2904 „si
650 2819 766 2884 animal
783 2824 830 2884 est
852 2818 965 2894 coclea,
988 2836 1096 2883 uocem
1120 2817 1248 2885 hebet&
1267 2817 1318 2881 too

198 2937 343 2986 concesso
365 2940 436 2987 oum
451 2921 618 3004 probatum
641 2922 737 2988 luerit
758 2940 867 2988 uocem
883 2921 1017 2987 cocleam
1032 2919 1237 2999 mutabere,
1252 2937 1316 3004 quo

196 3024 283 3091 niam
306 3026 505 3108 consequenti
527 3025 630 3091 ableto
652 3025 733 3091 illud
755 3026 837 3108 quod
853 3023 1010 3108 praecedit
1031 3023 1187 3102 aufertur,
1203 3023 1345 3091 conclu-a

199 3127 285 3193 ditur
306 3145 369 3192 non
391 3145 459 3192 esse
481 3128 598 3194 animal
621 3127 767 3194 cocleam.
812 3146 891 3211 quae
912 3126 1070 3194 sententie
1092 3126 1175 3193 lelse
1198 3132 1258 3207 est,
1272 3123 1318 3190 sei

197 3249 234 3294 er
265 3246 408 3296 concesso
439 3230 517 3297 falso
548 3250 624 3297 uere
655 3233 859 3298 conclusionis
889 3230 1025 3297 conexio.
1072 3232 1193 3298 ueritas
1221 3232 1318 3315 itaque

300 3458 366 3514 101
384 3460 444 3515 Cor.
464 3460 504 3526 15,
522 3460 555 3514 13

247 3671 265 3723 2
282 3671 325 3725 uel
341 3671 377 3727 V:
404 3675 514 3728 usluto
600 3674 708 3729 homine
724 3674 761 3729 V:
779 3675 813 3730 ab
825 3675 932 3730 homine
946 3676 988 3732 Ge
1074 3676 1259 3733 demontreto

194 3755 213 3809 4
229 3755 282 3809 iste
299 3756 322 3823 (t
340 3773 374 3811 ee
391 3774 404 3810 ε
422 3774 491 3812 corr.
509 3776 544 3813 m.
558 3761 584 3827 1)
605 3760 640 3815 V:
672 3762 727 3829 ipse
747 3761 817 3816 GPn
918 3762 936 3816 8
952 3761 1110 3817 destruebat
1125 3763 1163 3817 V:
1190 3764 1326 3819 cesurae

195 3840 305 3894 nolebat
333 3842 403 3897 GPo
506 3846 539 3899 10
564 3846 660 3916 neque]
687 3863 738 3916 neq
756 3849 816 3916 (cio)
844 3848 870 3903 V
970 3848 1004 3902 12
1030 3851 1060 3902 et
1085 3849 1158 3917 quod
1186 3850 1225 3904 V:
1254 3850 1323 3920 quod

195 3925 240 3981 Oc
333 3928 402 3981 euim
418 3929 455 3984 V:
484 3934 573 3986 eutem
588 3934 630 3988 Ge
724 3935 757 3989 13
775 3935 1129 4003 estigitur-mortuorum
1149 3935 1248 3992 G’Po:
1274 3954 1324 3992 one

198 4010 267 4067 0¹?
348 4016 487 4083 igiturP:
514 4033 576 4088 ergo
590 4019 645 4075 G²o
731 4021 764 4075 14
781 4021 852 4088 quod
865 4022 1090 4075 totum-eutem
1101 4023 1257 4092 mouerit]
1274 4038 1324 4077 oet

195 4097 247 4162 6¹:
265 4100 329 4154 oco.
344 4100 382 4156 θ’
393 4102 425 4155 ie
434 4119 484 4173 περ.
571 4106 604 4159 15
616 4108 706 4160 entem
720 4107 825 4162 G'PV:
844 4108 915 4161 enirn
929 4107 984 4163 (3²0
1068 4110 1112 4162 oet
1123 4108 1324 4178 igitur-mor-

193 4184 304 4238 tuorum
321 4185 390 4240 PV:
416 4204 466 4243 oro.
488 4187 531 4244 Ge
624 4192 657 4245 16
675 4191 766 4247 ablato
785 4192 867 4247 GPu:
895 4192 1027 4247 obletoV
1120 4192 1154 4248 21
1174 4196 1327 4251 conexieuio

197 4269 235 4323 V:
265 4271 424 4327 conexiuse
525 4274 559 4328 27
580 4291 643 4331 uere
663 4276 701 4332 V:
730 4293 793 4332 nere
810 4280 851 4333 eet
873 4278 914 4334 ce
