2760 4814
260 379 426 449 Excerpta
443 395 479 433 er
496 395 564 448 opp.
584 380 609 434 S.
628 378 815 449 Augustini
837 380 1000 437 coxxnn.
1130 383 1193 450 723

64 569 149 648 sunt,
180 571 273 635 unius
302 567 401 651 igitur
424 567 623 651 eiusdemque
646 587 718 633 oum
741 571 828 651 petre
851 567 1043 636 substantiae
1066 572 1123 650 est,
1160 573 1192 636 et

64 672 134 738 ideo
157 690 219 737 uon
242 672 366 736 tautum
387 671 463 736 deus
485 671 539 736 sed
567 671 599 736 et
620 690 713 736 uerus
728 671 812 739 deus.
842 673 922 754 quod
938 672 1020 737 idem
1037 673 1191 740 Iohannes

64 775 260 859 apertissime
283 773 317 838 iu
340 771 478 855 epistula
492 791 550 838 sua
567 772 660 838 dicit:
684 772 844 854 scimus,
867 775 967 857 quod
989 774 1105 841 filius
1129 777 1192 842 dei

64 877 223 945 uenerit
245 879 282 942 et
304 876 462 941 dederit
483 876 597 942 nobis
617 875 892 958 intellectum,
915 880 958 942 ut
981 871 1193 961 cognosce}

43 1001 149 1047 emus
171 999 303 1048 uorum
325 980 363 1045 et
379 978 500 1044 simus
521 979 560 1044 in
576 997 684 1057 uero,
707 979 799 1046 filio
819 981 902 1046 eine
918 980 1008 1046 Iesu
1023 981 1188 1048 Christo.

63 1087 129 1151 hio
152 1086 212 1150 est
233 1102 353 1150 uerus
377 1084 470 1149 deus
493 1087 531 1148 et
554 1083 641 1149 uita
662 1086 834 1150 aeterna.

108 1207 191 1272 Hinc
220 1204 314 1271 etiam
344 1203 566 1286 consequenter
594 1204 793 1290 intellegitur
822 1223 884 1269 uon
913 1205 1131 1271 tantummodo
1154 1206 1192 1271 de

64 1310 155 1393 patre
176 1309 290 1374 dixisse
312 1307 489 1390 apostolum
511 1307 663 1373 Paulum:
685 1311 748 1391 qui
770 1309 879 1375 solue
900 1308 1019 1380 habet
1040 1309 1190 1376 immor·

64 1412 289 1490 talitatom,
320 1410 374 1476 eed
403 1411 441 1476 de
471 1429 531 1477 uno
554 1415 585 1477 et
607 1412 672 1477 solo
695 1412 761 1492 deo,
785 1412 867 1495 quod
889 1412 939 1478 est
966 1414 1033 1495 ipsa
1054 1413 1190 1478 trinitas.

27 1536 166 1599 seneque
190 1517 273 1581 onim
295 1517 363 1598 ipsa
384 1515 452 1581 uita
474 1517 601 1580 aeterua
623 1516 767 1581 mortalis
789 1518 838 1581 est
860 1516 1031 1582 secuudum
1054 1516 1191 1599 aliquam

65 1619 323 1697 mutabilitatem,
355 1637 392 1684 ac
421 1638 475 1701 per
497 1618 556 1684 hoc
587 1618 672 1685 filius
704 1620 766 1696 dei,
797 1620 870 1704 quia
892 1619 959 1685 uita
980 1620 1108 1685 aeterna
1131 1622 1190 1700 est,

66 1743 140 1790 cum
169 1726 256 1805 patre
286 1722 383 1787 etiam
415 1722 482 1805 ipse
511 1721 717 1809 intellegitur,
751 1723 805 1788 ubi
840 1723 1050 1789 dictumest:
1085 1722 1192 1788 solus

66 1828 187 1894 habet
207 1826 575 1905 immortalitatem
611 1825 677 1891 eius
703 1826 787 1892 enim
809 1827 894 1892 uitae
916 1827 1060 1892 aeternae
1083 1826 1115 1890 ot
1137 1843 1193 1890 nos

66 1931 236 2014 participes
265 1929 340 1996 facti
362 1949 417 2013 pro
439 1930 566 1995 modulo
588 1930 694 1995 nostro
720 1930 915 1997 immortales
937 1929 1101 1996 efficimur.
1138 1929 1194 1993 sed

29 2034 154 2100 saaliud
184 2037 232 2098 est
260 2033 328 2115 ipsu
358 2034 445 2097 cuius
474 2032 641 2116 participes
668 2030 824 2098 efficimur
845 2032 915 2098 uita
937 2035 1074 2115 aeterna,
1107 2029 1194 2096 aliud

66 2157 125 2204 uos
158 2136 211 2219 qui
245 2135 312 2201 eius
345 2136 584 2218 participatione
617 2135 753 2200 uiuimus
787 2135 820 2200 in
850 2139 1022 2202 aeternum.
1059 2136 1086 2199 si
1108 2133 1193 2200 enim

66 2240 212 2306 dixisset:
250 2257 362 2320 „quem
384 2238 575 2322 temporibus
597 2236 732 2321 propriis
759 2236 895 2303 ostendit
921 2243 1009 2321 pater
1030 2236 1139 2301 beatus
1162 2240 1194 2301 et

67 2343 153 2409 solus
180 2347 299 2424 potens,
329 2359 380 2407 rex
403 2359 514 2424 regum
537 2345 569 2406 et
592 2341 736 2406 domiuus
760 2340 1000 2421 dominantium,
1030 2339 1085 2423 qui
1107 2338 1192 2404 eolus

68 2445 167 2511 habet
188 2441 491 2524 immortalitatem“‚
515 2462 569 2509 uec
584 2445 629 2510 sio
644 2443 714 2509 inde
729 2446 906 2526 separatum
920 2443 1023 2509 filium
1037 2443 1193 2526 oporteret

37 2547 222 2632 »intellegi
267 2565 365 2629 neque
397 2546 490 2625 enim,
524 2547 598 2629 quia
630 2546 696 2629 ipse
730 2545 815 2611 filius
848 2545 924 2612 alibi
958 2546 1086 2629 loquens
1118 2564 1193 2611 uoce

68 2652 241 2735 sapientiae
261 2651 392 2733 -ipse
426 2652 475 2715 est
508 2650 591 2715 euim
625 2649 777 2731 sapientia
811 2650 860 2715 dei
888 2685 931 2696 —
961 2649 1022 2714 ait:
1056 2667 1195 2734 gyrum

70 2754 175 2823 caeli
198 2754 367 2820 circuiui
388 2754 492 2832 sola,
515 2754 672 2835 separauit
695 2770 714 2817 a
737 2772 769 2819 se
793 2753 924 2836 patrem,
947 2754 1062 2835 quanto
1093 2752 1193 2837 magis

71 2878 145 2944 ergo
169 2876 230 2923 non
252 2861 302 2924 eet
323 2876 454 2932 necesso,
478 2861 513 2923 ut
537 2857 753 2923 tautummodo
775 2859 813 2924 de
834 2860 924 2939 patre
945 2858 1071 2941 praeter
1093 2856 1194 2922 filium

71 2963 276 3045 intellegatur
309 2963 389 3043 quod
423 2960 541 3026 dictum
572 2964 636 3026 est:
670 2962 780 3027 solus
809 2962 928 3027 habet
956 2959 1197 3027 immortali·

23 3067 209 3145 natatem,
234 3084 304 3131 cum
319 3065 366 3130 ita
380 3065 498 3129 dictum
514 3064 571 3128 sit:
595 3068 641 3129 ut
662 3081 813 3139 seruos,
837 3065 948 3146 inquit,
971 3061 1195 3129 mandatum

73 3173 158 3236 sine
179 3168 350 3251 macula,
372 3166 757 3250 inreprehensibile,
779 3186 899 3249 usque
921 3167 960 3231 iu
983 3166 1195 3232 aduentum

74 3271 231 3337 domini
251 3271 380 3336 nostri
403 3271 492 3335 Iesu
515 3268 683 3349 Christi,
712 3287 822 3352 quem
844 3267 1090 3352 temporibus
1112 3286 1196 3351 pro·

175 3481 289 3537 3110.
312 3482 336 3545 5,
360 3480 395 3534 20
507 3480 878 3548 8(et12)1'l¹im.6,16
986 3483 1017 3536 21
1047 3481 1197 3537 otlcor.

78 3568 100 3634 1,
116 3568 150 3623 24
251 3568 330 3624 ticoli.
349 3568 426 3634 aab
527 3566 838 3637 thTim.6,14eqq.

126 3765 343 3833 lsnbstantiae]
366 3763 568 3819 substentiaV
668 3763 830 3818 2iobauuis
853 3765 880 3818 A
982 3763 1104 3819 bsimun
1126 3764 1147 3831 (i
1164 3779 1200 3818 a

79 3892 191 3956 uere.)
216 3889 243 3942 A
346 3886 548 3957 iintelligitur
565 3885 593 3940 a
697 3886 729 3940 11
757 3858 850 3940 necata
875 3887 903 3939 a
1007 3886 1038 3940 re
1065 3885 1197 3954 noemae]

79 3979 199 4030 uoternse
216 3975 243 4028 A
332 3973 365 4027 14
382 3973 488 4028 modol'o
506 3973 534 4026 A
619 3971 781 4026 immortalis
799 3972 826 4025 A
914 3973 946 4027 15
965 3969 1130 4027 etchmuso

80 4061 133 4116 uite
150 4063 260 4116 aeterua
280 4060 366 4115 Aac:
395 4060 469 4114 uitae
492 4060 615 4113 aeternae
636 4057 664 4113 V
762 4057 795 4111 16
819 4056 936 4111 uiuimus
958 4057 995 4111 V:
1025 4058 1147 4111 uiuamus
1169 4059 1196 4111 A

82 4146 121 4202 G‘o
222 4145 255 4203 17
279 4144 399 4201 ostendit
422 4145 544 4201 A¹G¹V2
575 4141 697 4199 ostendet
719 4142 816 4198 A26¹o
920 4141 952 4196 19
974 4143 1022 4211 oio]
1041 4143 1079 4197 eit
1101 4143 1129 4195 A

80 4232 110 4286 21
122 4233 240 4302 girumo
324 4232 359 4286 22
377 4231 488 4286 circuiri
505 4231 558 4285 Vo:
585 4227 720 4283 circuiiA
811 4228 846 4283 24
864 4227 945 4298 solue]
963 4229 1011 4297 qui
1024 4228 1130 4283 solueo

80 4317 111 4373 25
127 4318 221 4389 inquid
238 4319 267 4374 A
367 4318 402 4373 26
418 4314 670 4388 inrepraehensibile
687 4315 714 4368 A

1035 4414 1097 4470 46*
