2760 4814
168 366 333 435 Itrcerpta
350 382 385 420 ex
402 382 472 435 opp.
492 367 518 421 S.
535 364 723 434 Augustini
748 364 934 421 cccxxrnl.
952 365 1096 420 esu-353.
1117 364 1201 434 1033

62 573 136 622 esse
151 555 338 637 trinitatem,
362 573 423 637 qua
437 554 518 619 nihil
533 555 756 638 praestantius,
779 554 1014 639 intellegentias
1030 558 1062 620 et
1077 552 1200 619 beatius

61 658 208 724 inuenire
242 657 382 743 perfecta
411 660 493 724 ratio
525 661 638 742 potest.
673 659 805 740 ideoque
838 659 945 742 etiam,
983 675 1055 725 cum
1082 657 1201 723 ueritas

62 762 238 847 quaeritur,
261 762 333 847 plus
355 780 448 846 quem
464 763 526 827 tria
540 780 655 845 genera
670 763 886 845 quaestionum
901 780 967 828 esse
982 781 1043 828 non
1058 763 1199 847 possunt,

60 870 173 934 utrumn
195 866 321 933 omnino
342 867 395 945 sit,
418 870 526 932 utrum
542 866 600 931 hoo
614 884 655 930 an
670 865 755 931 aliud
772 865 824 943 sit,
841 866 950 930 utrum
964 864 1200 950 approbandum

35 970 346 1055 simprobandumne
373 970 426 1035 sit.

416 1280 463 1325 DE
492 1278 561 1325 DEO
587 1279 630 1324 ET
656 1278 846 1325 CREATVRA.

108 1414 196 1495 Quod
219 1415 480 1481 incommutabile
503 1416 560 1499 est,
584 1418 746 1481 aeternum
768 1419 832 1499 est3
862 1433 983 1498 semper
1006 1412 1093 1480 enim
1114 1413 1197 1478 eius·
1208 1415 1273 1481 353

61 1519 136 1585 dem
158 1517 244 1584 modi
260 1522 317 1584 eat.
352 1520 433 1602 quod
448 1520 553 1585 anum
571 1516 794 1585 commutabile
809 1521 866 1600 est,
883 1518 1017 1601 tempori
1032 1518 1198 1583 obnoxium

62 1626 132 1706 esr3
158 1640 220 1688 nou
250 1622 334 1687 enim
363 1640 485 1705 semper
516 1621 654 1687 eiusdem
683 1621 768 1687 modi
800 1624 849 1687 est
882 1625 914 1686 et
940 1622 1008 1687 ideo
1036 1623 1199 1687 aeternum

22 1742 128 1792 innon
151 1728 236 1790 recte
258 1725 383 1791 dicitnr.
414 1727 496 1807 quod
519 1725 602 1790 enim
624 1727 779 1806 mutatur,
802 1743 865 1790 non
886 1729 1009 1801 manet;
1033 1724 1116 1809 quod
1137 1741 1200 1789 non

64 1831 185 1906 manet,
208 1846 269 1893 non
292 1832 341 1894 est
363 1830 535 1894 aeternnm.
565 1829 659 1911 idque
682 1829 764 1894 inter
786 1829 965 1893 immortale
988 1830 1021 1894 et
1035 1832 1200 1895 aeternum

64 1936 125 2010 est,
149 1933 231 2015 quod
254 1949 346 1999 omne
369 1937 530 1998 aeternnm
552 1931 732 1998 immortale
754 1934 812 2010 est,
834 1951 896 1998 uon
913 1950 1005 1997 omne
1020 1930 1200 1997 immortale

63 2035 144 2101 satis
172 2035 332 2101 subtiliter
355 2038 387 2102 et
408 2038 571 2102 aeteruum
594 2035 720 2114 dicitur,
748 2035 831 2117 qnia,
855 2036 914 2100 etsi
936 2053 1060 2118 semper
1082 2031 1199 2116 aliquid

64 2138 166 2219 uiuat,
188 2144 304 2218 tamem
328 2139 355 2204 si
378 2138 627 2204 mutabilitatem
647 2137 796 2220 patiatur,
820 2155 880 2203 uon
896 2137 1020 2221 proprie
1035 2140 1200 2203 aeternum

25 2270 55 2311 ιε
65 2241 251 2325 appellatur,
281 2243 355 2324 quia
382 2261 442 2308 non
466 2261 590 2324 semper
620 2242 760 2306 eiusdem
782 2240 866 2305 modi
890 2242 946 2317 est,
970 2241 1115 2323 quamuis
1137 2239 1199 2304 im·

64 2344 210 2428 mortale,
241 2346 312 2426 qnia
340 2363 463 2427 semper
483 2345 579 2422 uiuit,
602 2348 685 2409 recte
707 2343 768 2409 dici
791 2342 902 2426 possit.
941 2344 1072 2408 uocatur
1093 2344 1201 2407 temen

64 2450 229 2513 aeternum
252 2447 410 2512 interdum
433 2447 529 2522 etiam
552 2446 634 2530 quod
656 2447 836 2512 immortale
852 2448 908 2511 est.
931 2445 1013 2512 illud
1028 2465 1101 2512 nero
1117 2444 1199 2529 qnod

65 2554 100 2618 et
129 2551 338 2617 mutationem
369 2552 491 2635 patitur
514 2555 545 2617 et
560 2552 683 2617 animae
705 2550 893 2634 praesentia,
916 2568 987 2615 cnm
1010 2549 1116 2616 anima
1138 2566 1200 2613 nou

64 2656 119 2731 sit,
142 2655 249 2720 uiuere
271 2655 395 2732 dicitur,
418 2673 517 2737 neque
543 2655 722 2721 immortale
737 2655 802 2720 nllo
818 2655 910 2720 modo
933 2656 965 2719 et
981 2652 1201 2719 multominus

25 2760 230 2826 maeternum
267 2758 411 2843 intellegi
447 2760 558 2840 potest.
604 2761 637 2825 in
671 2760 796 2825 aeterno
834 2758 929 2835 euim,
968 2778 1039 2823 cum
1075 2757 1200 2840 proprie

66 2860 195 2937 dicitur,
224 2880 325 2945 neque
355 2863 520 2944 quicquam
549 2861 766 2944 praeteritum,
790 2862 880 2943 quasi
903 2860 1077 2936 transierit,
1100 2877 1200 2941 neque

65 2964 237 3047 quicquam
260 2964 413 3045 futurum,
444 2968 530 3048 quasi
554 2968 692 3031 nondum
715 2964 767 3044 sit,
795 2966 849 3030 sed
872 2963 1023 3047 quidquid
1046 2965 1104 3041 est,
1128 2964 1201 3027 tan·

65 3068 232 3134 tummodo
254 3073 310 3133 est.

119 3358 214 3426 trop.
233 3355 393 3412 cccxuln
412 3356 439 3411 P
467 3355 712 3411 CCCXLVIIIIG
802 3358 835 3410 de
853 3356 901 3411 deo
913 3361 941 3411 et
953 3360 1073 3412 creatura
1091 3375 1123 3411 a:
1150 3370 1199 3412 ont

67 3442 131 3507 01³,
166 3442 279 3496 initium
300 3443 403 3511 capitia
420 3444 521 3497 litterae
538 3443 694 3496 usualibus
710 3443 844 3510 scriptum
857 3458 913 3511 pro
931 3444 1011 3498 titulo
1029 3444 1202 3497 exhibentes:

64 3526 146 3595 Quod
163 3526 383 3581 incommutabile
401 3531 443 3581 ert
461 3531 598 3582 aeternnm
617 3532 659 3582 est
677 3527 764 3596 (Quod
785 3528 813 3581 in
834 3527 899 3581 add.
916 3528 963 3595 θ’)
1047 3529 1061 3581 7
1081 3529 1199 3582 eiusdem

63 3632 98 3669 a:
126 3614 182 3668 eins
197 3613 252 3669 GP
338 3615 371 3667 12
388 3614 513 3683 estquod
528 3614 594 3668 GP:
623 3614 847 3683 interestqnodo
935 3616 968 3669 13
981 3615 1080 3683 aliquit
1094 3615 1132 3670 G*

64 3699 102 3755 14
119 3699 143 3753 ai
162 3716 192 3752 a:
222 3714 272 3755 om.
294 3698 349 3753 GP
432 3699 620 3754 mutabilitate
639 3700 666 3755 P
753 3701 786 3753 15
803 3699 921 3754 eiusdem
940 3718 970 3753 a:
1001 3701 1059 3754 eius
1079 3700 1134 3755 GP

65 3802 102 3859 17
119 3800 255 3856 interdum
270 3801 308 3857 G:
336 3802 442 3856 utdnm
461 3802 489 3856 P
577 3803 610 3856 18
627 3805 655 3856 et
667 3803 779 3871 animae]
798 3792 977 3858 et‘¹animae
995 3808 1035 3869 (er
1048 3803 1113 3859 add.
1126 3820 1160 3857 m.
1173 3807 1201 3863 3}

66 3887 97 3944 G
195 3888 347 3957 praesentia
365 3889 404 3943 P:
434 3891 595 3958 presentiam
618 3888 654 3943 6¹
685 3889 840 3957 presentiua
859 3889 897 3944 θ’
994 3905 1047 3944 non
1066 3891 1104 3944 sit
1123 3890 1201 3944 0¹1³:

65 3974 136 4029 insit
149 3974 188 4027 6²
272 3973 347 4028 eoin
361 3976 478 4045 aeterno]
492 3976 519 4029 in
532 3980 669 4031 aeternum
687 3974 742 4029 GP
826 3975 857 4028 21
872 3975 1200 4045 quicqnempraeteritnm

65 4060 110 4117 G:
139 4060 314 4129 praeteritum
333 4061 507 4129 praeteritum
527 4062 554 4117 P
656 4061 689 4116 22
708 4061 784 4129 quasi
808 4060 845 4115 G:
876 4077 955 4130 qnam
974 4062 996 4115 si
1015 4062 1042 4117 P
