<?xml version="1.0" encoding="UTF-8"?>
<!DOCTYPE html PUBLIC "-//W3C//DTD XHTML 1.0 Transitional//EN"
    "http://www.w3.org/TR/xhtml1/DTD/xhtml1-transitional.dtd">
<html xmlns="http://www.w3.org/1999/xhtml" xml:lang="en" lang="en">
 <head>
  <title>
</title>
<meta http-equiv="Content-Type" content="text/html;charset=utf-8" />
  <meta name='ocr-system' content='tesseract 3.04.00' />
  <meta name='ocr-capabilities' content='ocr_page ocr_carea ocr_par ocr_line ocrx_word'/>
</head>
<body>
  <div class='ocr_page' id='page_1' title='image "./evgippiiexcerpt00kngoog/evgippiiexcerpt00kngoog_0598.png"; bbox 0 0 2760 4814; ppageno 0'>
   <div class='ocr_carea' id='block_1_1' title="bbox 312 328 1230 409">
    <p class='ocr_par' dir='ltr' id='par_1_1' title="bbox 312 328 1230 409">
     <span class='ocr_line' id='line_1_1' title="bbox 312 328 1230 409; baseline 0.022 -28"><span class='ocrx_word' id='word_1_1' title='bbox 312 328 479 400; x_wconf 83' lang='lat' dir='ltr'>Excerpta</span> <span class='ocrx_word' id='word_1_2' title='bbox 497 347 532 384; x_wconf 84' lang='lat' dir='ltr'>er</span> <span class='ocrx_word' id='word_1_3' title='bbox 550 346 618 401; x_wconf 87' lang='lat' dir='ltr'>opp.</span> <span class='ocrx_word' id='word_1_4' title='bbox 636 331 662 385; x_wconf 84' lang='lat' dir='ltr'>S.</span> <span class='ocrx_word' id='word_1_5' title='bbox 680 333 871 403; x_wconf 72' lang='lat' dir='ltr'><strong>Augustini</strong></span> <span class='ocrx_word' id='word_1_6' title='bbox 889 336 1012 393; x_wconf 85' lang='lat' dir='ltr'>CLXIII.</span> <span class='ocrx_word' id='word_1_7' title='bbox 1164 343 1230 409; x_wconf 67' lang='lat'>575</span> 
     </span>
    </p>
   </div>
   <div class='ocr_carea' id='block_1_2' title="bbox 57 517 1228 3093">
    <p class='ocr_par' dir='ltr' id='par_1_2' title="bbox 57 517 1228 3093">
     <span class='ocr_line' id='line_1_2' title="bbox 94 517 1228 604; baseline 0.007 -17"><span class='ocrx_word' id='word_1_8' title='bbox 94 521 185 587; x_wconf 90' lang='lat' dir='ltr'>Petri</span> <span class='ocrx_word' id='word_1_9' title='bbox 218 517 384 603; x_wconf 80' lang='lat' dir='ltr'>negatione</span> <span class='ocrx_word' id='word_1_10' title='bbox 421 518 610 603; x_wconf 82' lang='lat' dir='ltr'>colligimus,</span> <span class='ocrx_word' id='word_1_11' title='bbox 641 540 719 604; x_wconf 88' lang='lat' dir='ltr'>qnae</span> <span class='ocrx_word' id='word_1_12' title='bbox 754 542 825 589; x_wconf 90' lang='lat' dir='ltr'>oum</span> <span class='ocrx_word' id='word_1_13' title='bbox 856 526 920 589; x_wconf 90' lang='lat' dir='ltr'>iam</span> <span class='ocrx_word' id='word_1_14' title='bbox 954 525 1114 592; x_wconf 88' lang='lat' dir='ltr'>audiretur</span> <span class='ocrx_word' id='word_1_15' title='bbox 1146 528 1228 595; x_wconf 86' lang='lat' dir='ltr'>fucta</span> 
     </span>
     <span class='ocr_line' id='line_1_3' title="bbox 96 624 1226 711; baseline 0.001 -15"><span class='ocrx_word' id='word_1_16' title='bbox 96 630 161 708; x_wconf 71' lang='lat' dir='ltr'>cst,</span> <span class='ocrx_word' id='word_1_17' title='bbox 195 625 223 690; x_wconf 91' lang='lat' dir='ltr'>si</span> <span class='ocrx_word' id='word_1_18' title='bbox 253 625 369 704; x_wconf 89' lang='lat' dir='ltr'>antem,</span> <span class='ocrx_word' id='word_1_19' title='bbox 401 624 523 707; x_wconf 91' lang='lat' dir='ltr'>quando</span> <span class='ocrx_word' id='word_1_20' title='bbox 546 625 650 691; x_wconf 83' lang='lat' dir='ltr'>Pilato</span> <span class='ocrx_word' id='word_1_21' title='bbox 679 627 814 692; x_wconf 89' lang='lat' dir='ltr'>traditus</span> <span class='ocrx_word' id='word_1_22' title='bbox 844 630 900 711; x_wconf 89' lang='lat' dir='ltr'>est,</span> <span class='ocrx_word' id='word_1_23' title='bbox 931 631 995 695; x_wconf 93' lang='lat' dir='ltr'>iam</span> <span class='ocrx_word' id='word_1_24' title='bbox 1017 650 1108 697; x_wconf 87' lang='lat' dir='ltr'>mane</span> <span class='ocrx_word' id='word_1_25' title='bbox 1130 630 1226 697; x_wconf 87' lang='lat' dir='ltr'>fuisse</span> 
     </span>
     <span class='ocr_line' id='line_1_4' title="bbox 96 727 1227 819; baseline 0.002 -21"><span class='ocrx_word' id='word_1_26' title='bbox 96 727 294 816; x_wconf 90' lang='lat' dir='ltr'>apertissime</span> <span class='ocrx_word' id='word_1_27' title='bbox 324 729 475 811; x_wconf 87' lang='lat' dir='ltr'>scripturn</span> <span class='ocrx_word' id='word_1_28' title='bbox 505 731 563 796; x_wconf 90' lang='lat' dir='ltr'>est.</span> <span class='ocrx_word' id='word_1_29' title='bbox 601 732 699 795; x_wconf 87' lang='lat' dir='ltr'>restat</span> <span class='ocrx_word' id='word_1_30' title='bbox 728 748 810 815; x_wconf 89' lang='lat' dir='ltr'>ergo,</span> <span class='ocrx_word' id='word_1_31' title='bbox 836 734 871 798; x_wconf 87' lang='lat' dir='ltr'>ut</span> <span class='ocrx_word' id='word_1_32' title='bbox 897 732 1118 819; x_wconf 78' lang='lat' dir='ltr'>intellegamus</span> <span class='ocrx_word' id='word_1_33' title='bbox 1149 734 1227 800; x_wconf 90' lang='lat' dir='ltr'>tunc</span> 
     </span>
     <span class='ocr_line' id='line_1_5' title="bbox 97 833 1226 922; baseline -0.002 -17"><span class='ocrx_word' id='word_1_34' title='bbox 97 841 235 922; x_wconf 90' lang='lat' dir='ltr'>coepisse</span> <span class='ocrx_word' id='word_1_35' title='bbox 272 834 366 898; x_wconf 86' lang='lat' dir='ltr'>istam</span> <span class='ocrx_word' id='word_1_36' title='bbox 403 851 589 917; x_wconf 89' lang='lat' dir='ltr'>parasceuen</span> <span class='ocrx_word' id='word_1_37' title='bbox 622 833 768 917; x_wconf 79' lang='lat' dir='ltr'>paschae,</span> <span class='ocrx_word' id='word_1_38' title='bbox 806 834 839 900; x_wconf 92' lang='lat' dir='ltr'>id</span> <span class='ocrx_word' id='word_1_39' title='bbox 877 837 925 900; x_wconf 91' lang='lat' dir='ltr'>est</span> <span class='ocrx_word' id='word_1_40' title='bbox 958 836 1226 921; x_wconf 84' lang='lat' dir='ltr'>praeparationem</span> 
     </span>
     <span class='ocr_line' id='line_1_6' title="bbox 71 939 1225 1025; baseline 0.005 -23"><span class='ocrx_word' id='word_1_41' title='bbox 71 941 209 1007; x_wconf 69' lang='lat' dir='ltr'>»mortis</span> <span class='ocrx_word' id='word_1_42' title='bbox 237 939 365 1016; x_wconf 91' lang='lat' dir='ltr'>domini,</span> <span class='ocrx_word' id='word_1_43' title='bbox 397 940 518 1023; x_wconf 88' lang='lat' dir='ltr'>quando</span> <span class='ocrx_word' id='word_1_44' title='bbox 549 943 773 1022; x_wconf 91' lang='lat' dir='ltr'>responderunt</span> <span class='ocrx_word' id='word_1_45' title='bbox 800 956 907 1006; x_wconf 91' lang='lat' dir='ltr'>omnes</span> <span class='ocrx_word' id='word_1_46' title='bbox 936 941 1091 1025; x_wconf 91' lang='lat' dir='ltr'>principes</span> <span class='ocrx_word' id='word_1_47' title='bbox 1122 960 1225 1009; x_wconf 90' lang='lat' dir='ltr'>sacer-</span> 
     </span>
     <span class='ocr_line' id='line_1_7' title="bbox 96 1043 1228 1129; baseline -0.002 -17"><span class='ocrx_word' id='word_1_48' title='bbox 96 1049 217 1123; x_wconf 89' lang='lat' dir='ltr'>dotnm,</span> <span class='ocrx_word' id='word_1_49' title='bbox 248 1047 330 1129; x_wconf 81' lang='lat' dir='ltr'>apud</span> <span class='ocrx_word' id='word_1_50' title='bbox 353 1061 429 1126; x_wconf 88' lang='lat' dir='ltr'>quos</span> <span class='ocrx_word' id='word_1_51' title='bbox 452 1045 552 1126; x_wconf 92' lang='lat' dir='ltr'>primo</span> <span class='ocrx_word' id='word_1_52' title='bbox 575 1043 770 1122; x_wconf 85' lang='lat' dir='ltr'>audiebatur,</span> <span class='ocrx_word' id='word_1_53' title='bbox 802 1045 834 1109; x_wconf 91' lang='lat' dir='ltr'>et</span> <span class='ocrx_word' id='word_1_54' title='bbox 856 1044 1017 1110; x_wconf 81' lang='lat' dir='ltr'>dixerunt:</span> <span class='ocrx_word' id='word_1_55' title='bbox 1047 1063 1137 1110; x_wconf 89' lang='lat' dir='ltr'>reus</span> <span class='ocrx_word' id='word_1_56' title='bbox 1161 1046 1228 1110; x_wconf 89' lang='lat' dir='ltr'>est</span> 
     </span>
     <span class='ocr_line' id='line_1_8' title="bbox 96 1145 1226 1231; baseline -0.001 -17"><span class='ocrx_word' id='word_1_57' title='bbox 96 1149 252 1231; x_wconf 85' lang='lat' dir='ltr'>mortis,</span> <span class='ocrx_word' id='word_1_58' title='bbox 287 1147 367 1231; x_wconf 89' lang='lat' dir='ltr'>quod</span> <span class='ocrx_word' id='word_1_59' title='bbox 401 1147 484 1229; x_wconf 88' lang='lat' dir='ltr'>apud</span> <span class='ocrx_word' id='word_1_60' title='bbox 516 1145 712 1214; x_wconf 86' lang='lat' dir='ltr'>Matthaeum</span> <span class='ocrx_word' id='word_1_61' title='bbox 746 1149 779 1212; x_wconf 93' lang='lat' dir='ltr'>et</span> <span class='ocrx_word' id='word_1_62' title='bbox 805 1149 949 1214; x_wconf 89' lang='lat' dir='ltr'>Marcum</span> <span class='ocrx_word' id='word_1_63' title='bbox 983 1148 1155 1227; x_wconf 87' lang='lat' dir='ltr'>inuenitur,</span> <span class='ocrx_word' id='word_1_64' title='bbox 1189 1152 1226 1214; x_wconf 87' lang='lat' dir='ltr'>ut</span> 
     </span>
     <span class='ocr_line' id='line_1_9' title="bbox 96 1249 1227 1334; baseline -0.001 -17"><span class='ocrx_word' id='word_1_65' title='bbox 96 1250 331 1334; x_wconf 87' lang='lat' dir='ltr'>recapitulando</span> <span class='ocrx_word' id='word_1_66' title='bbox 361 1249 584 1332; x_wconf 82' lang='lat' dir='ltr'>intellegantur</span> <span class='ocrx_word' id='word_1_67' title='bbox 614 1252 651 1315; x_wconf 93' lang='lat' dir='ltr'>de</span> <span class='ocrx_word' id='word_1_68' title='bbox 673 1249 759 1314; x_wconf 90' lang='lat' dir='ltr'>Petri</span> <span class='ocrx_word' id='word_1_69' title='bbox 789 1249 954 1333; x_wconf 83' lang='lat' dir='ltr'>negatione</span> <span class='ocrx_word' id='word_1_70' title='bbox 983 1251 1095 1332; x_wconf 90' lang='lat' dir='ltr'>postea</span> <span class='ocrx_word' id='word_1_71' title='bbox 1111 1252 1227 1318; x_wconf 85' lang='lat' dir='ltr'>dixisse</span> 
     </span>
     <span class='ocr_line' id='line_1_10' title="bbox 96 1352 1225 1439; baseline 0 -19"><span class='ocrx_word' id='word_1_72' title='bbox 96 1355 179 1439; x_wconf 85' lang='lat' dir='ltr'>qnod</span> <span class='ocrx_word' id='word_1_73' title='bbox 202 1357 293 1420; x_wconf 83' lang='lat' dir='ltr'>antee</span> <span class='ocrx_word' id='word_1_74' title='bbox 316 1352 436 1419; x_wconf 83' lang='lat' dir='ltr'>facturn</span> <span class='ocrx_word' id='word_1_75' title='bbox 459 1356 534 1418; x_wconf 89' lang='lat' dir='ltr'>erat.</span> <span class='ocrx_word' id='word_1_76' title='bbox 564 1371 627 1417; x_wconf 90' lang='lat' dir='ltr'>non</span> <span class='ocrx_word' id='word_1_77' title='bbox 649 1353 734 1418; x_wconf 89' lang='lat' dir='ltr'>enim</span> <span class='ocrx_word' id='word_1_78' title='bbox 756 1352 889 1419; x_wconf 90' lang='lat' dir='ltr'>absurde</span> <span class='ocrx_word' id='word_1_79' title='bbox 911 1354 1063 1419; x_wconf 91' lang='lat' dir='ltr'>conicitur</span> <span class='ocrx_word' id='word_1_80' title='bbox 1086 1373 1121 1421; x_wconf 92' lang='lat' dir='ltr'>eo</span> <span class='ocrx_word' id='word_1_81' title='bbox 1143 1357 1225 1420; x_wconf 92' lang='lat' dir='ltr'>tem·</span> 
     </span>
     <span class='ocr_line' id='line_1_11' title="bbox 59 1455 1225 1544; baseline 0.002 -22"><span class='ocrx_word' id='word_1_82' title='bbox 59 1477 182 1544; x_wconf 76' lang='lat' dir='ltr'>sopore,</span> <span class='ocrx_word' id='word_1_83' title='bbox 213 1457 345 1540; x_wconf 87' lang='lat' dir='ltr'>qnando,</span> <span class='ocrx_word' id='word_1_84' title='bbox 376 1460 412 1521; x_wconf 92' lang='lat' dir='ltr'>nt</span> <span class='ocrx_word' id='word_1_85' title='bbox 438 1455 511 1535; x_wconf 85' lang='lat' dir='ltr'>diri,</span> <span class='ocrx_word' id='word_1_86' title='bbox 542 1475 631 1521; x_wconf 89' lang='lat' dir='ltr'>reum</span> <span class='ocrx_word' id='word_1_87' title='bbox 659 1455 771 1521; x_wconf 87' lang='lat' dir='ltr'>mortis</span> <span class='ocrx_word' id='word_1_88' title='bbox 791 1459 1081 1541; x_wconf 87' lang='lat' dir='ltr'>pronuntiaueruut,</span> <span class='ocrx_word' id='word_1_89' title='bbox 1112 1476 1225 1525; x_wconf 92' lang='lat' dir='ltr'>nonam</span> 
     </span>
     <span class='ocr_line' id='line_1_12' title="bbox 95 1559 1225 1643; baseline 0.001 -17"><span class='ocrx_word' id='word_1_90' title='bbox 95 1561 208 1628; x_wconf 85' lang='lat' dir='ltr'>horam</span> <span class='ocrx_word' id='word_1_91' title='bbox 239 1560 340 1625; x_wconf 90' lang='lat' dir='ltr'>noctis</span> <span class='ocrx_word' id='word_1_92' title='bbox 368 1561 506 1642; x_wconf 89' lang='lat' dir='ltr'>potuisse</span> <span class='ocrx_word' id='word_1_93' title='bbox 538 1577 615 1624; x_wconf 90' lang='lat' dir='ltr'>esse.</span> <span class='ocrx_word' id='word_1_94' title='bbox 652 1578 689 1626; x_wconf 85' lang='lat' dir='ltr'>ex</span> <span class='ocrx_word' id='word_1_95' title='bbox 721 1577 782 1642; x_wconf 89' lang='lat' dir='ltr'>qna</span> <span class='ocrx_word' id='word_1_96' title='bbox 810 1559 888 1626; x_wconf 90' lang='lat' dir='ltr'>hora</span> <span class='ocrx_word' id='word_1_97' title='bbox 917 1578 1014 1643; x_wconf 91' lang='lat' dir='ltr'>nsque</span> <span class='ocrx_word' id='word_1_98' title='bbox 1046 1561 1085 1626; x_wconf 91' lang='lat' dir='ltr'>ad</span> <span class='ocrx_word' id='word_1_99' title='bbox 1107 1561 1225 1643; x_wconf 87' lang='lat' dir='ltr'>horam,</span> 
     </span>
     <span class='ocr_line' id='line_1_13' title="bbox 96 1662 1225 1749; baseline -0.001 -18"><span class='ocrx_word' id='word_1_100' title='bbox 96 1685 159 1749; x_wconf 83' lang='lat' dir='ltr'>qna</span> <span class='ocrx_word' id='word_1_101' title='bbox 192 1663 273 1729; x_wconf 89' lang='lat' dir='ltr'>sedit</span> <span class='ocrx_word' id='word_1_102' title='bbox 295 1663 418 1728; x_wconf 89' lang='lat' dir='ltr'>Pilatus</span> <span class='ocrx_word' id='word_1_103' title='bbox 441 1682 496 1745; x_wconf 93' lang='lat' dir='ltr'>pro</span> <span class='ocrx_word' id='word_1_104' title='bbox 519 1662 679 1741; x_wconf 86' lang='lat' dir='ltr'>tribunali,</span> <span class='ocrx_word' id='word_1_105' title='bbox 715 1662 803 1746; x_wconf 88' lang='lat' dir='ltr'>qnasi</span> <span class='ocrx_word' id='word_1_106' title='bbox 837 1664 925 1728; x_wconf 87' lang='lat' dir='ltr'>serta</span> <span class='ocrx_word' id='word_1_107' title='bbox 953 1662 1030 1729; x_wconf 88' lang='lat' dir='ltr'>hore</span> <span class='ocrx_word' id='word_1_108' title='bbox 1059 1663 1131 1748; x_wconf 82' lang='lat' dir='ltr'>fuit,</span> <span class='ocrx_word' id='word_1_109' title='bbox 1164 1684 1225 1730; x_wconf 93' lang='lat' dir='ltr'>non</span> 
     </span>
     <span class='ocr_line' id='line_1_14' title="bbox 97 1767 1226 1852; baseline -0.001 -17"><span class='ocrx_word' id='word_1_110' title='bbox 97 1769 178 1849; x_wconf 87' lang='lat' dir='ltr'>diei,</span> <span class='ocrx_word' id='word_1_111' title='bbox 220 1769 274 1834; x_wconf 87' lang='lat' dir='ltr'>sed</span> <span class='ocrx_word' id='word_1_112' title='bbox 311 1784 508 1850; x_wconf 86' lang='lat' dir='ltr'>parasceues,</span> <span class='ocrx_word' id='word_1_113' title='bbox 548 1767 579 1831; x_wconf 91' lang='lat' dir='ltr'>id</span> <span class='ocrx_word' id='word_1_114' title='bbox 616 1769 664 1831; x_wconf 92' lang='lat' dir='ltr'>est</span> <span class='ocrx_word' id='word_1_115' title='bbox 705 1767 930 1832; x_wconf 89' lang='lat' dir='ltr'>immolationis</span> <span class='ocrx_word' id='word_1_116' title='bbox 967 1767 1102 1848; x_wconf 88' lang='lat' dir='ltr'>domini,</span> <span class='ocrx_word' id='word_1_117' title='bbox 1145 1769 1226 1852; x_wconf 90' lang='lat' dir='ltr'>quod</span> 
     </span>
     <span class='ocr_line' id='line_1_15' title="bbox 95 1870 1227 1955; baseline -0.004 -15"><span class='ocrx_word' id='word_1_118' title='bbox 95 1893 207 1940; x_wconf 88' lang='lat' dir='ltr'>nerum</span> <span class='ocrx_word' id='word_1_119' title='bbox 234 1871 351 1954; x_wconf 90' lang='lat' dir='ltr'>pascha</span> <span class='ocrx_word' id='word_1_120' title='bbox 380 1875 437 1949; x_wconf 90' lang='lat' dir='ltr'>eet,</span> <span class='ocrx_word' id='word_1_121' title='bbox 468 1872 505 1936; x_wconf 91' lang='lat' dir='ltr'>ut</span> <span class='ocrx_word' id='word_1_122' title='bbox 535 1870 630 1954; x_wconf 88' lang='lat' dir='ltr'>plena</span> <span class='ocrx_word' id='word_1_123' title='bbox 656 1874 744 1936; x_wconf 88' lang='lat' dir='ltr'>serta</span> <span class='ocrx_word' id='word_1_124' title='bbox 766 1870 903 1936; x_wconf 90' lang='lat' dir='ltr'>eiusdem</span> <span class='ocrx_word' id='word_1_125' title='bbox 924 1889 1115 1955; x_wconf 88' lang='lat' dir='ltr'>parasoenes,</span> <span class='ocrx_word' id='word_1_126' title='bbox 1146 1889 1227 1954; x_wconf 88' lang='lat' dir='ltr'>quae</span> 
     </span>
     <span class='ocr_line' id='line_1_16' title="bbox 59 1973 1225 2059; baseline -0.001 -19"><span class='ocrx_word' id='word_1_127' title='bbox 59 1976 193 2059; x_wconf 74' lang='lat' dir='ltr'>replene</span> <span class='ocrx_word' id='word_1_128' title='bbox 235 1975 296 2041; x_wconf 90' lang='lat' dir='ltr'>diei</span> <span class='ocrx_word' id='word_1_129' title='bbox 342 1974 437 2040; x_wconf 89' lang='lat' dir='ltr'>tertia</span> <span class='ocrx_word' id='word_1_130' title='bbox 479 1973 675 2053; x_wconf 86' lang='lat' dir='ltr'>occurrebat,</span> <span class='ocrx_word' id='word_1_131' title='bbox 725 1974 868 2039; x_wconf 88' lang='lat' dir='ltr'>dominns</span> <span class='ocrx_word' id='word_1_132' title='bbox 911 1974 1147 2057; x_wconf 82' lang='lat' dir='ltr'>suspenderetur</span> <span class='ocrx_word' id='word_1_133' title='bbox 1191 1978 1225 2039; x_wconf 91' lang='lat' dir='ltr'>in</span> 
     </span>
     <span class='ocr_line' id='line_1_17' title="bbox 95 2076 1226 2166; baseline -0.004 -19"><span class='ocrx_word' id='word_1_134' title='bbox 95 2082 192 2166; x_wconf 88' lang='lat' dir='ltr'>ligno.</span> <span class='ocrx_word' id='word_1_135' title='bbox 244 2079 311 2144; x_wconf 91' lang='lat' dir='ltr'>sine</span> <span class='ocrx_word' id='word_1_136' title='bbox 347 2096 420 2163; x_wconf 86' lang='lat' dir='ltr'>ergo</span> <span class='ocrx_word' id='word_1_137' title='bbox 457 2078 515 2142; x_wconf 90' lang='lat' dir='ltr'>hoo</span> <span class='ocrx_word' id='word_1_138' title='bbox 551 2076 656 2159; x_wconf 89' lang='lat' dir='ltr'>potius</span> <span class='ocrx_word' id='word_1_139' title='bbox 698 2076 946 2161; x_wconf 89' lang='lat' dir='ltr'>intellegendum</span> <span class='ocrx_word' id='word_1_140' title='bbox 989 2077 1122 2161; x_wconf 89' lang='lat' dir='ltr'>eligatur</span> <span class='ocrx_word' id='word_1_141' title='bbox 1160 2078 1226 2143; x_wconf 91' lang='lat' dir='ltr'>siue</span> 
     </span>
     <span class='ocr_line' id='line_1_18' title="bbox 95 2180 1225 2263; baseline -0.005 -12"><span class='ocrx_word' id='word_1_142' title='bbox 95 2184 221 2251; x_wconf 73' lang='grc' dir='ltr'>1111ῐο111</span> <span class='ocrx_word' id='word_1_143' title='bbox 254 2183 380 2248; x_wconf 89' lang='lat' dir='ltr'>tertiam</span> <span class='ocrx_word' id='word_1_144' title='bbox 413 2182 522 2247; x_wconf 89' lang='lat' dir='ltr'>horam</span> <span class='ocrx_word' id='word_1_145' title='bbox 554 2181 723 2246; x_wconf 80' lang='lat' dir='ltr'>recoluerit</span> <span class='ocrx_word' id='word_1_146' title='bbox 755 2198 883 2263; x_wconf 88' lang='lat' dir='ltr'>eamque</span> <span class='ocrx_word' id='word_1_147' title='bbox 910 2180 1044 2246; x_wconf 83' lang='lat' dir='ltr'>maxime</span> <span class='ocrx_word' id='word_1_148' title='bbox 1078 2182 1119 2246; x_wconf 91' lang='lat' dir='ltr'>ad</span> <span class='ocrx_word' id='word_1_149' title='bbox 1152 2198 1225 2246; x_wconf 90' lang='lat' dir='ltr'>con·</span> 
     </span>
     <span class='ocr_line' id='line_1_19' title="bbox 96 2283 1226 2353; baseline -0.004 0"><span class='ocrx_word' id='word_1_150' title='bbox 96 2287 327 2353; x_wconf 89' lang='lat' dir='ltr'>demnationem</span> <span class='ocrx_word' id='word_1_151' title='bbox 361 2284 548 2351; x_wconf 88' lang='lat' dir='ltr'>Iudaeorum</span> <span class='ocrx_word' id='word_1_152' title='bbox 583 2287 615 2351; x_wconf 97' lang='lat' dir='ltr'>in</span> <span class='ocrx_word' id='word_1_153' title='bbox 652 2284 769 2350; x_wconf 91' lang='lat' dir='ltr'>domini</span> <span class='ocrx_word' id='word_1_154' title='bbox 806 2283 1002 2348; x_wconf 84' lang='lat' dir='ltr'>crucifixione</span> <span class='ocrx_word' id='word_1_155' title='bbox 1038 2301 1226 2348; x_wconf 91' lang='lat' dir='ltr'>commemo·</span> 
     </span>
     <span class='ocr_line' id='line_1_20' title="bbox 96 2386 1226 2472; baseline -0.004 -15"><span class='ocrx_word' id='word_1_156' title='bbox 96 2410 165 2458; x_wconf 86' lang='lat' dir='ltr'>rare</span> <span class='ocrx_word' id='word_1_157' title='bbox 199 2389 344 2466; x_wconf 89' lang='lat' dir='ltr'>uoluerit,</span> <span class='ocrx_word' id='word_1_158' title='bbox 379 2406 441 2470; x_wconf 90' lang='lat' dir='ltr'>qua</span> <span class='ocrx_word' id='word_1_159' title='bbox 472 2387 701 2472; x_wconf 88' lang='lat' dir='ltr'>intelleguntur</span> <span class='ocrx_word' id='word_1_160' title='bbox 724 2386 859 2451; x_wconf 87' lang='lat' dir='ltr'>clamare</span> <span class='ocrx_word' id='word_1_161' title='bbox 888 2387 1033 2467; x_wconf 88' lang='lat' dir='ltr'>potuisse,</span> <span class='ocrx_word' id='word_1_162' title='bbox 1064 2387 1100 2452; x_wconf 93' lang='lat' dir='ltr'>nt</span> <span class='ocrx_word' id='word_1_163' title='bbox 1123 2388 1226 2452; x_wconf 90' lang='lat' dir='ltr'>cruci·</span> 
     </span>
     <span class='ocr_line' id='line_1_21' title="bbox 58 2491 1224 2579; baseline 0 -22"><span class='ocrx_word' id='word_1_164' title='bbox 58 2495 253 2579; x_wconf 71' lang='lat' dir='ltr'>adigeretur,</span> <span class='ocrx_word' id='word_1_165' title='bbox 286 2496 323 2558; x_wconf 91' lang='lat' dir='ltr'>ut</span> <span class='ocrx_word' id='word_1_166' title='bbox 352 2492 436 2575; x_wconf 90' lang='lat' dir='ltr'>ipsos</span> <span class='ocrx_word' id='word_1_167' title='bbox 464 2491 568 2576; x_wconf 88' lang='lat' dir='ltr'>potius</span> <span class='ocrx_word' id='word_1_168' title='bbox 599 2492 786 2558; x_wconf 83' lang='lat' dir='ltr'>crucifixisse</span> <span class='ocrx_word' id='word_1_169' title='bbox 820 2491 1028 2574; x_wconf 87' lang='lat' dir='ltr'>acciperemus</span> <span class='ocrx_word' id='word_1_170' title='bbox 1057 2508 1151 2573; x_wconf 90' lang='lat' dir='ltr'>quam</span> <span class='ocrx_word' id='word_1_171' title='bbox 1173 2507 1224 2557; x_wconf 89' lang='lat' dir='ltr'>eos</span> 
     </span>
     <span class='ocr_line' id='line_1_22' title="bbox 96 2593 1226 2683; baseline -0.006 -18"><span class='ocrx_word' id='word_1_172' title='bbox 96 2608 231 2683; x_wconf 88' lang='lat' dir='ltr'>quorum</span> <span class='ocrx_word' id='word_1_173' title='bbox 260 2594 404 2662; x_wconf 89' lang='lat' dir='ltr'>manibus</span> <span class='ocrx_word' id='word_1_174' title='bbox 433 2612 601 2678; x_wconf 88' lang='lat' dir='ltr'>suspensus</span> <span class='ocrx_word' id='word_1_175' title='bbox 630 2595 663 2659; x_wconf 95' lang='lat' dir='ltr'>in</span> <span class='ocrx_word' id='word_1_176' title='bbox 693 2593 777 2679; x_wconf 86' lang='lat' dir='ltr'>ligno</span> <span class='ocrx_word' id='word_1_177' title='bbox 799 2595 864 2678; x_wconf 76' lang='lat' dir='ltr'>esc,</span> <span class='ocrx_word' id='word_1_178' title='bbox 891 2594 973 2659; x_wconf 87' lang='lat' dir='ltr'>siout</span> <span class='ocrx_word' id='word_1_179' title='bbox 1002 2594 1056 2660; x_wconf 92' lang='lat' dir='ltr'>ille</span> <span class='ocrx_word' id='word_1_180' title='bbox 1085 2595 1226 2659; x_wconf 88' lang='lat' dir='ltr'>centurio</span> 
     </span>
     <span class='ocr_line' id='line_1_23' title="bbox 96 2698 1226 2786; baseline -0.006 -17"><span class='ocrx_word' id='word_1_181' title='bbox 96 2702 200 2786; x_wconf 84' lang='lat' dir='ltr'>magis</span> <span class='ocrx_word' id='word_1_182' title='bbox 222 2700 354 2766; x_wconf 88' lang='lat' dir='ltr'>accessit</span> <span class='ocrx_word' id='word_1_183' title='bbox 376 2702 414 2766; x_wconf 89' lang='lat' dir='ltr'>ad</span> <span class='ocrx_word' id='word_1_184' title='bbox 438 2701 600 2766; x_wconf 90' lang='lat' dir='ltr'>dominum</span> <span class='ocrx_word' id='word_1_185' title='bbox 622 2717 715 2782; x_wconf 90' lang='lat' dir='ltr'>qnam</span> <span class='ocrx_word' id='word_1_186' title='bbox 737 2699 787 2764; x_wconf 94' lang='lat' dir='ltr'>illi</span> <span class='ocrx_word' id='word_1_187' title='bbox 803 2698 904 2777; x_wconf 88' lang='lat' dir='ltr'>amici,</span> <span class='ocrx_word' id='word_1_188' title='bbox 926 2718 1003 2783; x_wconf 90' lang='lat' dir='ltr'>quos</span> <span class='ocrx_word' id='word_1_189' title='bbox 1026 2698 1132 2765; x_wconf 87' lang='lat' dir='ltr'>misit:</span> <span class='ocrx_word' id='word_1_190' title='bbox 1154 2715 1226 2783; x_wconf 91' lang='lat' dir='ltr'>pro·</span> 
     </span>
     <span class='ocr_line' id='line_1_24' title="bbox 95 2801 1223 2887; baseline -0.004 -15"><span class='ocrx_word' id='word_1_191' title='bbox 95 2805 148 2872; x_wconf 87' lang='lat' dir='ltr'>cul</span> <span class='ocrx_word' id='word_1_192' title='bbox 181 2803 276 2871; x_wconf 87' lang='lat' dir='ltr'>dubio</span> <span class='ocrx_word' id='word_1_193' title='bbox 310 2805 449 2887; x_wconf 86' lang='lat' dir='ltr'>quaestio</span> <span class='ocrx_word' id='word_1_194' title='bbox 483 2803 586 2868; x_wconf 86' lang='lat' dir='ltr'>soluta</span> <span class='ocrx_word' id='word_1_195' title='bbox 619 2803 668 2867; x_wconf 86' lang='lat' dir='ltr'>est</span> <span class='ocrx_word' id='word_1_196' title='bbox 700 2802 739 2867; x_wconf 92' lang='lat' dir='ltr'>de</span> <span class='ocrx_word' id='word_1_197' title='bbox 769 2801 844 2867; x_wconf 87' lang='lat' dir='ltr'>hora</span> <span class='ocrx_word' id='word_1_198' title='bbox 867 2802 1039 2867; x_wconf 85' lang='lat' dir='ltr'>dominicae</span> <span class='ocrx_word' id='word_1_199' title='bbox 1061 2802 1223 2886; x_wconf 89' lang='lat' dir='ltr'>passionis,</span> 
     </span>
     <span class='ocr_line' id='line_1_25' title="bbox 96 2895 1226 2993; baseline -0.003 -19"><span class='ocrx_word' id='word_1_200' title='bbox 96 2927 176 2993; x_wconf 85' lang='lat' dir='ltr'>quae</span> <span class='ocrx_word' id='word_1_201' title='bbox 192 2895 333 2973; x_wconf 69' lang='lat' dir='ltr'>¹manime</span> <span class='ocrx_word' id='word_1_202' title='bbox 362 2907 446 2972; x_wconf 91' lang='lat' dir='ltr'>solet</span> <span class='ocrx_word' id='word_1_203' title='bbox 467 2906 732 2972; x_wconf 88' lang='lat' dir='ltr'>contentiosorum</span> <span class='ocrx_word' id='word_1_204' title='bbox 758 2905 914 2971; x_wconf 79' lang='lat' dir='ltr'>concitare</span> <span class='ocrx_word' id='word_1_205' title='bbox 943 2904 1170 2990; x_wconf 86' lang='lat' dir='ltr'>impudentium</span> <span class='ocrx_word' id='word_1_206' title='bbox 1193 2908 1226 2971; x_wconf 91' lang='lat' dir='ltr'>et</span> 
     </span>
     <span class='ocr_line' id='line_1_26' title="bbox 57 3009 719 3093; baseline -0.006 -17"><span class='ocrx_word' id='word_1_207' title='bbox 57 3010 291 3078; x_wconf 54' lang='lat' dir='ltr'>”infirmorum</span> <span class='ocrx_word' id='word_1_208' title='bbox 313 3009 505 3093; x_wconf 86' lang='lat' dir='ltr'>imperitiam</span> <span class='ocrx_word' id='word_1_209' title='bbox 530 3009 719 3092; x_wconf 87' lang='lat' dir='ltr'>perturbare.</span> 
     </span>
    </p>
   </div>
   <div class='ocr_carea' id='block_1_3' title="bbox 201 3228 1225 3299">
    <p class='ocr_par' dir='ltr' id='par_1_3' title="bbox 201 3228 1225 3299">
     <span class='ocr_line' id='line_1_27' title="bbox 201 3228 1225 3299; baseline -0.003 -9"><span class='ocrx_word' id='word_1_210' title='bbox 201 3234 218 3290; x_wconf 87' lang='grc'><strong>6</strong></span> <span class='ocrx_word' id='word_1_211' title='bbox 236 3230 335 3287; x_wconf 75' lang='lat' dir='ltr'>Mettio.</span> <span class='ocrx_word' id='word_1_212' title='bbox 354 3233 396 3299; x_wconf 88' lang='grc'>26,</span> <span class='ocrx_word' id='word_1_213' title='bbox 408 3232 443 3288; x_wconf 92' lang='grc'>66</span> <span class='ocrx_word' id='word_1_214' title='bbox 478 3232 512 3287; x_wconf 77' lang='lat' dir='ltr'>cl.</span> <span class='ocrx_word' id='word_1_215' title='bbox 524 3232 605 3288; x_wconf 78' lang='lat' dir='ltr'>ltere.</span> <span class='ocrx_word' id='word_1_216' title='bbox 624 3231 666 3298; x_wconf 86' lang='lat'>14,</span> <span class='ocrx_word' id='word_1_217' title='bbox 680 3231 714 3285; x_wconf 83' lang='grc'>64</span> <span class='ocrx_word' id='word_1_218' title='bbox 800 3231 835 3285; x_wconf 90' lang='grc'>22</span> <span class='ocrx_word' id='word_1_219' title='bbox 851 3229 887 3285; x_wconf 87' lang='lat' dir='ltr'>ci.</span> <span class='ocrx_word' id='word_1_220' title='bbox 901 3228 1017 3285; x_wconf 87' lang='lat' dir='ltr'>decons.</span> <span class='ocrx_word' id='word_1_221' title='bbox 1031 3245 1126 3299; x_wconf 79' lang='lat' dir='ltr'>oneng.</span> <span class='ocrx_word' id='word_1_222' title='bbox 1140 3231 1179 3296; x_wconf 88' lang='lat'>11,</span> <span class='ocrx_word' id='word_1_223' title='bbox 1190 3229 1225 3286; x_wconf 91' lang='grc'>20</span> 
     </span>
    </p>
   </div>
   <div class='ocr_carea' id='block_1_4' title="bbox 93 3437 1225 4031">
    <p class='ocr_par' dir='ltr' id='par_1_4' title="bbox 93 3437 1225 4031">
     <span class='ocr_line' id='line_1_28' title="bbox 148 3437 1158 3509; baseline -0.005 -13"><span class='ocrx_word' id='word_1_224' title='bbox 148 3441 339 3509; x_wconf 85' lang='lat' dir='ltr'>loollegimus</span> <span class='ocrx_word' id='word_1_225' title='bbox 357 3440 386 3495; x_wconf 90' lang='lat' dir='ltr'><strong><em>P</em></strong></span> <span class='ocrx_word' id='word_1_226' title='bbox 484 3439 572 3509; x_wconf 80' lang='lat' dir='ltr'>test]</span> <span class='ocrx_word' id='word_1_227' title='bbox 590 3437 654 3493; x_wconf 78' lang='lat' dir='ltr'>odd.</span> <span class='ocrx_word' id='word_1_228' title='bbox 672 3440 709 3494; x_wconf 76' lang='lat' dir='ltr'>P&#39;</span> <span class='ocrx_word' id='word_1_229' title='bbox 723 3454 798 3508; x_wconf 73' lang='lat' dir='ltr'>supr.</span> <span class='ocrx_word' id='word_1_230' title='bbox 811 3454 885 3494; x_wconf 80' lang='lat' dir='ltr'>uere.</span> <span class='ocrx_word' id='word_1_231' title='bbox 989 3437 1065 3507; x_wconf 76' lang='lat' dir='ltr'>lut]</span> <span class='ocrx_word' id='word_1_232' title='bbox 1084 3440 1112 3492; x_wconf 89' lang='lat' dir='ltr'>et</span> <span class='ocrx_word' id='word_1_233' title='bbox 1130 3439 1158 3492; x_wconf 98' lang='lat' dir='ltr'><strong><em>A</em></strong></span> 
     </span>
     <span class='ocr_line' id='line_1_29' title="bbox 95 3524 1225 3597; baseline -0.002 -15"><span class='ocrx_word' id='word_1_234' title='bbox 95 3526 205 3584; x_wconf 79' lang='grc' dir='ltr'>10111ιὶ</span> <span class='ocrx_word' id='word_1_235' title='bbox 224 3528 350 3592; x_wconf 84' lang='lat' dir='ltr'>(ioltero</span> <span class='ocrx_word' id='word_1_236' title='bbox 367 3541 401 3581; x_wconf 77' lang='lat' dir='ltr'>ea</span> <span class='ocrx_word' id='word_1_237' title='bbox 419 3542 432 3581; x_wconf 92' lang='lat' dir='ltr'>e</span> <span class='ocrx_word' id='word_1_238' title='bbox 448 3529 530 3594; x_wconf 82' lang='lat' dir='ltr'>corr.)</span> <span class='ocrx_word' id='word_1_239' title='bbox 548 3526 576 3579; x_wconf 94' lang='lat' dir='ltr'><strong><em>A</em></strong></span> <span class='ocrx_word' id='word_1_240' title='bbox 674 3526 705 3580; x_wconf 94' lang='lat'>11</span> <span class='ocrx_word' id='word_1_241' title='bbox 725 3541 780 3580; x_wconf 89' lang='lat' dir='ltr'>esse</span> <span class='ocrx_word' id='word_1_242' title='bbox 797 3526 917 3596; x_wconf 86' lang='lat' dir='ltr'>potuisse</span> <span class='ocrx_word' id='word_1_243' title='bbox 934 3525 1006 3581; x_wconf 83' lang='lat' dir='ltr'>APo</span> <span class='ocrx_word' id='word_1_244' title='bbox 1099 3524 1133 3580; x_wconf 82' lang='lat'>13</span> <span class='ocrx_word' id='word_1_245' title='bbox 1150 3541 1225 3597; x_wconf 82' lang='lat' dir='ltr'>para·</span> 
     </span>
     <span class='ocr_line' id='line_1_30' title="bbox 94 3611 1224 3683; baseline -0.002 -13"><span class='ocrx_word' id='word_1_246' title='bbox 94 3613 196 3683; x_wconf 72' lang='lat' dir='ltr'>mes]</span> <span class='ocrx_word' id='word_1_247' title='bbox 220 3628 419 3683; x_wconf 77' lang='lat' dir='ltr'>parasceueuo</span> <span class='ocrx_word' id='word_1_248' title='bbox 453 3613 617 3683; x_wconf 85' lang='lat' dir='ltr'>parascheue</span> <span class='ocrx_word' id='word_1_249' title='bbox 640 3613 669 3668; x_wconf 91' lang='lat' dir='ltr'><strong><em>P</em></strong></span> <span class='ocrx_word' id='word_1_250' title='bbox 788 3613 816 3666; x_wconf 92' lang='lat' dir='ltr'>id</span> <span class='ocrx_word' id='word_1_251' title='bbox 843 3611 893 3681; x_wconf 91' lang='lat' dir='ltr'>est]</span> <span class='ocrx_word' id='word_1_252' title='bbox 923 3611 969 3666; x_wconf 86' lang='lat' dir='ltr'>sed</span> <span class='ocrx_word' id='word_1_253' title='bbox 994 3626 1011 3665; x_wconf 87' lang='lat' dir='ltr'>o</span> <span class='ocrx_word' id='word_1_254' title='bbox 1131 3612 1224 3668; x_wconf 88' lang='lat' dir='ltr'>immo·</span> 
     </span>
     <span class='ocr_line' id='line_1_31' title="bbox 93 3698 1157 3770; baseline -0.003 -13"><span class='ocrx_word' id='word_1_255' title='bbox 93 3700 217 3770; x_wconf 69' lang='lat' dir='ltr'>lationis]</span> <span class='ocrx_word' id='word_1_256' title='bbox 243 3698 477 3756; x_wconf 72' lang='lat' dir='ltr'>stimulationiso</span> <span class='ocrx_word' id='word_1_257' title='bbox 581 3699 613 3754; x_wconf 80' lang='lat'>14</span> <span class='ocrx_word' id='word_1_258' title='bbox 636 3700 740 3769; x_wconf 88' lang='lat' dir='ltr'>uerum]</span> <span class='ocrx_word' id='word_1_259' title='bbox 759 3714 821 3754; x_wconf 90' lang='lat' dir='ltr'>uero</span> <span class='ocrx_word' id='word_1_260' title='bbox 844 3699 872 3752; x_wconf 98' lang='lat' dir='ltr'><strong><em>A</em></strong></span> <span class='ocrx_word' id='word_1_261' title='bbox 975 3713 1157 3769; x_wconf 82' lang='lat' dir='ltr'>parasoeueo</span> 
     </span>
     <span class='ocr_line' id='line_1_32' title="bbox 95 3784 1224 3857; baseline -0.003 -14"><span class='ocrx_word' id='word_1_262' title='bbox 95 3789 129 3844; x_wconf 83' lang='grc'>17</span> <span class='ocrx_word' id='word_1_263' title='bbox 152 3787 248 3842; x_wconf 79' lang='lat' dir='ltr'>horum</span> <span class='ocrx_word' id='word_1_264' title='bbox 271 3788 381 3841; x_wconf 72' lang='lat' dir='ltr'>terrim</span> <span class='ocrx_word' id='word_1_265' title='bbox 403 3785 431 3841; x_wconf 87' lang='lat' dir='ltr'>o¹</span> <span class='ocrx_word' id='word_1_266' title='bbox 543 3785 695 3856; x_wconf 91' lang='lat' dir='ltr'>recoluerit]</span> <span class='ocrx_word' id='word_1_267' title='bbox 718 3785 803 3840; x_wconf 89' lang='lat' dir='ltr'>dicere</span> <span class='ocrx_word' id='word_1_268' title='bbox 826 3784 985 3841; x_wconf 85' lang='lat' dir='ltr'>uolnerito</span> <span class='ocrx_word' id='word_1_269' title='bbox 1101 3785 1224 3857; x_wconf 61' lang='lat' dir='ltr'>amque]</span> 
     </span>
     <span class='ocr_line' id='line_1_33' title="bbox 94 3871 1225 3945; baseline -0.003 -17"><span class='ocrx_word' id='word_1_270' title='bbox 94 3889 127 3928; x_wconf 78' lang='lat' dir='ltr'>ea</span> <span class='ocrx_word' id='word_1_271' title='bbox 152 3889 206 3945; x_wconf 76' lang='lat' dir='ltr'>qne</span> <span class='ocrx_word' id='word_1_272' title='bbox 231 3871 270 3927; x_wconf 80' lang='grc' dir='ltr'>Ρι</span> <span class='ocrx_word' id='word_1_273' title='bbox 391 3874 424 3927; x_wconf 91' lang='lat'>18</span> <span class='ocrx_word' id='word_1_274' title='bbox 450 3872 617 3927; x_wconf 77' lang='lat' dir='ltr'>crucifixione</span> <span class='ocrx_word' id='word_1_275' title='bbox 642 3878 669 3938; x_wconf 80' lang='lat' dir='ltr'>(e</span> <span class='ocrx_word' id='word_1_276' title='bbox 695 3891 713 3927; x_wconf 87' lang='lat' dir='ltr'>o</span> <span class='ocrx_word' id='word_1_277' title='bbox 735 3888 769 3931; x_wconf 76' lang='lat' dir='ltr'>nu</span> <span class='ocrx_word' id='word_1_278' title='bbox 787 3875 816 3939; x_wconf 82' lang='lat'>2)</span> <span class='ocrx_word' id='word_1_279' title='bbox 842 3872 871 3928; x_wconf 91' lang='lat' dir='ltr'><strong><em>P</em></strong></span> <span class='ocrx_word' id='word_1_280' title='bbox 987 3871 1023 3927; x_wconf 91' lang='grc'>20</span> <span class='ocrx_word' id='word_1_281' title='bbox 1048 3872 1225 3942; x_wconf 88' lang='lat' dir='ltr'>acceperimus</span> 
     </span>
     <span class='ocr_line' id='line_1_34' title="bbox 95 3958 1224 4031; baseline 0 -15"><span class='ocrx_word' id='word_1_282' title='bbox 95 3959 151 4016; x_wconf 73' lang='lat'>1¹0</span> <span class='ocrx_word' id='word_1_283' title='bbox 239 3958 272 4013; x_wconf 92' lang='grc'>21</span> <span class='ocrx_word' id='word_1_284' title='bbox 291 3958 338 4014; x_wconf 90' lang='lat' dir='ltr'>ille</span> <span class='ocrx_word' id='word_1_285' title='bbox 356 3959 609 4029; x_wconf 83' lang='lat' dir='ltr'>centurio-quum]</span> <span class='ocrx_word' id='word_1_286' title='bbox 628 3974 711 4015; x_wconf 75' lang='lat' dir='ltr'>omo</span> <span class='ocrx_word' id='word_1_287' title='bbox 803 3960 838 4015; x_wconf 78' lang='lat'>24</span> <span class='ocrx_word' id='word_1_288' title='bbox 854 3960 984 4016; x_wconf 82' lang='lat' dir='ltr'>maximae</span> <span class='ocrx_word' id='word_1_289' title='bbox 1002 3960 1030 4014; x_wconf 90' lang='lat' dir='ltr'><strong><em>A</em></strong></span> <span class='ocrx_word' id='word_1_290' title='bbox 1115 3960 1149 4016; x_wconf 87' lang='grc'>25</span> <span class='ocrx_word' id='word_1_291' title='bbox 1168 3977 1224 4031; x_wconf 89' lang='lat' dir='ltr'>per·</span> 
     </span>
    </p>
   </div>
   <div class='ocr_carea' id='block_1_5' title="bbox 96 4045 485 4148">
    <p class='ocr_par' dir='ltr' id='par_1_5' title="bbox 96 4045 485 4148">
     <span class='ocr_line' id='line_1_35' title="bbox 96 4045 485 4148; baseline -0.005 -11"><span class='ocrx_word' id='word_1_292' title='bbox 96 4045 485 4148; x_wconf 46' lang='lat' dir='ltr'>marcescer</span> 
     </span>
    </p>
   </div>
   <div class='ocr_carea' id='block_1_6' title="bbox 0 0 1384 4814">
    <p class='ocr_par' dir='ltr' id='par_1_6' title="bbox 0 0 1384 4814">
     <span class='ocr_line' id='line_1_36' title="bbox 0 0 1384 4814; baseline 0 1"><span class='ocrx_word' id='word_1_293' title='bbox 0 0 1384 4814; x_wconf 95' lang='lat' dir='ltr'> </span> 
     </span>
    </p>
   </div>
  </div>
 </body>
</html>
