2760 4814
173 287 236 359 246
655 288 818 361 Eugippii

172 479 387 549 seeundum
410 497 581 563 carnem,
616 499 687 547 eum
713 479 814 547 adhuc
836 478 1007 549 moriturus
1029 479 1111 547 esset
1132 515 1174 528 -
1196 479 1301 547 inerat

173 585 286 670 quippe
307 580 342 650 in
365 583 432 651 eius
455 600 581 668 corpore
610 582 667 650 illa
688 581 874 668 mortalitas,
906 601 1000 668 quam
1024 582 1147 667 proprie
1171 601 1299 649 curnem

171 685 311 773 appellat
331 686 490 772 apostolos
511 721 553 737 ·-
576 687 641 754 sed
662 685 743 752 iam
764 706 862 753 nuno
889 704 964 753 non
992 686 1185 770 nouimus3
1219 683 1300 753 illud

172 787 256 857 enim
279 790 346 857 eius
368 789 500 857 mortale
521 787 586 856 iam
600 786 706 865 induit
727 788 1006 868 immortalitatem,
1030 789 1112 857 unde
1126 789 1300 883 secundum

171 892 340 979 pristinam
361 890 590 961 mortalitatem
611 891 676 960 iam
698 910 768 958 caro
792 890 944 978 appellari
966 910 1029 958 non
1050 886 1158 975 possit.
1322 917 1336 960 ι

214 1030 326 1116 linque
351 1031 450 1116 ipsius
471 1031 534 1098 loci
556 1029 794 1110 contextionem,
822 1030 876 1097 ubi
898 1031 975 1097 haec
996 1030 1150 1098 sententia
1171 1037 1231 1112 est,
1263 1033 1302 1098 de

172 1151 235 1218 qna
255 1134 310 1200 isti
331 1133 571 1214 calumnientur,
599 1134 836 1215 consideremus,
859 1137 895 1200 ut
923 1133 980 1201 hcc
1001 1134 1084 1217 quod
1107 1134 1174 1201 dieo
1196 1132 1299 1217 megia

172 1237 305 1305 eluceat.
343 1238 509 1318 caritas,
539 1236 654 1319 inquit,
685 1234 839 1303 Christi
869 1238 1079 1320 compellit
1108 1254 1174 1303 nos
1196 1237 1300 1305 iudi·

173 1343 310 1408 cantes
342 1341 429 1418 hoc,
465 1341 650 1422 qnoniam
679 1356 779 1405 nnus
807 1357 878 1422 pro
907 1339 1089 1407 omnibns
1118 1344 1300 1408 mortuus

173 1449 249 1524 est3
277 1461 369 1527 ergo
390 1461 523 1509 omnes
546 1443 692 1510 mortni
714 1444 823 1527 sunt3
851 1447 890 1510 et
911 1463 979 1528 pro
1001 1444 1335 1511 omnibnemor·1o

171 1549 266 1614 tuna
296 1551 372 1627 est,
405 1551 448 1613 ut
477 1549 542 1629 qni
569 1547 711 1614 uiuunt
733 1548 808 1613 iam
837 1566 911 1614 non
933 1546 1013 1613 sibi
1035 1547 1195 1631 uiuant,
1228 1548 1299 1614 sed

172 1652 208 1716 ei
229 1650 295 1734 qni
324 1667 392 1733 pro
421 1649 522 1734 ipsis
551 1655 729 1716 mortuus
751 1652 812 1716 est
834 1652 875 1717 et
895 1650 1123 1717 resurrexit.
1159 1651 1300 1732 itaque

172 1769 241 1819 nos
272 1755 408 1820 amodo
441 1755 636 1820 neminem
668 1753 848 1820 nouimus
880 1753 1092 1820 secundnm
1125 1771 1299 1838 carnem;

172 1855 250 1923 etsi
283 1873 516 1923 noueremus
548 1857 761 1923 secundnm
793 1874 946 1923 earnem
980 1855 1200 1936 Christum,
1234 1858 1301 1923 sed

170 1961 248 2025 iam
276 1976 379 2026 nunc
407 1976 480 2025 non
509 1959 696 2025 nouimus.
733 1961 817 2026 certe
846 1958 912 2025 iam
941 1978 1024 2025 nunc
1046 1961 1144 2025 cuiuis
1167 1962 1336 2043 apparere

170 2066 296 2147 propter
317 2063 573 2129 resurrectionem
596 2062 715 2129 Christi
737 2061 795 2128 hoc
825 2062 938 2128 dixisse
960 2064 1146 2145 apostolum,
1176 2067 1301 2146 quondo

171 2165 298 2251 quidem
319 2166 382 2232 istc
397 2166 492 2232 uerba
512 2165 591 2232 illud
606 2167 787 2251 praecessit:
808 2166 852 2230 nt
874 2165 940 2249 qui
961 2165 1104 2231 uiuunt
1125 2167 1202 2232 iam
1225 2184 1300 2232 non

171 2267 253 2336 sibi
285 2269 444 2358 uiuant,
481 2269 547 2337 sed
578 2269 614 2336 ei
646 2269 712 2353 qui
741 2287 810 2353 pro
843 2268 945 2352 ipsis
975 2272 1151 2336 mortuns
1179 2272 1240 2335 est
1262 2271 1301 2335 et

170 2372 405 2439 recurrexit.
443 2371 518 2458 quid
539 2378 588 2439 est
609 2373 693 2440 enim
715 2374 816 2438 alind:
847 2390 922 2438 non
945 2371 1038 2448 sibi,
1061 2373 1130 2438 sed
1151 2371 1221 2438 illi
1244 2373 1300 2438 ui·

170 2476 277 2557 nant,
301 2475 362 2541 nisi
384 2481 420 2542 ut
442 2494 504 2542 non
525 2477 696 2542 secundnm
712 2493 838 2542 curnem
853 2475 965 2541 uiuant
981 2475 1015 2540 in
1030 2493 1085 2560 spe
1100 2476 1299 2543 terrenorum
1310 2504 1337 2546 so

170 2580 203 2643 et
232 2577 481 2661 corruptibilium
513 2578 676 2658 bonorum,
710 2579 765 2644 sed
798 2580 971 2645 secundum
1003 2578 1150 2661 spiritum
1180 2578 1214 2645 in
1244 2598 1299 2664 spe

170 2680 414 2766 resurrectionis,
441 2699 520 2764 quae
541 2682 604 2746 iam
627 2699 664 2747 ex
686 2680 763 2763 ipsis
785 2680 818 2746 in
841 2680 961 2748 Christo
984 2680 1069 2748 lecte
1090 2681 1158 2750 esti
1190 2683 1300 2766 itaque

170 2799 276 2849 eorum
305 2801 361 2866 pro
391 2784 503 2867 quibus
524 2782 668 2850 Christus
696 2785 838 2849 mortuus
868 2789 918 2851 est
943 2784 976 2850 et
997 2784 1166 2851 resurrexit
1188 2788 1219 2850 ei
1243 2784 1300 2867 qui

169 2885 234 2953 iam
263 2886 423 2965 nonsibi,
457 2889 514 2954 sed
544 2885 595 2953 illi
627 2886 751 2967 meunt,
784 2886 941 2953 neminem
970 2889 1142 2954 secundum
1170 2904 1301 2954 carnem

170 2990 328 3074 spostolus
360 2991 491 3058 nouerat
527 2991 654 3075 propter
691 3007 779 3073 spem
812 2989 939 3056 futurae
967 2989 1231 3069 immortalitatis,
1265 2990 1337 3060 inre

170 3094 258 3161 onius
286 3094 497 3179 expectatione
526 3095 603 3160 bene
633 3092 798 3176 uiuebant;
829 3110 909 3176 queo
938 3093 971 3158 in
993 3090 1116 3159 Christo
1144 3111 1207 3159 non
1235 3093 1300 3159 iam

171 3214 252 3281 spes,
275 3195 331 3264 sed
351 3216 401 3264 ree
423 3197 501 3264 eret.
538 3214 632 3279 quem
653 3195 715 3262 etsi
737 3200 868 3262 nouerat
883 3198 1054 3265 secundnm
1069 3213 1203 3277 curnem
1226 3213 1301 3261 cum

170 3298 272 3367 adhuc
303 3301 474 3366 moriturus
508 3303 598 3380 osset,
632 3301 696 3366 iam
729 3303 925 3366 tamennon
954 3302 1096 3382 nouerat,
1130 3298 1205 3382 quia
1225 3316 1301 3365 eum

272 3504 290 3559 8
311 3503 342 3559 11
359 3503 418 3560 Cor.
436 3504 462 3570 5.
481 3505 514 3559 14
523 3519 581 3574 sqq.

221 3689 315 3745 lnon
328 3693 392 3761 post
409 3689 464 3745 inm
481 3688 547 3747 odd.
565 3690 613 3747 Do
714 3689 919 3746 (icontexticnc
942 3690 983 3744 D¹
1088 3689 1182 3744 'licta
1206 3687 1233 3743 Τ

170 3774 422 3831 eslomnianturD¹
509 3776 700 3832 censiderimns
712 3775 753 3831 D¹
845 3774 1012 3847 iunoniam]
1025 3791 1051 3846 q.
1065 3775 1088 3829 si
1101 3776 1146 3873 1)Ι
1215 3791 1303 3831 unius

171 3877 191 3944 (i
205 3882 285 3946 στω.)
303 3879 332 3935 Ρ
416 3878 450 3933 10
461 3879 548 3935 omnir
559 3878 601 3935 D¹
687 3879 718 3935 11
737 3879 781 3950 ut]
799 3881 862 3935 eto
952 3879 985 3935 15
996 3878 1092 3950 cuiuis]
1111 3893 1175 3934 cuns
1194 3877 1214 3945 (i
1233 3878 1302 3936 odd.

168 3982 202 4024 ιιι.
220 3967 251 4033 2)
267 3964 297 4021 D
377 3964 412 4020 20
429 3981 481 4020 non
499 3981 550 4021 cra.
569 3966 673 4036 PTpr.
752 3963 786 4020 21
805 3963 933 4035 splritnm
950 3965 979 4019 in
996 3981 1047 4019 ona.
1065 3962 1129 4020 MV
1207 3968 1255 4035 ape
1276 3963 1306 4022 V

168 4059 215 4122 spe
232 4051 268 4109 Μ
359 4050 394 4107 23
411 4050 468 4123 qui]
487 4051 551 4122 qnia
567 4050 692 4108 D¹P¹To
784 4049 820 4106 24
836 4051 933 4105 uiuant
951 4049 1006 4105 PT
1095 4049 1130 4108 26
1147 4049 1303 4106 inmortali·

167 4142 238 4195 tetes
255 4136 295 4194 D¹
381 4139 415 4194 26
432 4136 499 4194 bene
516 4155 567 4195 cm.
584 4138 681 4197 DPTa
767 4135 878 4192 sinebat
895 4137 961 4192 ΡΤ
984 4137 1082 4193 uiuant
1098 4136 1136 4192 Μ
1220 4139 1302 4209 qnae]

168 4224 267 4294 quiae
368 4224 422 4280 ism
440 4240 492 4280 non
510 4223 613 4282 nnnc
713 4224 749 4280 28
764 4240 818 4281 non
838 4224 888 4280 coit
906 4221 937 4278 D
941 4223 1027 4294 p'r.1'
