2760 4814
272 327 436 396 Eroerpte
453 343 487 382 ox
506 344 575 399 opp.
594 327 620 380 S.
638 328 825 396 Augustini
846 327 969 384 ooxtv.
1117 331 1178 398 801

58 519 226 597 inuenitur,
260 535 354 600 quam
381 521 512 601 possunt
541 517 781 600 liquidissimam
810 517 897 583 reddi
926 518 1077 586 rationem
1109 523 1179 604 sibi,

56 639 136 705 qnae
160 621 200 687 ab
223 621 359 686 humana
381 626 493 700 mente,
509 621 600 686 tarda
614 620 732 686 eeilioet
747 620 940 704 infirmaque,
958 640 1019 687 non
1035 625 1180 709 eapitur?

57 728 92 790 et
112 727 197 792 oerte
219 744 289 791 oum
311 726 490 790 inoononsse
513 724 698 790 crediderint
715 724 874 806 scripturis
888 724 1004 791 sanetis
1021 730 1178 812 tamquam

56 830 268 895 ueraeiesimis
297 828 441 907 testibus,
472 829 566 912 agant
595 828 709 893 orando
733 832 764 893 et
786 827 958 910 quaerendo
980 833 1011 893 et
1032 829 1109 896 bene
1131 834 1179 897 ni·

30 932 169 1016 suendo,
192 933 228 996 nt
250 932 443 1015 intellegant
467 931 562 996 idest
584 935 628 1008 ut,
653 932 803 1012 quantum
825 930 924 995 uideri
939 932 1053 1012 potest,
1076 934 1180 1000 uidea-

55 1037 111 1101 tur
132 1035 236 1100 mente
259 1035 339 1116 qnod
362 1035 486 1099 tenetur
503 1035 573 1099 fide.
597 1035 666 1117 quis
682 1034 740 1098 hoe
754 1033 926 1117 prohibeat,
941 1034 1038 1100 immo
1052 1055 1125 1103 uero
1140 1043 1177 1104 ad

54 1138 116 1203 hoo
146 1138 215 1220 quis
237 1156 298 1203 non
321 1138 484 1203 hortetur?
506 1139 532 1203 si
555 1141 660 1202 autem
682 1145 847 1220 propterea
867 1138 1043 1221 negandum
1066 1143 1180 1223 putant

56 1243 104 1307 ita
133 1261 209 1317 esse,
239 1241 314 1323 quia
336 1259 373 1305 ea
395 1258 456 1305 non
477 1240 586 1305 ualent
608 1241 706 1305 eaesis
728 1240 885 1306 mentibus
909 1259 1041 1322 eernere,
1063 1243 1178 1308 debent

54 1349 88 1410 et
117 1344 168 1410 illi
196 1345 249 1427 qni
285 1363 321 1409 er
350 1345 516 1409 natiuitate
547 1362 603 1409 sua
632 1344 716 1409 oaeei
745 1349 819 1409 sunt
848 1362 914 1409 esse
937 1344 1034 1410 solem
1055 1365 1177 1431 negare.

19 1450 111 1518 solnx
132 1467 205 1533 ergo
228 1449 312 1513 lucet
332 1447 365 1512 in
387 1447 540 1525 tenebris;
563 1448 644 1531 quod
666 1449 692 1512 si
715 1448 859 1514 tenebrae
882 1465 950 1512 eam
965 1464 1025 1512 non
1041 1466 1177 1532 eompre-

54 1552 209 1631 hendnnt‚
239 1551 467 1616 inluminentur
495 1551 544 1616 dei
574 1552 653 1615 dono
674 1552 769 1634 prins,
798 1552 835 1615 ut
856 1549 920 1616 sint
941 1551 1046 1616 fideles
1069 1556 1102 1618 et
1130 1553 1178 1619 in-

53 1655 176 1739 oipiant
206 1673 273 1719 esse
302 1655 356 1719 lux
384 1655 417 1718 in
447 1653 676 1736 comparatione
697 1653 882 1730 infidelium,
905 1653 997 1736 atque
1015 1654 1072 1719 hoo
1087 1673 1178 1737 prae-

53 1759 151 1824 misso
172 1759 373 1823 fundamento
395 1757 596 1822 aedificantur
617 1757 657 1823 ad
672 1757 805 1823 uidenda
820 1774 899 1839 quae
914 1757 1053 1836 eredunt,
1069 1762 1105 1824 ut
1119 1760 1177 1823 ali-

54 1862 179 1946 qnando
212 1862 330 1943 possint
365 1862 480 1926 uidere.
524 1865 597 1925 eunt
626 1860 712 1925 enim
742 1878 820 1942 qnae
853 1862 900 1925 ita
932 1862 1108 1940 ereduntur,
1141 1865 1178 1928 nt

26 1966 157 2032 snideri
179 1967 241 2031 iam
262 1964 388 2030 omnino
411 1983 472 2029 non
495 1963 632 2048 possint3
655 1982 716 2028 non
739 1963 823 2028 enim
845 1961 987 2028 Christus
1009 1965 1123 2030 iterum
1144 1968 1177 2031 in

54 2088 144 2137 ornae
175 2069 328 2133 uidendns
359 2071 416 2132 est.
455 2068 509 2132 sed
540 2067 600 2131 nisi
630 2066 689 2132 hoo
719 2067 862 2132 credatur
888 2066 969 2148 quod
990 2066 1036 2131 ita
1058 2067 1176 2134 fastum

53 2176 147 2257 atque
171 2172 274 2236 nisum
297 2176 354 2255 ast,
382 2172 420 2234 nt
440 2170 582 2235 futurum
605 2187 641 2234 ao
664 2169 833 2235 uidendum
854 2169 917 2234 iam
939 2186 1001 2233 non
1024 2172 1175 2251 speretur,

53 2295 115 2342 non
145 2275 327 2359 peruenitur
355 2273 394 2338 ad
423 2272 592 2353 Christum,
623 2273 723 2355 qualis
753 2273 819 2337 sine
848 2271 909 2336 fine
938 2271 1087 2339 uidendus
1117 2279 1174 2340 est.

52 2380 209 2464 qnantum
230 2394 304 2442 nero
327 2377 441 2441 attinet
456 2379 493 2442 ad
518 2377 606 2441 illam
628 2394 793 2453 summam,
814 2374 1012 2452 ineffabilem,
1025 2375 1175 2459 -inoorpo-

25 2483 152 2549 orelam
187 2479 533 2561 inoommutabilemqne
564 2480 709 2544 naturam
744 2497 799 2560 per
839 2477 1088 2561 intellegentiam
1124 2485 1173 2545 nt-

50 2603 188 2669 oumqne
221 2582 414 2664 cernendam,
446 2600 599 2664 nusquam
631 2600 664 2646 se
697 2581 819 2665 melius,
852 2585 978 2665 regente
1014 2582 1176 2649 dumtaxat

49 2689 128 2757 fidei
150 2687 268 2771 regula,
292 2687 375 2751 aoies
398 2685 552 2751 humanae
573 2685 688 2751 mentis
710 2688 850 2750 oreroeat
871 2703 965 2767 quam
986 2684 1020 2749 in
1042 2690 1174 2768 eoquod

50 2792 121 2877 ipse
152 2791 245 2855 homo
273 2790 307 2854 in
336 2807 393 2854 sua
422 2789 536 2854 natura
565 2788 679 2853 mebus
710 2786 820 2853 oeteris
843 2787 1040 2863 animalibus,
1064 2790 1175 2854 malim

51 2896 151 2961 otiam
176 2893 286 2958 esteris
307 2891 429 2957 animae
452 2910 525 2956 snae
546 2889 687 2973 partibus
710 2889 815 2969 habet,
839 2893 920 2972 qnod
935 2893 981 2955 eet
995 2890 1062 2972 ipsa
1076 2911 1174 2959 mens,

23 2998 106 3063 seui
129 2996 259 3080 qnidam
276 3013 381 3060 rerum
403 2993 610 3059 inuisibilium
632 2994 768 3059 tributus
792 2998 839 3058 est
860 2993 945 3058 uisus
967 2996 999 3057 et
1022 2993 1071 3058 oni
1093 2996 1171 3059 tam

55 3117 147 3183 qnam
177 3099 209 3163 in
241 3098 307 3162 loeo
335 3097 491 3178 superiore
521 3099 614 3178 atque
640 3095 788 3160 interiora
810 3095 1032 3162 honorabiliter
1054 3098 1173 3179 praesi-

57 3202 140 3268 denti
173 3200 343 3267 iudioanda
364 3200 468 3264 omnia
489 3199 637 3264 nuntiant
659 3200 753 3264 etiam
776 3197 910 3283 eorporis
932 3217 1039 3264 sensus
1061 3201 1094 3264 et
1114 3218 1176 3283 qua

60 3320 116 3372 non
138 3308 187 3372 est
209 3306 358 3390 superior,
382 3303 431 3368 eui
454 3301 580 3367 subdita
601 3302 737 3384 regenda
759 3304 816 3381 est,
840 3303 900 3368 nisi
921 3301 1008 3367 deus.

154 3479 242 3538 1001.
260 3482 297 3536 lo.
317 3484 339 3547 l,
357 3482 375 3537 5

106 3648 218 3716 lqnsrn
235 3647 349 3715 poscunt
365 3644 430 3699 GPr
457 3648 660 3715 compoeeuntv
745 3644 799 3699 sibi
816 3645 944 3699 rationem
965 3643 1007 3698 (ἓν
1095 3645 1173 3715 inb]
1228 3661 1231 3665 ·

64 3742 105 3787 oss.
120 3735 149 3789 a¹
253 3729 411 3799 infirmaque
430 3731 494 3785 GP:
524 3733 551 3785 et
568 3731 675 3785 infirma
693 3746 745 3800 que
761 3748 780 3786 o
880 3731 943 3800 non]
962 3745 1032 3785 nuno
1052 3731 1106 3787 G¹o

63 3812 180 3873 buidari
202 3816 254 3873 0⁸:
284 3814 375 3870 uidere
400 3815 480 3870 G¹Po
581 3815 662 3871 site
686 3816 752 3871 GP:
781 3817 836 3871 ista
859 3833 875 3872 o
977 3817 1059 3887 tiqui
1081 3818 1173 3873 0²1³u:

62 3914 121 3970 poss
138 3903 177 3959 θ’
281 3901 376 3957 eodem
396 3902 415 3966 (l
432 3901 547 3968 raaldi
649 3900 682 3956 10
704 3900 929 3971 comprehendunt
948 3902 1025 3959 0⁸1³:
1057 3918 1174 3974 eompre-

61 3984 203 4045 mamea
221 3988 277 4044 G¹o
373 3987 405 4040 11
423 3987 497 4058 prins
515 3987 569 4041 Pe:
598 3986 633 4041 do
650 3987 763 4056 pnusG
861 3988 895 4042 12
911 3987 957 4043 lux
973 4004 1030 4043 esso
1050 3989 1106 4045 G¹o

58 4092 209 4159 minuo
226 4090 250 4156 (i
265 4092 331 4156 ras.)
350 4090 378 4145 θ
481 4090 513 4144 14
531 4061 673 4144 credentur
691 4092 770 4159 (corr.
787 4107 821 4145 oa
836 4093 867 4155 2)
887 4092 914 4147 θ
1015 4091 1050 4146 22
1067 4093 1173 4161 regula-

56 4176 89 4245 (ω
103 4176 216 4246 raam
307 4175 342 4230 25
360 4178 387 4232 et
399 4178 440 4231 oui
454 4178 492 4231 P:
520 4180 552 4230 nt
564 4177 606 4231 oui
620 4177 658 4233 0¹
684 4177 809 4232 etutoui
823 4177 876 4235 G'o
966 4179 1000 4233 26
1013 4180 1172 4247 praesidenti

55 4264 132 4322 6¹0¹:
154 4261 322 4333 praesidente
333 4263 361 4317 P
382 4263 514 4333 praesenti
528 4263 565 4319 θ’
589 4262 726 4333 praedanti
738 4262 765 4318 ν’
849 4263 883 4319 27
895 4264 1037 4319 nuntiante
1051 4264 1105 4320 0¹o

101 4364 198 4422 mn.
1036 4366 1070 4420 51
