2760 4814
290 305 457 376 Eroerpts
474 323 510 362 er
528 322 598 376 opp.
618 307 645 363 S.
662 308 849 378 Augustini
872 310 966 368 CXVI.
1130 317 1195 384 407

105 497 224 564 Audire
245 497 310 563 ium
332 497 414 564 nelle
437 516 491 565 nos
513 497 613 577 uideo,
638 497 785 582 quonium
806 517 869 565 non
891 503 938 568 est
960 502 1072 583 omnis,
1096 521 1193 587 quee-

63 621 134 669 nsm
157 602 202 669 sit
223 601 281 668 illu
302 601 498 686 blasphemis
512 601 654 687 spiritus,
677 620 757 686 quse
774 621 836 669 non
850 604 1040 687 remittetur,
1062 606 1095 673 et
1111 608 1194 690 quod

61 708 103 771 sit
124 707 256 773 uerbum
271 742 313 753 -
327 705 475 790 quonism
489 725 551 772 non
567 709 614 773 est
637 725 785 772 omne-
800 707 881 789 qnod
903 707 930 772 si
953 708 1075 776 dietum
1097 711 1194 778 fuerit

63 811 170 877 oontrs
190 809 338 894 spiritum
360 814 514 896 sonetum,
539 830 600 876 non
623 811 803 878 remittetur
824 830 924 895 neque
942 812 975 879 in
992 813 1052 879 hoo
1067 816 1192 883 seeoulo

44 925 160 996 tneque
183 915 215 980 in
242 913 357 981 loturo.
394 915 456 979 ism
481 918 512 979 et
535 932 591 998 ego
614 914 729 980 uellem
752 913 855 980 dicere
876 917 958 998 qnod
981 916 1191 984 intentissime

61 1017 245 1100 exspectetis
268 1018 396 1100 sudium
427 1019 479 1084 sed
503 1018 635 1084 tolerate
657 1019 837 1101 aliquantas
859 1021 987 1086 maioris
1009 1020 1193 1106 diligentiae

61 1139 174 1197 mores,
209 1123 306 1187 donee
338 1120 507 1186 ediuuunte
537 1119 665 1186 domino
695 1123 797 1187 totum
830 1125 912 1204 qood
941 1124 1110 1189 ooourrerit
1139 1144 1191 1191 er·

61 1225 192 1306 podium.
232 1225 286 1290 elii
315 1227 428 1308 quippe
457 1228 518 1290 duo
549 1226 758 1309 euangelistae
780 1226 906 1292 Murons
928 1227 961 1292 et
982 1227 1092 1306 tusus,
1120 1247 1193 1294 oum

61 1329 97 1392 ds
117 1328 177 1392 hoo
199 1345 233 1392 re
254 1328 466 1410 loquerentur,
489 1347 552 1394 non
574 1328 719 1393 dixerunt
736 1316 963 1421 blesphemium
978 1348 1034 1395 seu
1049 1329 1194 1410 uerbum,

39 1434 95 1496 out
126 1431 385 1513 intellegeremus
418 1450 481 1497 non
515 1451 639 1498 omnem
673 1433 910 1514 blasphemiam,
943 1435 995 1501 sed
1023 1433 1193 1517 quendum,

61 1552 116 1599 neo
136 1532 272 1599 uerbum
295 1552 396 1611 omne,
420 1538 474 1602 sed
497 1535 659 1619 quoddam.

433 1776 517 1823 ITEM
543 1777 648 1824 muns
677 1776 819 1825 ΟΕΤΕΒΑ.

100 1895 182 1977 Quis
202 1913 267 1960 non
288 1895 393 1976 potest
416 1895 515 1961 omnis
537 1896 691 1980 intellegi,
721 1915 759 1961 ne
782 1898 923 1981 paganis,
954 1894 1089 1977 Indaeis,
1115 1895 1190 1961 hus·

62 1999 164 2064 retiois
198 1999 344 2082 omnique
377 1997 541 2063 hominnm
574 2000 691 2082 generi,
726 2002 779 2082 qui
812 1998 944 2065 murensis
974 1999 1128 2065 erroribus
1159 2003 1192 2064 et

39 2100 357 2168 1toontrndietionibns
379 2100 655 2183 blasphemantis
677 2101 826 2184 spiritum
848 2106 1001 2180 sonetum,
1030 2119 1119 2184 spem
1140 2121 1189 2166 ro·

62 2205 227 2282 missionis,
249 2205 276 2269 si
299 2222 332 2268 se
347 2204 544 2283 surrexerint,
568 2204 754 2285 auferemus,
777 2207 875 2270 restet
897 2205 1015 2287 utique,
1039 2207 1076 2269 ut
1097 2205 1131 2268 in
1153 2221 1188 2269 eo

63 2310 138 2389 qnod
172 2307 326 2390 seriptum
355 2309 418 2372 est:
452 2308 519 2390 qui
551 2305 898 2391 blesphemuuerit
931 2307 971 2371 in
1003 2307 1192 2389 spiritum

62 2415 251 2489 sunctum,
285 2427 357 2475 non
379 2410 498 2475 hebet
520 2411 792 2475 remissionem
821 2410 861 2475 in
881 2411 1099 2492 oeternum,
1133 2409 1190 2474 ille

63 2513 260 2598 intellegatur
281 2513 336 2595 qni
358 2529 421 2578 non
443 2514 528 2578 omni
550 2515 652 2592 modo,
675 2515 781 2578 sedeo
800 2513 891 2579 modo
913 2510 1189 2595 blesphemenerit,

40 2621 94 2681 ort
113 2620 143 2684 ei
165 2636 337 2700 numquem
359 2616 459 2700 possit
481 2617 609 2701 ignosoi.

100 2735 190 2804 Sient
212 2740 297 2804 enim
318 2740 348 2804 in
368 2738 503 2823 eoquod
526 2738 646 2804 dietum
669 2740 734 2803 est:
758 2736 855 2802 deus
878 2734 1074 2801 neminem
1097 2736 1191 2802 tem·

63 2840 133 2920 tut,
156 2859 220 2908 non
242 2842 337 2925 omni,
367 2840 422 2907 sed
444 2839 577 2924 quodem
599 2839 795 2906 temtationis
817 2841 910 2906 modo
932 2839 1010 2905 deus
1032 2838 1190 2904 nominem

63 2947 191 3011 emtore
220 2944 450 3029 intellegendus
473 2949 531 3022 est,
561 2962 600 3009 ne
623 2944 739 3010 fulsum
760 2942 804 3009 sit
828 2942 908 3010 illud
931 2942 1014 3026 quod
1035 2943 1189 3025 seriptum

64 3048 122 3114 est:
152 3049 301 3114 temtut
322 3066 390 3114 noe
412 3048 594 3113 dominns
617 3045 709 3112 deos
731 3046 881 3129 uester,
912 3050 945 3111 et
967 3063 1007 3111 ne
1028 3043 1188 3111 comtum

39 3159 207 3237 ¹tnogsmns
241 3152 333 3219 deum
361 3151 414 3219 uel
436 3151 575 3218 dieemm
596 3151 711 3217 fulsum
733 3150 939 3233 euangelium,
968 3148 1022 3215 ubi
1044 3147 1188 3230 legimus,

63 3256 140 3338 qnod
162 3255 378 3340 interrogabat
398 3254 585 3338 discipulum
607 3255 786 3319 temtans
810 3272 913 3338 enm;
947 3251 1033 3336 ipse
1056 3250 1189 3316 sutem

160 3456 230 3513 eet.
249 3456 331 3512 llere.
349 3458 375 3525 3,
394 3456 428 3511 29
445 3456 554 3512 stirne
574 3456 615 3525 12,
635 3455 668 3512 10
762 3455 965 3524 211m1,13
1057 3454 1092 3509 24
1110 3453 1188 3509 Dent.

63 3544 136 3609 tus
239 3542 330 3599 2610.
348 3544 409 3612 6,6

107 3731 331 3803 setphano
425 3733 488 3788 tet
505 3732 564 3802 ogo]
583 3746 646 3801 ergo
665 3734 704 3797 (er
720 3746 739 3784 a
755 3732 823 3785 Μ
839 3730 951 3794 toras)
969 3728 997 3784 P
1090 3728 1188 3784 uellem

59 3818 142 3877 disere
160 3818 245 3875 Pro:
271 3817 337 3874 olins
354 3817 468 3873 dioesem
493 3817 519 3872 T
619 3816 635 3870 'l
660 3815 777 3872 ooonrrit
799 3831 816 3870 o
919 3814 953 3869 10
976 3813 1189 3886 intollegusimss

64 3905 102 3963 Vs
186 3900 936 3976 blasphemism1btssphemismium(ismdot.m.2)t⁷
1023 3901 1055 3956 11
1073 3900 1189 3970 quodum

63 3989 86 4043 t¹
187 3991 222 4046 12
243 3988 312 4046 item
331 3989 518 4059 intercutem]
541 4004 592 4045 om.
616 3988 671 4044 ΡΤ
772 3988 805 4043 13
826 3985 901 4058 quis]
924 3986 1069 4057 quisergo
1095 3986 1122 4040 T

61 4077 92 4132 lt
105 4073 374 4146 manutentum]
392 4091 415 4130 o.
433 4075 490 4130 snio
507 4075 576 4133 Pro
673 4074 712 4145 in]
731 4089 782 4129 oss.
803 4074 828 4131 Τ
926 4071 959 4127 16
976 4070 1016 4143 in]
1034 4087 1120 4129 oet-o

62 4161 91 4216 17
111 4162 214 4234 sqn‘tttn
230 4162 323 4217 sueto
343 4159 396 4219 me
496 4161 531 4219 22
548 4159 665 4234 quodem
684 4159 738 4217 To:
766 4158 838 4230 qnod
855 4157 882 4213 V
979 4157 1015 4213 28
1036 4156 1121 4230 illud]
1138 4173 1190 4215 oss.

60 4247 85 4302 T
183 4246 324 4318 seriptum]
343 4245 480 4305 manno
581 4250 616 4309 25
633 4245 816 4319 migetium]
834 4243 1054 4301 testimoninmo
