2760 4814
208 334 372 405 Excerpts
388 350 424 389 ox
441 349 509 404 opp.
528 334 554 388 S.
572 335 652 404 Aug.
671 333 849 391 cccxxxu.
867 333 1062 392 cccxxxm.
1116 338 1198 406 1057

114 523 195 591 Cum
222 524 327 589 autem
350 525 511 590 audimus:
535 525 666 590 omnia
689 544 731 590 ex
752 524 839 607 ipso
862 528 901 589 et
922 544 989 608 per
1011 525 1137 609 ipsum
1158 530 1197 595 et

67 632 110 696 iu
143 628 245 712 ipso,
279 645 386 695 omnes
418 630 526 710 utique
562 631 690 694 naturas
723 627 905 712 intellegere
933 628 1089 708 debemus,
1117 648 1196 714 quae

69 732 257 798 naturaliter
293 732 377 796 sunt.
411 748 510 813 nequo
547 730 631 794 enini
668 748 704 794 ex
741 731 807 812 ipso
840 733 915 795 sunt
946 735 1084 813 peecata,
1117 751 1195 816 quae

69 834 216 900 naturam
239 853 302 898 non
323 834 463 913 seruant,
491 832 545 898 sed
567 832 693 898 uitiant.
724 850 803 915 quae
825 836 953 915 peccata
975 852 1012 898 ex
1033 835 1195 902 uoluntate

43 956 137 1003 sesso
159 936 357 1020 peccantium
380 935 489 1001 multis
512 936 614 1001 modis
637 941 745 1002 sancta
767 938 923 1020 scriptura
938 939 1081 1022 testatur,
1104 958 1195 1022 prae-

67 1041 160 1123 cipue
187 1039 242 1106 illo
271 1058 332 1122 quo
360 1039 437 1105 dicit
465 1039 638 1122 apostolus:
670 1039 877 1104 existimas
904 1043 1032 1105 autem
1060 1042 1145 1126 boe,
1174 1061 1193 1110 o

67 1143 198 1225 bomo,
227 1144 292 1224 qui
320 1142 477 1207 iudicas
505 1160 569 1207 eos
597 1141 665 1225 qni
692 1142 795 1208 talia
816 1146 938 1226 agunt
959 1144 1112 1210 etfacis
1135 1166 1193 1231 ea,

67 1245 253 1329 quoniam
289 1249 332 1310 tu
368 1244 543 1328 effugies
579 1243 776 1309 iudicium
814 1244 901 1309 dei?
939 1264 986 1310 au
1022 1245 1194 1315 diuitias

66 1349 337 1431 benignitatis
369 1351 407 1413 et
438 1347 661 1430 patientiae
692 1348 775 1414 eius
806 1350 839 1412 et
867 1347 1194 1432 longanimitatis

27 1451 311 1531 recontemnis,
348 1453 554 1537 ignorans,
591 1451 776 1534 quoniam
812 1450 1014 1533 patientia
1049 1453 1111 1519 dei
1147 1444 1210 1519 ad'
1326 1460 1335 1479 ·

65 1554 359 1638 paenitentiam
390 1557 426 1618 te
456 1553 646 1619 adducit?
674 1557 887 1621 secundum
916 1555 1106 1622 duritiam
1131 1574 1194 1623 au·

65 1662 143 1723 tem
166 1658 295 1722 cordis
318 1658 379 1722 tui
402 1659 441 1721 et
462 1674 526 1722 cor
549 1657 819 1739 impoenitens
841 1658 1093 1725 thesaurizas
1114 1659 1193 1726 tibi

64 1763 165 1827 irum
188 1762 229 1825 in
250 1761 353 1826 diem
375 1760 457 1826 irae
480 1762 518 1826 et
540 1760 805 1826 reuelatiouie
826 1761 927 1827 iusti
948 1762 1091 1828 iudicii
1114 1762 1192 1845 dei,

65 1865 132 1947 qui
161 1863 297 1930 reddet
319 1863 533 1947 unicuique
555 1864 770 1929 secundum
791 1882 910 1949 opera
931 1883 1008 1932 sus.

27 2010 56 2051 re
108 1982 177 2048 Nec
191 1986 307 2059 tamen,
326 2003 398 2049 cnm
414 1984 448 2048 in
464 1985 521 2049 deo
537 1986 600 2049 siut
614 1987 759 2050 uniuersa
773 2004 851 2067 qnae
865 1986 1012 2065 condidit,
1027 1985 1193 2069 inquinant

64 2105 138 2151 eum
156 2087 210 2169 qui
227 2090 364 2169 peccant,
389 2087 427 2152 de
442 2089 530 2153 ouius
545 2087 698 2169 sapientia
713 2088 841 2155 dicitnr:
864 2087 1036 2171 attingit
1057 2092 1190 2156 autem

62 2189 206 2275 a<fino
227 2207 346 2272 usqne
368 2188 430 2274 ad>
452 2190 573 2256 finem
600 2190 768 2255 fortiter
791 2194 829 2257 et
858 2192 1036 2273 disponit
1065 2193 1192 2260 omnia

62 2293 259 2369 suauiter,
286 2295 390 2360 omnia
417 2297 575 2378 propter
604 2313 711 2360 suam
741 2293 991 2373 munditiam,
1021 2295 1060 2360 et
1087 2296 1192 2362 nihil

62 2396 315 2479 inquinatum
347 2399 387 2463 iu
420 2415 502 2463 eam
535 2399 724 2465 incurrit.
761 2399 882 2480 oportet
914 2398 1007 2479 enim,
1041 2398 1078 2463 ut
1108 2398 1192 2465 siout

25 2500 157 2567 rodeum
191 2500 457 2583 incorruptibilem
490 2501 522 2564 et
555 2502 853 2583 incommutabilem,
887 2504 933 2567 ita
969 2507 1193 2586 consequenter

61 2603 159 2667 etiam
181 2602 479 2685 incoinquinabilem
501 2604 671 2668 credamus.

501 2822 755 2907 COGXXXHI.

60 3012 108 3061 DE
137 3011 292 3061 CORPORE
321 3012 446 3060 DOMINI
476 3012 561 3059 POST
592 3012 908 3061 RESVRREOTIONEM·
945 3014 992 3061 EX
1020 3014 1185 3063 EPISTVLA

200 3116 247 3161 AD
274 3114 493 3164 CONSENTIVM
515 3116 561 3162 DE
583 3116 702 3162 EADEM
724 3117 768 3163 RE
790 3115 1048 3164 CONSVLI-{HTEM-

24 3258 51 3301 ss
104 3232 244 3313 Quaeris,
260 3238 366 3300 utrum
382 3254 464 3301 nuno
479 3254 587 3317 corpus
603 3235 720 3299 domini
737 3254 807 3301 oses
825 3239 856 3300 et
870 3235 1053 3320 sanguinem
1069 3234 1254 3304 hebereos

60 3338 118 3404 aut
139 3337 259 3420 reliqua
282 3339 384 3404 carnis
406 3338 602 3403 liniamenta.
640 3337 730 3416 Quid,
750 3338 778 3401 si
799 3338 939 3416 adderes,
963 3343 1069 3404 utrum
1090 3341 1185 3406 etiam

59 3440 259 3522 uestimenta,
289 3458 389 3507 noune
419 3442 585 3523 augeretur
615 3439 779 3523 quaestio?
808 3459 870 3523 qua
898 3459 1002 3519 causa,
1029 3441 1090 3507 nisi
1112 3442 1185 3527 quia

58 3562 98 3610 ea
121 3562 199 3626 quae
222 3543 253 3608 in
276 3563 334 3608 usu
357 3543 441 3608 uitae
457 3543 549 3608 buius
565 3545 689 3607 nostrae
704 3544 920 3626 corruptibilia
941 3546 1096 3629 nouimus,
1118 3547 1186 3611 siue

59 3646 257 3729 corruptione
273 3648 412 3729 cogitare
426 3647 480 3713 uin
494 3664 666 3730 possumus,
684 3664 755 3712 cum
771 3646 949 3713 diuinorum
964 3648 1185 3716 miraculorum

162 3834 178 3888 6
195 3834 273 3891 Rom.
289 3833 314 3900 2,
332 3835 401 3889 s-o
493 3834 527 3888 16
545 3834 607 3903 Sap.
623 3834 649 3899 8,
669 3835 682 3887 l
777 3833 810 3888 18
828 3833 889 3904 Sap.
906 3835 931 3902 ’1,
948 3835 1031 3905 24sq.

109 4005 267 4075 dohomo]
286 4005 457 4091 iohomoV
552 4007 584 4060 15
601 4006 630 4060 in
650 4005 697 4060 deo
716 4022 747 4059 a:
774 4004 916 4060 ideoMV
1011 4006 1183 4061 llafine-

55 4107 179 4163 suauiter
196 4109 232 4163 br
235 4109 270 4165 V:
297 4124 348 4164 om.
367 4126 385 4163 a
478 4108 532 4163 fine
548 4125 632 4178 nsque
648 4110 682 4164 ad
700 4108 813 4163 addidi:
839 4123 891 4163 om.
909 4107 975 4163 MV
1065 4108 1185 4178 disponit

52 4195 156 4264 scripsi
167 4195 213 4263 (cs.
222 4210 253 4265 p.
265 4198 344 4260 1064,
355 4198 398 4262 3):
425 4194 546 4265 disponet
557 4194 622 4250 MV
704 4196 738 4250 ‘21
756 4194 1034 4263 iuquoinquinabilem
1052 4195 1117 4251 MV

52 4278 91 4336 22
107 4279 387 4348 saecuculorum
405 4280 479 4335 MV:
508 4297 559 4335 om.
579 4281 635 4338 GP

107 4381 202 4438 VIIII.
1051 4385 1087 4438 ol
