2760 4814
183 276 248 345 456
671 275 833 347 Eugippii

185 465 283 532 uerba
305 465 350 532 sic
372 468 477 547 ponis:
513 466 558 530 16
588 469 722 532 cetero
750 466 934 549 reposita
964 471 1023 533 est
1050 465 1148 531 milri
1171 484 1282 533 coron

185 567 389 653 institiae,
412 589 525 653 qnam
548 571 692 636 reddet
715 569 814 636 mibi
836 570 1018 635 dominus
1040 570 1174 635 166166
1196 569 1282 635 indo

184 671 223 738 in
253 670 327 737 illa
356 671 436 754 die,
467 689 539 737 non
563 673 690 739 selum
713 676 846 738 autem
869 672 979 747 mihi,
1009 673 1075 736 661
1105 676 1144 737 61
1166 672 1228 738 bis
1250 691 1282 756 qr

186 774 365 856 diligunt
386 775 603 840 aduentum
623 776 785 842 domini.
824 777 919 841 1666
941 777 1034 855 enim,
1057 777 1282 844 nicoteranae

185 877 268 962 gello
291 895 525 956 commemoras,
555 879 655 944 16611
682 879 900 962 fulgebunt
922 880 1030 945 sieut
1052 880 1112 945 sol
1133 880 1174 947 in
1196 898 1282 965 regi

185 983 314 1064 patris
336 980 406 1047 661.
436 985 467 1047 61
489 984 570 1066 quod
593 984 746 1068 propbeta
767 983 859 1048 116116
891 1002 976 1049 6666
997 985 1098 1049 enim
1121 983 1257 1068 caligo
1279 1012 1282 1043 ι

185 1085 375 1170 tenebrae
402 1086 586 1171 operient
616 1091 762 1153 terram
784 1106 901 1169 super
922 1091 1076 1172 gentes,
1100 1087 1139 1152 in
1161 1091 1200 1153 te
1222 1106 1282 1154 uer

185 1189 398 1273 apparebit
436 1188 616 1256 dominos
655 1190 695 1256 et
731 1187 921 1255 maiestas
957 1191 1042 1257 eius
1072 1190 1112 1255 in
1141 1191 1279 1263 tenid

185 1292 306 1359 bitur.
339 1295 418 1359 itam
450 1295 533 1376 qnod
565 1296 716 1377 scriptum
750 1296 815 1359 est:
848 1296 915 1377 qni
948 1313 1043 1360 nero
1077 1295 1282 1376 exspectat

186 1397 396 1473 dominum,
419 1397 678 1462 exsultabunt
697 1416 780 1463 oum
798 1398 969 1475 uirtute,
991 1396 1212 1481 producent
1235 1397 1282 1481 pir

185 1518 253 1565 nas
275 1500 381 1564 61661
403 1498 578 1582 aquilae,
608 1502 772 1566 current
795 1502 833 1566 et
855 1520 926 1567 666
949 1502 1209 1579 laborabunt,
1241 1518 1282 1567 66

184 1600 443 1668 bulabuntet
465 1618 538 1667 666
561 1604 755 1669 esurient.
794 1604 852 1669 hoo
880 1603 972 1686 plane
997 1605 1135 1687 piissime
1159 1609 1192 1668 et
1214 1604 1282 1671 neri

185 1703 372 1778 6161611616
395 1703 615 1770 commendans
639 1723 746 1770 eornm
769 1705 995 1772 beatitudinem
1018 1708 1071 1791 qui
1094 1705 1235 1789 diligunt
1258 1726 1282 1773 6

186 1812 315 1872 uentum
345 1808 473 1873 domini.
511 1811 561 1874 661
592 1811 625 1873 61
654 1808 703 1873 1111
733 1809 846 1892 quibus
876 1809 1000 1875 dicebat
1031 1811 1205 1893 apostolnsc
1241 1828 1282 1878 no

186 1913 262 1977 cito
296 1912 530 1977 moneamini
564 1914 711 1994 mente,
745 1915 860 1997 quasi
890 1913 1018 1979 instet
1044 1913 1128 1979 dies
1150 1914 1282 1981 domin

186 2014 362 2100 diligebant
390 2015 499 2100 ntique
528 2018 698 2082 aduentum
729 2016 848 2082 domini
889 2037 945 2083 nec
982 2035 1033 2082 eos
1069 2018 1175 2082 dicens
1205 2018 1282 2085 doct

186 2118 327 2204 gentium
350 2119 389 2183 ab
418 2119 475 2185 illa
496 2120 665 2185 dilectione
689 2119 864 2203 frangebat,
895 2121 1015 2202 quant
1043 2118 1282 2186 inflammarent

186 2221 330 2299 uolebat;
353 2227 385 2289 et
406 2223 477 2289 ideo
500 2224 635 2308 nolebat,
659 2229 696 2289 61
718 2226 878 2290 crederent
901 2223 945 2288 eis
968 2223 1120 2307 aquibus
1143 2223 1282 2289 audieba

185 2326 305 2392 instare
334 2327 418 2392 diem
448 2327 578 2410 domini,
612 2346 651 2393 ne
680 2327 770 2404 forte,
805 2346 875 2396 cum
906 2328 1073 2392 transisset
1095 2328 1232 2409 tempus,
1257 2345 1282 2413 qr

186 2449 258 2495 enm
292 2432 486 2497 crediderant
523 2449 588 2495 esse
625 2430 793 2496 uentorum
827 2437 858 2496 et
890 2431 1012 2495 uenisse
1045 2448 1105 2494 non
1140 2447 1282 2496 cemoren

185 2533 283 2599 etiam
314 2537 418 2599 cetera
449 2533 605 2600 fallaciter
639 2534 697 2600 sibi
731 2533 873 2618 promitti
908 2533 1098 2598 arbitrantes
1122 2534 1155 2597 et
1179 2533 1217 2598 do
1247 2535 1282 2617 ip

163 2618 334 2700 'mercede'
358 2634 431 2699 fidei
465 2636 672 2720 desperarent.
711 2654 772 2702 666
806 2654 878 2720 ergo
914 2635 969 2701 ille
1005 2636 1111 2719 diligit
1142 2637 1282 2703 6166616

184 2736 302 2803 domini
325 2738 379 2820 qni
402 2756 473 2803 enm
496 2740 606 2805 asserit
629 2740 846 2823 propinquare,
878 2739 1010 2804 6661116
1032 2740 1086 2823 qui
1109 2757 1182 2804 eum
1203 2757 1282 2806 assor

126 2871 130 2897 2
184 2858 247 2907 non
279 2841 498 2925 propinquare,
532 2846 584 2909 661
618 2843 673 2908 1116
707 2841 812 2926 potins
844 2842 896 2924 qui
927 2862 1009 2920 eum,
1043 2843 1110 2908 6166
1131 2861 1226 2926 prope
1249 2843 1282 2909 eir

184 2944 276 3028 longe
296 2943 346 3024 sit,
375 2945 556 3011 sinceritate
577 2945 660 3023 11161,
690 2945 841 3011 firmitate
864 2948 938 3028 spei,
969 2948 1076 3011 ardore
1099 2945 1241 3012 caritatis
1263 2963 1282 3015 6

185 3051 314 3132 spectat.
349 3066 422 3115 nam
445 3048 471 3114 si
495 3052 583 3114 16616
606 3050 706 3134 magis
729 3049 872 3132 diligitur
895 3049 1048 3131 dominns,
1072 3051 1188 3131 quanto
1211 3067 1282 3135 mag

185 3152 324 3218 ereditur
346 3156 378 3217 et
399 3152 597 3236 praedicatur
620 3152 714 3217 citios
737 3170 804 3217 6666
827 3157 991 3230 uenturus,
1021 3153 1122 3234 magis
1145 3171 1215 3216 enm
1241 3150 1282 3219 dil

183 3256 299 3339 gebant
332 3255 386 3339 qui
420 3258 486 3321 eius
519 3254 690 3320 aduentum
724 3256 786 3319 iam
820 3257 935 3320 instare
966 3255 1121 3334 dicebant,
1155 3273 1251 3338 quam
1280 3312 1282 3318 .

288 3469 302 3522 1
331 3467 361 3523 11
387 3468 457 3522 Tim.
484 3467 510 3533 4,
537 3469 555 3523 8
662 3468 679 3522 6
706 3467 807 3522 Matth.
836 3467 878 3534 13,
904 3465 939 3521 43
1043 3468 1060 3522 6
1088 3466 1132 3521 Es.
1159 3466 1201 3530 60,
1229 3469 1248 3521 ‘2

183 3552 263 3608 aas.
281 3553 324 3616 40,
343 3553 376 3608 31
480 3554 561 3610 1411
580 3553 752 3620 Τ16666.2,2

237 3748 378 3803 41666161
399 3749 462 3804 TV:
489 3750 583 3807 61666
681 3750 760 3804 6661
781 3748 843 3807 TV:
872 3750 959 3806 meio
1064 3752 1097 3806 10
1114 3767 1250 3820 pennoso

188 3835 219 3892 ll
238 3835 420 3892 nmbnlabnnt
439 3836 491 3894 To:
518 3837 659 3892 ambulant
680 3838 707 3892 V
817 3837 849 3891 12
867 3837 975 3907 pissime
996 3838 1022 3892 T
1029 3854 1073 3907 pr.
1178 3837 1282 3895 161166

185 3920 223 3975 V:
253 3921 319 3977 haec
337 3921 429 3977 dicens
448 3922 489 3980 To
590 3924 623 3980 16
640 3924 678 3979 616
699 3923 792 3980 TVo²:
819 3940 862 3978 666
880 3927 907 3979 6ι
1011 3925 1231 3992 1916616616
1250 3940 1282 3981 ro

182 4006 209 4061 Τ
314 4006 349 4062 60
372 4008 511 4065 crederem
534 4027 551 4064 o
653 4010 688 4064 22
711 4008 757 4065 ille
782 4010 845 4066 TV:
875 4026 926 4066 666.
949 4028 965 4066 6
1069 4010 1103 4064 23
1126 4009 1282 4082 proprinan

183 4092 209 4148 Τ
315 4109 363 4148 666
386 4094 666 4165 illo-propinquare]
685 4112 771 4153 ooao
872 4095 908 4150 26
928 4096 1084 4151 sinceritate
1101 4095 1232 4152 MTV‘o:
1261 4096 1282 4155 61

181 4184 277 4268 Setae
299 4214 334 4268 ν·
438 4214 473 4268 aa
490 4214 538 4281 qur
557 4214 622 4269 nr:
648 4215 781 4286 quibosv
885 4231 981 4286 quam.
1004 4216 1032 4270 6
