2760 4814
688 305 852 374 Eugippii

636 561 906 647 CCCXXXVII.

203 752 296 812 Qvou
318 754 496 799 sepulum
524 754 595 802 NON
622 756 644 799 A
672 752 788 800 MORTE
817 751 986 814 COMMVNI,
1015 752 1080 799 SED
1111 754 1137 799 A
1159 752 1335 801 SVPPLICIC

203 855 422 903 LIBEREN'I'VR
449 855 617 914 AETERNO,
644 856 666 901 Α
692 855 760 914 Qvo
783 855 891 903 urmes
914 853 1040 902 PRIMOS
1062 852 1225 905 Homnae
1248 856 1334 904 mem

204 958 269 1005 PER
291 958 416 1005 nomm
438 958 637 1006 SANGVINEII
660 957 857 1006 LIBERATOS.
896 957 939 1004 ΕΤ
962 957 1029 1004 CVR
1051 958 1167 1006 DAVID
1183 959 1334 1007 Pacem

203 1060 345 1109 uufflsso
374 1060 467 1119 QVOD
497 1060 585 1106 Dave
613 1061 678 1106 PER
707 1058 915 1106 PROPHETAIII
943 1059 1079 1106 EVERAT
1103 1061 1263 1110 mmnuvs
1283 1063 1359 1110 let-s

201 1163 386 1221 PLEVERIT,
413 1163 456 1208 ΕΤ
478 1163 523 1209 DE
543 1162 713 1209 MYS'I'ERIO
731 1163 863 1210 NVMERI
882 1162 1089 1210 VICENNALIS
1108 1164 1180 1210 VEL
1200 1166 1249 1212 DE
1266 1165 1290 1213 8.
1307 1166 1330 1212 S.

203 1267 335 1314 nmmum
354 1266 577 1325 Qveusnlon'u.
600 1267 646 1312 EX
665 1265 769 1313 Lmuo
788 1266 833 1312 DE
852 1263 1021 1312 BAP‘I'ISIIO
1040 1266 1283 1316 rnquolavee
1298 1269 1330 1325 II,

639 1369 750 1416 PROPE
768 1368 886 1416 FINEM.

126 1502 192 1570 373
244 1503 447 1587 Nequaquam
477 1506 574 1588 igiter
597 1506 629 1570 in
653 1511 752 1572 morte
774 1525 828 1590 pre
851 1506 974 1571 iustitia
995 1506 1163 1572 subeunda
1186 1509 1241 1574 uel
1262 1527 1329 1575 cen·

200 1607 370 1673 temnenda
395 1607 575 1674 laudaretur
606 1610 773 1693 praecipua
794 1608 956 1691 patientta,
980 1609 1007 1674 si
1030 1612 1145 1676 mortis
1167 1629 1233 1676 non
1256 1619 1356 1678 emate

200 1728 313 1796 magua
341 1711 536 1794 multumque
563 1715 642 1778 dura
669 1713 824 1778 molestia.
860 1713 947 1777 cuius
977 1713 1125 1777 timerem
1149 1715 1207 1796 qui
1236 1714 1327 1780 uincit

200 1834 237 1879 er
270 1813 341 1889 fide,
375 1833 520 1899 magnam
556 1815 654 1899 ipsius
687 1815 760 1880 fidei
795 1817 954 1898 comperet
986 1815 1121 1898 gloriam
1154 1818 1328 1901 iustamque

200 1918 385 1983 mercedem.
423 1918 504 1983 unde
532 1919 709 1984 mirandum
738 1936 797 1983 nen
828 1920 876 1984 est
897 1923 929 1985 et
950 1923 1085 1984 mertem
1109 1922 1252 2003 eorporis
1272 1939 1326 1987 neu

199 2020 294 2085 fuisse
321 2023 503 2086 euenturam
535 2021 662 2106 homini,
692 2022 753 2086 nisi
782 2021 1000 2104 praecessisset
1032 2024 1212 2105 peccatum,
1247 2025 1326 2090 euius

199 2122 296 2187 etiam
322 2124 395 2189 telis
419 2144 515 2207 poene
538 2129 785 2208 consequeretur,
809 2129 841 2190 et
863 2130 933 2208 pest
951 2125 1169 2191 remissionem
1184 2127 1353 2210 peccate-u

198 2245 269 2292 rum
292 2245 360 2292 sem
382 2228 525 2292 fidelibus
548 2230 682 2306 euenire,
706 2231 742 2293 ut
763 2229 796 2294 in
819 2228 884 2294 eius
908 2231 1018 2294 timore
1035 2230 1190 2295 uincendo
1207 2247 1324 2297 exerce·

199 2333 269 2395 atur
292 2330 441 2397 fortitudo
464 2331 611 2395 iustitiae.

239 2449 317 2515 Cere
347 2452 440 2533 enim,
464 2470 542 2533 quae
563 2452 664 2535 primo
687 2451 769 2516 facte
793 2454 850 2535 est,
873 2468 933 2517 non
956 2456 1023 2517 erat
1045 2469 1117 2518 euro
1139 2453 1323 2536 peccattin

197 2570 259 2634 que
295 2551 396 2619 noluit
429 2555 520 2620 home
551 2557 633 2620 inter
666 2555 793 2621 deficies
830 2556 964 2639 paradisi
999 2575 1125 2621 semare
1157 2557 1321 2622 iustitiam.

196 2659 276 2722 uude
313 2658 426 2721 statuit
463 2658 548 2738 dees,
584 2661 621 2722 ut
653 2664 721 2742 post
755 2661 820 2724 eius
855 2660 1020 2742 peccatum
1052 2662 1228 2744 propagata
1256 2677 1349 2726 caree

195 2759 317 2840 peccati
339 2759 378 2825 ed
401 2760 608 2844 recipiendam
632 2762 786 2828 iustitiam
810 2761 968 2828 laboribus
990 2763 1023 2826 et
1036 2762 1196 2828 molestiis
1213 2763 1320 2829 nitere-

195 2864 257 2929 tur.
299 2866 425 2947 propter
452 2865 509 2929 hec
538 2867 634 2930 etiam
662 2867 700 2930 de
730 2865 871 2948 paradiso
903 2865 1051 2931 dimissus
1080 2866 1188 2932 Adam
1217 2868 1318 2933 centn

196 2966 316 3031 Aedem
331 2967 495 3045 habitauit,
511 2969 603 3032 idest
618 2970 727 3033 centra
743 2969 846 3034 sedem
859 2969 1050 3051 deliciarum,
1066 2972 1101 3033 ut
1118 2969 1317 3053 signiticaret

196 3069 278 3149 qued
300 3069 332 3134 in
363 3070 531 3154 laboribus,
555 3071 609 3153 qui
631 3075 705 3135 suut
727 3071 847 3137 deliciis
870 3073 1024 3149 contrarii,
1049 3073 1220 3139 emdieuda
1242 3075 1315 3137 esset

195 3188 266 3235 caro
288 3174 417 3254 peceati,
440 3192 519 3255 quae
542 3174 574 3237 in
597 3173 714 3239 deliriis
737 3173 965 3239 oboedientiam
988 3192 1048 3238 nen
1063 3175 1217 3253 seruauit,
1233 3179 1342 3240 ante-s

194 3292 288 3356 quarn
311 3279 394 3340 esset
409 3295 479 3340 care
494 3277 625 3358 peccati.
661 3276 744 3340 sicut
765 3294 836 3359 ergo
864 3277 914 3343 illi
943 3277 1037 3361 prImi
1060 3278 1203 3346 homines
1218 3278 1316 3360 postea

193 3378 276 3443 iuste
300 3378 433 3444 uiuendo
452 3416 495 3426 —
517 3381 599 3444 unde
622 3382 733 3444 merite
748 3383 915 3445 creduntur
930 3399 984 3463 per
998 3381 1117 3446 domiui
1132 3381 1315 3466 sanguinem

193 3482 232 3545 ab
256 3484 394 3547 extreme
418 3482 569 3566 supplicio
586 3482 713 3548 liberati
729 3519 770 3532 -
785 3501 847 3547 non
863 3485 969 3549 temen
984 3484 1040 3549 ille
1054 3485 1124 3550 uita
1139 3485 1312 3550 mereamnt

193 3585 233 3650 ad
255 3585 435 3668 paradisum
459 3588 612 3652 reuocari:
642 3586 689 3651 sie
713 3592 744 3652 et
767 3605 837 3652 cero
859 3587 987 3669 peceati,
1013 3587 1107 3653 etiam
1131 3589 1160 3653 si
1181 3585 1312 3652 remIssie

194 3689 331 3769 peccatis
359 3688 450 3753 homo
477 3689 510 3752 iu
532 3707 568 3754 ee
590 3691 671 3753 iuste
693 3690 815 3767 uixerit,
838 3708 900 3754 nen
922 3691 1069 3756 continue
1092 3693 1230 3757 meretur
1251 3707 1338 3756 eam»

192 3795 327 3856 mortem
350 3810 409 3856 nen
432 3794 562 3875 perpeti,
586 3810 679 3875 quam
702 3792 798 3858 traxit
820 3793 858 3858 de
880 3794 1050 3877 propagine
1073 3795 1208 3875 peceati.

293 3975 311 4028 4
328 3976 362 4030 ef.
381 3977 410 4032 11
429 3978 492 4045 seg.
513 3979 553 4045 re,
574 3980 605 4033 ee

244 4150 257 4204 1
282 4163 342 4216 cap.
364 4148 559 4204 CCCXXXVII
583 4152 658 4205 MV:
690 4166 741 4206 cm.
767 4151 823 4207 GP
923 4151 957 4205 28
980 4152 1030 4206 illa
1053 4151 1087 4207 V:
1118 4153 1147 4206 ie
1167 4152 1215 4207 illa
1231 4167 1249 4204 a

193 4234 228 4288 30
244 4236 361 4288 meretur
378 4249 409 4287 a:
439 4251 571 4321 meremur
593 4236 620 4292 V
