2760 4814
201 346 368 420 Excerpta
386 367 422 405 er
439 366 507 421 opp.
526 350 552 405 S.
571 351 760 421 Augustini
779 351 927 409 CCCXXX.
945 350 1109 410 CCCXXXI.
1139 355 1224 423 1053

87 554 152 605 non
174 557 324 623 quaerens
349 539 542 607 extrinsecus
565 540 703 607 nisibilia
726 541 871 625 quamuis
894 543 1050 628 caelestia,
1073 563 1152 628 quac
1166 547 1225 610 ant

87 660 154 709 non
182 643 388 709 inueniuntur
417 650 471 711 aut
501 664 574 711 cum
603 662 716 731 magno
738 647 845 713 labore
867 646 985 713 frustra
1006 647 1221 730 inueniuntur,

87 744 152 811 nisi
174 763 211 810 ex
234 764 340 813 eorum
364 766 443 831 quae
463 748 539 814 foris
562 755 636 814 sunt
651 749 886 832 pulchritudine
903 750 1082 817 inueniatur
1096 751 1221 831 artifex,

87 850 144 932 qui
174 850 260 917 intus
283 852 332 917 est
353 854 385 917 et
407 852 494 934 prius
516 854 548 917 in
572 853 676 919 anima
697 854 881 937 superiores,
904 854 1016 921 deinde
1040 855 1073 919 in
1096 872 1225 939 corpore
1334 882 1337 889 ¹

87 952 252 1020 inferiores
275 954 524 1037 pulchritudines
548 958 704 1037 operatur.

132 1056 294 1123 Aduersus
333 1076 384 1122 eos
421 1061 526 1124 autem
561 1058 615 1141 qui
644 1077 726 1124 nunc
759 1058 960 1142 appellantur
993 1060 1222 1136 mathematici,

87 1160 229 1226 uolentes
258 1164 347 1226 actus
375 1163 497 1228 nostros
526 1161 705 1246 corporibus
737 1162 923 1229 caelestibus
951 1164 1082 1231 subdere
1111 1165 1144 1229 ot
1166 1182 1224 1229 nos

87 1268 222 1332 uendere
245 1265 346 1330 stellis
369 1264 535 1348 ipsumque
558 1266 705 1347 pretium,
728 1283 787 1348 quo
811 1265 967 1347 uenditur,
991 1288 1009 1333 a
1031 1267 1121 1333 nobis
1140 1268 1223 1331 acci-

87 1388 170 1454 pere,
192 1369 270 1435 nihil
295 1369 399 1435 uerius
422 1370 455 1434 et
477 1369 603 1435 breuius
630 1370 693 1434 dici
714 1370 817 1452 potest
839 1387 934 1450 qnam
950 1390 1000 1436 eos
1017 1390 1078 1437 non
1093 1387 1236 1460 respon-A

87 1474 162 1539 dere
184 1473 245 1539 nisi
267 1472 403 1555 acceptis
426 1470 731 1556 constellationibus3
753 1471 788 1535 in
809 1472 1100 1539 constellationibus
1116 1475 1223 1539 autern

87 1578 193 1643 notari
221 1580 332 1660 partes,
361 1577 468 1659 quales
498 1577 655 1642 trecentas
683 1576 739 1642 LX
766 1575 877 1642 dicunt
899 1577 1013 1643 babere
1035 1577 1222 1661 signiferum

87 1680 257 1757 circulum
287 1682 408 1744 motum
442 1682 548 1743 autem
578 1679 654 1744 caeli
689 1699 744 1761 per
771 1696 867 1744 unam
889 1681 999 1746 horam
1020 1681 1086 1745 lieri
1107 1681 1142 1746 in
1164 1680 1223 1746 XV

87 1784 241 1869 partibus,
271 1786 306 1848 ιιι
333 1784 424 1847 tanta
451 1800 540 1848 mora
568 1781 627 1847 XV
659 1786 764 1865 partes
787 1782 936 1863 oriantur,
960 1785 1114 1866 quantum
1136 1788 1225 1849 tenet

88 1908 153 1954 una
173 1887 265 1971 hora3
288 1904 367 1970 qnae
388 1887 494 1970 partes
517 1885 660 1969 singulae
681 1886 737 1949 LX
759 1886 900 1953 minutas
924 1887 1039 1953 habere
1062 1887 1222 1952 dicuntur.

87 1990 227 2056 minutas
250 1993 357 2055 autem
379 1989 575 2055 minutarum
597 1989 662 2053 iam
684 1990 717 2053 in
733 1989 1036 2072 constellationibus,
1054 1992 1091 2056 de
1108 1988 1221 2072 quibus

87 2090 198 2157 futura
225 2093 399 2174 praedicere
427 2092 602 2175 sedicunt,
626 2111 689 2157 non
710 2090 883 2159 inueniunt.
924 2095 1091 2174 conceptus
1115 2095 1224 2157 autern

87 2194 286 2280 geminorum
302 2195 445 2277 qnoniam
468 2212 529 2259 nno
545 2194 710 2260 concubitu
726 2193 860 2258 efficitur
874 2196 1065 2261 testantibus
1079 2194 1220 2273 medicis,

88 2298 257 2382 disciplina
285 2317 415 2381 quorum
445 2297 546 2362 multo
584 2300 632 2362 est
661 2299 775 2362 certior
805 2301 900 2380 alque
926 2297 1131 2377 manifestior,
1156 2303 1223 2363 tarn

87 2420 186 2487 paruo
203 2406 317 2484 puncto
333 2402 484 2482 temporis
500 2401 664 2485 contingit,
680 2401 764 2466 utin
781 2402 857 2466 duas
875 2401 1015 2468 minutas
1028 2400 1224 2467 minutarum

88 2523 153 2570 non
176 2503 333 2570 tendatur.
371 2505 454 2570 unde
477 2523 550 2589 ergo
573 2505 604 2569 in
620 2503 753 2589 geminis
768 2505 860 2571 tanta
875 2506 1044 2571 diuersitas
1061 2504 1225 2571 actionum

88 2610 122 2674 et
145 2613 314 2673 euentunm
337 2610 370 2672 et
390 2607 604 2682 uoluntatnm,
628 2626 703 2691 quos
725 2626 850 2674 necesse
874 2610 922 2674 est
938 2610 1068 2675 eandem
1085 2608 1223 2674 constel-

87 2711 241 2779 lationem
270 2712 535 2794 conceptionalem
565 2711 678 2776 habere
705 2715 736 2776 et
766 2712 928 2777 amborum
958 2731 1056 2779 unam
1085 2712 1222 2778 constel-

87 2815 240 2881 lationem
283 2814 352 2880 dari
395 2814 620 2880 mathematico
664 2817 825 2898 umquam
863 2817 954 2882 unius
993 2816 1152 2881 hominis?
1196 2817 1224 2880 si

89 2920 198 2985 autern
226 2917 267 2985 ad
295 2916 448 3003 genitales
479 2917 730 2983 constellationes
763 2937 796 2985 se
823 2922 933 2985 tenere
957 2919 1123 2995 noluerint,
1146 2918 1225 3003 ipsis

88 3021 227 3107 geminis
249 3022 463 3101 excluduntur,
484 3024 536 3104 qui
553 3022 737 3105 plerumque
751 3023 800 3088 ita
814 3026 885 3105 post
901 3024 1034 3088 inuicem
1050 3020 1225 3087 funduntur

89 3145 128 3192 ex
161 3125 259 3205 utero,
294 3127 330 3190 ut
358 3124 417 3190 hoc
450 3125 598 3208 temporis
631 3124 836 3190 interuallum
870 3143 979 3190 rursus
1014 3128 1053 3190 ad
1086 3124 1226 3190 minutas

88 3229 288 3295 minutarum
321 3229 506 3305 reuertatur,
541 3247 618 3311 ques
652 3230 830 3295 tractandas
865 3228 897 3294 in
932 3228 1226 3294 constellationibus

90 3352 264 3417 numquam
291 3333 451 3416 accipiunt
481 3351 537 3397 nec
565 3332 697 3415 possunt
723 3334 870 3399 tractare.
910 3351 981 3398 cum
996 3335 1101 3398 autem
1123 3329 1226 3394 multa

89 3454 167 3502 uera
190 3454 242 3501 eos
264 3435 376 3501 dixisse
398 3436 606 3519 praedicatur,
630 3438 698 3503 ideo
721 3436 768 3516 lit,
792 3438 865 3519 quia
884 3455 946 3502 non
961 3439 1067 3501 tenent
1083 3433 1225 3499 homines

90 3540 245 3604 memoria
273 3538 430 3605 falsitates
461 3559 640 3623 erroresque
669 3539 813 3617 illorum,
843 3541 897 3604 sed
927 3557 988 3604 non
1016 3537 1132 3605 intenti
1161 3536 1225 3602 nisi

90 3642 125 3707 in
156 3661 192 3708 ea
214 3660 292 3726 quae
313 3642 442 3709 illorum
465 3645 622 3727 responsis
645 3644 848 3728 prouenerint
871 3661 1008 3727 eaquae
1031 3661 1092 3707 non
1114 3658 1225 3723 prone-

91 3744 197 3813 nerint
225 3746 451 3812 obliuiscuntur
482 3750 514 3812 et
544 3766 580 3813 ea
611 3750 857 3813 commemorant
887 3765 966 3828 quae
987 3764 1048 3811 non
1070 3747 1136 3810 arte
1159 3743 1225 3825 illa,

144 3950 159 4002 1
187 3948 349 4003 extrinsecus
375 3966 407 4003 o:
442 3949 602 4004 intrinsecus
629 3950 691 4006 MV
799 3953 817 4005 4
843 3950 989 4019 superiores
1016 3966 1046 4002 a:
1082 3948 1228 4018 superioris

89 4034 159 4089 MV
247 4036 264 4089 5
282 4035 418 4090 inferiores
430 4036 644 4104 pulchritudines
663 4053 695 4090 o:
722 4036 855 4091 inferioris
867 4036 1077 4105 pulchritudinis
1095 4033 1162 4089 MV

89 4124 107 4177 6
135 4121 339 4177 mathemathici
371 4122 397 4176 V
503 4125 520 4178 8
545 4124 658 4177 uendere
686 4124 732 4178 V²:
763 4123 874 4178 uindere
901 4123 936 4177 V¹
1039 4123 1167 4176 uenditor
1189 4119 1225 4174 V:

89 4208 235 4265 uendimur
257 4224 275 4261 a
376 4208 411 4261 23
435 4208 644 4264 mathemathico
671 4208 697 4263 V
797 4210 832 4264 32
855 4225 886 4263 ea
903 4210 1111 4265 commemorant
1135 4224 1165 4261 a:
1196 4222 1228 4260 eo

87 4310 161 4369 qnae
179 4298 388 4350 commemorent
405 4294 469 4349 MV
