2760 4814
271 337 434 406 Excerpta
453 353 486 390 ex
505 354 573 406 opp.
593 338 618 392 S.
638 338 827 408 Augustini
851 336 988 393 ccxmr.
1129 339 1194 409 689

64 527 178 593 alieno.
215 525 282 590 fieri
311 528 416 590 autem
438 529 550 608 potest,
573 528 610 591 ut
633 526 747 608 aliquis
769 528 875 609 uigeat
896 526 932 591 in
953 526 1089 592 radicem
1113 528 1191 593 cari-

64 631 144 697 tatio
167 632 200 695 et
229 632 261 695 in
283 647 343 712 quo
365 628 538 712 Cyprianus
569 629 661 695 aliter
691 632 795 712 sapuit
823 631 993 696 rectissime
1016 631 1129 713 sapiat,
1159 639 1192 695 st

65 739 175 800 tamen
204 736 236 797 in
266 731 419 816 Cypriano
448 750 540 814 quam
570 735 602 796 iu
633 733 692 797 isto
721 733 813 815 plura
842 733 974 800 iocunda
1002 732 1068 799 sint
1097 738 1128 798 et
1158 735 1189 798 in

64 838 126 903 isto
148 857 239 920 quam
264 837 297 900 iu
313 834 466 918 Cypriauo
489 837 581 919 plura
602 837 762 918 purganda
779 837 851 901 sint.
882 856 943 902 non
960 837 1062 901 solum
1083 836 1191 918 itaque

40 941 164 1008 emulos
187 939 354 1006 catholicos
377 939 568 1004 nullomodo
585 957 810 1022 comparamus,
832 940 886 1004 sed
902 959 958 1005 nec
980 939 1075 1005 bonos
1098 939 1191 1004 facile

64 1062 270 1126 coaequamus
299 1043 390 1108 beato
412 1040 572 1126 cypriano,
603 1062 696 1125 quem
726 1045 806 1109 inter
835 1062 921 1109 raros
948 1045 979 1107 et
1001 1062 1116 1126 paucos
1138 1062 1189 1108 er·

64 1147 309 1215 callentissimus
332 1148 452 1230 gratiae
475 1148 556 1211 uiros
572 1154 714 1212 numerat
735 1148 787 1229 pia
802 1154 902 1212 mator
917 1147 1056 1223 ecclesia,
1080 1164 1191 1229 quam-

64 1253 115 1317 nis
142 1250 197 1315 isti
219 1251 251 1315 et
274 1249 357 1331 apud
380 1249 550 1315 haereticos
576 1255 746 1333 agnoscant
767 1250 959 1333 baptismum
983 1251 1110 1327 Christi,
1140 1249 1189 1316 illi

65 1359 174 1420 autem
199 1354 292 1419 aliter
320 1354 424 1419 uisum
447 1354 499 1432 sit,
530 1357 566 1419 ut
594 1373 648 1437 per
670 1374 742 1420 eum
765 1357 867 1419 minus
890 1354 1010 1436 aliquid
1032 1353 1189 1419 uidentem

29 1488 55 1530 ιο
64 1460 96 1524 et
119 1459 152 1523 in
173 1457 295 1523 unitate
309 1455 485 1522 firmissime
500 1459 733 1540 permanentem
747 1456 947 1523 manifestius
962 1458 1188 1522 demonstrare·

64 1565 117 1628 tur
147 1562 318 1638 haereticis,
350 1579 441 1643 quam
465 1560 616 1643 sacrilego
650 1562 764 1627 scelere
798 1566 993 1644 rumperetur
1029 1558 1189 1625 uinculum

63 1668 160 1748 pacis.
191 1682 289 1746 neque
311 1667 395 1729 enim
413 1663 570 1746 pharisaei
594 1666 686 1746 caeci,
709 1665 855 1746 quamuis
870 1666 1006 1731 diceutes
1024 1664 1189 1746 aliquando

63 1769 145 1851 quod
168 1767 236 1833 fieri
259 1767 399 1845 debebat,
423 1768 623 1849 comparandi
645 1771 734 1833 erant
756 1765 895 1849 apostolo
917 1768 1021 1844 Petro,
1045 1767 1188 1849 quamuis

63 1872 183 1938 dicenti
212 1870 377 1954 aliquando
407 1869 487 1952 qnod
515 1869 583 1934 fieri
613 1889 673 1935 non
696 1870 840 1937 debebat.
877 1890 937 1936 non
960 1871 1062 1936 solum
1084 1875 1188 1935 autom

29 2007 55 2047 η
63 1975 195 2041 istorum
226 1974 357 2039 ariditas
387 1973 475 2038 illius
502 1974 659 2038 uiriditati
680 1993 737 2039 non
761 1974 947 2039 conferenda
968 1978 1025 2050 est,
1055 1974 1109 2038 sed
1132 1993 1189 2039 nec

62 2079 197 2144 aliorum
220 2077 340 2142 fructus
362 2077 449 2141 illius
473 2079 609 2141 ubertati
633 2077 851 2160 adaequandus
878 2078 935 2143 est
973 2078 1083 2161 gentes
1105 2077 1188 2141 enim
1294 2124 1296 2129 -

63 2182 220 2246 iudaizare
249 2199 339 2245 nemo
369 2200 452 2246 uuna
482 2180 575 2264 cogit,
599 2200 656 2245 noo
684 2182 751 2245 idco
781 2185 886 2245 tamen
917 2180 1082 2262 quisquam
1105 2198 1187 2244 nuno

63 2287 96 2350 in
129 2284 268 2361 ecelesia,
302 2283 532 2365 quantumlibet
562 2283 738 2366 profecerit,
770 2285 856 2348 Petri
892 2284 1082 2366 apostolatui
1114 2302 1186 2347 con·

63 2389 207 2453 ferendus
231 2392 289 2451 est.
320 2390 507 2470 quapropter
522 2388 649 2453 reddens
666 2388 803 2454 debitam
819 2388 1025 2453 reuerentiam
1041 2388 1185 2470 dignum·

28 2510 124 2573 „que
144 2491 302 2567 honorem,
332 2494 484 2573 quantum
507 2489 604 2567 ualeo,
635 2493 812 2571 persoluene
837 2490 969 2573 pacifico
991 2491 1134 2574 episcopo
1156 2494 1189 2555 et

61 2594 199 2679 glorioso
222 2595 353 2678 martyri
370 2593 521 2678 cypriano
545 2595 642 2659 audeo
665 2601 771 2660 tamen
786 2595 886 2659 dicere
908 2595 1001 2660 aliter
1022 2612 1094 2660 eum
1117 2614 1187 2660 sen·

62 2700 141 2763 sisse
162 2702 200 2764 de
222 2698 427 2764 schismaticis
458 2699 509 2764 uei
538 2698 703 2765 haereticis
726 2698 928 2780 baptizandis,
959 2717 1052 2781 quam
1079 2701 1188 2779 postea

63 2801 180 2867 ueritas
210 2802 354 2883 prodidit,
384 2820 445 2866 non
467 2820 502 2865 er
524 2820 605 2879 mea,
634 2800 688 2866 sod
709 2820 744 2866 er
773 2803 925 2866 uniuersa·
945 2801 1094 2867 ecclesiae
1115 2819 1187 2864 seu·

61 2906 166 2970 tentia
198 2903 331 2986 plenarii
364 2903 487 2969 concilii
521 2905 706 2969 auctoritate
740 2904 884 2970 roborata
917 2908 1011 2988 atque
1050 2904 1188 2981 firmata,

27 3009 145 3082 „sicut
175 3026 325 3072 uenerans
355 3027 410 3091 pro
436 3006 485 3072 eui
507 3008 617 3072 merito
639 3009 778 3084 Petrum,
808 3010 946 3090 primum
976 3007 1187 3091 apostolorum

63 3115 96 3176 et
125 3111 408 3176 eminentissimum
438 3117 619 3195 martyrem,
649 3111 746 3177 audeo
776 3119 882 3177 tamen
912 3111 1011 3177 dicere
1033 3130 1092 3176 non
1116 3129 1186 3174 euru

114 3314 276 3418 ludgeatA
367 3349 567 3404 bissonudaV
656 3351 721 3420 sint]
735 3349 879 3404 suutA¹V
903 3350 990 3405 sitP¹
1081 3349 1189 3419 dplura

59 3486 140 3538 quarn
164 3469 194 3521 in
216 3468 341 3537 cypriano
364 3470 392 3522 A
506 3468 642 3538 purganda
663 3471 691 3524 A
804 3442 843 3523 si⁸t
861 3470 889 3538 (n
908 3468 973 3525 add.
992 3486 1025 3524 m.
1044 3472 1074 3534 2)
1093 3471 1120 3524 P

59 3556 282 3625 5cumpuramus
299 3555 356 3609 AP
448 3555 625 3624 damnamus
642 3556 670 3609 A
758 3571 858 3624 paucus
875 3556 903 3609 A
997 3555 1188 3610 dhaeredicus

59 3643 89 3697 A
193 3644 341 3709 agnoscunt
362 3640 398 3693 V:
429 3645 590 3710 cognoscunt
607 3641 678 3696 APo
780 3641 863 3712 asie]
881 3656 917 3696 cu
933 3644 974 3696 est
993 3657 1061 3697 corr.
1079 3643 1119 3696 A¹

61 3762 96 3816 10
120 3761 255 3815 aninum
277 3761 304 3814 V
406 3761 439 3815 re
465 3760 561 3815 renen
588 3761 617 3815 P
718 3761 751 3815 14
777 3727 882 3816 meniu
906 3764 930 3827 (t
946 3778 965 3816 a
981 3765 1064 3826 aa)
1092 3763 1119 3816 A

60 3849 93 3903 15
116 3864 169 3903 non
193 3846 348 3901 conferenda
371 3849 411 3901 A:
440 3847 598 3902 conferenda
621 3863 672 3900 non
701 3847 770 3902 GPo
799 3848 956 3901 conferenda
974 3848 997 3901 V
1013 3848 1059 3915 (cf.
1073 3864 1104 3916 p.
1123 3851 1187 3914 618,

57 3937 102 3997 11)
191 3933 223 3986 16
240 3932 354 3986 aliorum
373 3935 401 3999 (o
419 3948 453 3986 cx
470 3949 486 3985 a
503 3947 583 3998 corr.)
603 3933 630 3986 P
714 3933 915 4002 adaequandum
934 3933 988 3989 O¹o
1076 3934 1107 3987 18
1126 3949 1186 4001 pro-

56 4019 145 4074 ficerit
172 4017 256 4074 P¹Vo
358 4024 475 4087 petros
576 4017 750 4088 apostolatui]
776 4020 935 4088 apoutoloo
1038 4020 1071 4074 19
1097 4019 1188 4074 debita

58 4106 88 4160 A
199 4102 233 4156 22
259 4104 415 4157 scismaticis
442 4104 488 4157 Po
599 4103 633 4158 23
660 4104 786 4158 uniuersa
811 4103 847 4157 V:
882 4106 1021 4159 uniuersae
1048 4106 1119 4159 APo

57 4191 94 4245 aa
111 4174 235 4255 enodem
255 4189 476 4256 (nocueris
567 4190 973 4258 camerescensem?
1068 4192 1101 4245 aa
1119 4207 1189 4246 eme.

56 4275 246 4331 acutissimum
265 4276 303 4330 P¹
407 4282 554 4345 martyrum
574 4275 697 4330 AP¹V¹u

111 4377 204 4433 v1111.
1051 4380 1086 4432 44
