2760 4814
258 325 423 394 Exesrpta
440 340 476 379 ox
494 339 564 394 opp.
584 326 611 379 S.
628 325 816 393 Augustini
839 322 987 379 ccxxm.
1126 324 1188 390 717

99 515 181 584 (lum
211 514 309 599 igitur
339 516 402 582 tria
423 517 488 580 sint
509 534 614 580 rorum
639 532 763 598 genera,
795 531 875 596 quas
903 515 1060 598 uidentur,
1090 534 1189 580 unum

57 618 277 700 corporalium,
310 619 392 684 sicut
424 617 483 683 hoc
517 616 638 682 eaelum
668 621 700 682 at
730 624 814 682 tarra
840 617 873 682 et
894 617 1047 701 quidquid
1078 617 1109 683 in
1144 620 1189 684 eis

57 739 223 806 corporeus
244 739 353 787 senous
375 720 474 787 cernit
492 724 525 785 et
547 720 659 801 tangit,
684 719 821 786 altorum
842 719 948 785 simile
967 721 1189 803 corporalibus,

57 825 143 891 siout
164 827 240 891 sunt
257 842 388 906 eaquae
409 824 524 906 spiritu
540 823 679 905 cogitata
700 822 923 906 imaginamur,
945 824 1013 888 siue
1029 825 1190 890 recordata

31 930 110 996 anal
131 930 240 997 oblata
262 930 351 1013 quasi
373 946 502 1012 corpora
517 933 715 1005 contuemur3
739 929 822 994 undo
837 933 912 994 sunt
928 928 1026 993 ctiam
1042 929 1191 1010 uisionss,

57 1051 137 1117 qnae
170 1035 221 1100 uel
254 1034 287 1099 in
317 1035 435 1099 somnis
465 1033 517 1099 uel
546 1035 579 1098 in
609 1033 713 1116 aliquo
743 1033 858 1098 mentis
881 1050 1004 1097 excessu
1028 1031 1078 1096 his
1101 1034 1190 1115 quasi

57 1136 214 1204 localibus
246 1135 479 1220 quantitatibus
513 1137 721 1220 ingeruntur5
754 1136 888 1201 tortimn
917 1136 956 1200 ab
986 1139 1118 1217 utroquo
1140 1134 1189 1200 di·

57 1242 206 1316 soretum,
235 1241 317 1323 quod
347 1258 447 1322 nequa
476 1239 520 1305 sit
549 1257 660 1321 eorpus
691 1256 790 1321 noque
816 1237 932 1304 habeat
953 1238 1052 1304 ullam
1074 1237 1189 1303 simili·

58 1344 202 1411 tudinem
232 1344 378 1426 corporis,
408 1343 501 1409 sicuti
530 1344 579 1409 cst
608 1342 772 1426 sapientia,
802 1361 880 1426 quae
903 1344 1007 1416 mente
1029 1343 1190 1409 intellecta

18 1470 48 1511 so
58 1448 249 1531 conspicitur
276 1449 310 1513 et
338 1447 372 1512 in
403 1447 491 1512 ouius
521 1448 592 1512 luco
622 1448 659 1513 do
688 1445 738 1510 his
767 1445 910 1512 omnibus
932 1445 1085 1510 ueraciter
1107 1446 1189 1511 indi-

58 1553 165 1617 catur:
187 1551 222 1616 in
244 1570 303 1635 quo
326 1551 459 1616 istorum
481 1569 594 1634 genere
616 1549 805 1616 erodendum
827 1551 876 1614 ast
891 1567 956 1614 esso
977 1551 1073 1614 istam
1095 1568 1189 1633 quarn

58 1673 150 1722 nosse
171 1654 316 1721 uolumus
338 1655 540 1720 trinitatem?
567 1652 705 1736 profecto
721 1657 776 1718 aut
798 1653 832 1718 in
848 1654 951 1735 aliquo
966 1652 1023 1717 aut
1044 1653 1078 1718 in
1094 1654 1191 1718 nullo.

58 1757 86 1823 si
116 1758 150 1823 in
179 1758 295 1840 aliquo,
326 1776 361 1823 co
390 1758 499 1840 ntique
529 1756 614 1838 quod
643 1760 692 1821 est
721 1756 793 1821 aliis
824 1756 943 1822 duobus
969 1756 1190 1838 praestantius,

58 1861 141 1928 dont
163 1862 212 1925 eat
233 1862 397 1942 sapientia.
434 1863 515 1944 quod
539 1861 568 1925 si
591 1860 707 1925 donum
722 1862 789 1925 cius
811 1860 844 1924 in
868 1859 957 1925 nobis
973 1861 1022 1924 ost
1036 1862 1069 1924 et
1084 1860 1190 1926 minuo

19 1966 107 2030 usust
135 1982 232 2046 quam
260 1964 317 2029 illa
346 1983 469 2030 summa
497 1969 530 2029 et
559 1963 823 2030 incommutabilia
853 1981 932 2046 quae
962 1963 1013 2029 dei
1035 1965 1191 2046 sapientia

58 2067 182 2155 dicitnr,
212 2067 288 2150 puto
318 2068 400 2150 quod
430 2085 492 2133 non
521 2067 671 2133 debemus
701 2067 780 2133 dono
810 2084 866 2132 suo
896 2067 1026 2132 inferius
1050 2069 1189 2151 cogitare

58 2172 239 2237 donantem.
276 2169 304 2234 si
332 2174 440 2235 autem
461 2170 575 2253 aliquis
596 2169 741 2253 splendor
764 2169 830 2235 eius
851 2169 886 2234 in
909 2169 998 2235 nobis
1021 2174 1080 2248 est,
1111 2189 1190 2253 quaa

60 2278 166 2340 nostra
196 2275 352 2357 sapientia
381 2274 505 2357 dicitur,
537 2276 824 2357 quantumcumque
854 2273 921 2338 eius
950 2293 1006 2356 por
1027 2272 1190 2356 speculum

59 2379 93 2443 et
114 2376 148 2442 in
170 2378 347 2461 aenigmate
376 2395 486 2460 capere
515 2395 689 2460 possumus,
720 2378 842 2458 oportet
870 2394 940 2441 eam
963 2377 996 2442 et
1025 2376 1066 2441 ab
1088 2376 1191 2441 omni·

29 2481 119 2546 obus
143 2480 323 2563 corporibus
346 2485 377 2546 at
393 2480 432 2545 ab
454 2480 600 2545 omnibus
623 2497 786 2564 corporum
809 2480 1069 2547 similitudinibus
1092 2498 1192 2546 secor·

61 2602 183 2650 namus.

102 2685 137 2754 Si
167 2687 275 2752 autom
308 2688 341 2751 in
371 2686 458 2751 nullo
491 2686 625 2751 istorum
655 2704 767 2770 gonaro
796 2705 864 2751 asse
892 2687 1032 2769 putanda
1058 2690 1107 2752 cst
1128 2686 1192 2753 ista

61 2788 188 2855 trinitas
210 2793 242 2855 at
263 2789 309 2855 sic
331 2791 378 2855 est
406 2788 589 2867 inuisibilis,
621 2795 657 2854 ut
686 2807 743 2855 neo
769 2794 874 2855 monto
904 2789 1059 2868 uideatur,
1090 2790 1190 2857 multo

61 2899 163 2962 minus
186 2895 223 2959 do
246 2894 303 2959 illa
323 2893 417 2959 huius
439 2892 524 2958 modi
546 2893 723 2975 opinionem
746 2892 860 2959 habore
882 2893 1039 2972 debemus,
1063 2897 1098 2958 ut
1120 2913 1190 2959 eam

26 3000 152 3064 *rebus
174 2997 386 3080 corporalibus
410 2996 461 3061 uel
485 2995 691 3079 corporalium
714 3015 820 3063 rorum
842 2997 1032 3080 imaginibus
1055 2996 1190 3063 similem

63 3119 126 3166 osse
160 3099 336 3166 credamus.
375 3118 434 3164 non
469 3099 553 3163 enim
587 3115 715 3181 corpora
746 3099 979 3181 pulchritudino
1011 3099 1101 3164 molis
1136 3102 1191 3164 aut

64 3202 280 3287 magnitudine
309 3204 445 3284 superat,
477 3201 531 3267 sed
565 3200 876 3268 dissimilitudinem
906 3202 1112 3286 disparilitate
1135 3222 1191 3283 nar

112 3476 208 3545 thoe]
226 3475 298 3530 hunc
316 3476 359 3530 Po
450 3479 584 3530 torramo
679 3475 805 3530 dsimclc
824 3476 851 3530 A
945 3476 1076 3546 dopirlto
1095 3478 1122 3532 A

64 3562 212 3650 minamur
230 3601 312 3658 (con.
330 3613 365 3649 m.
382 3599 414 3662 2)
438 3597 466 3649 A
568 3596 700 3652 noui-u
722 3595 846 3651 Aoum
875 3594 963 3651 oblitu
987 3596 1025 3651 θ’
1128 3613 1190 3651 oon·

64 3685 206 3737 tuanturo
310 3682 496 3751 'lloqualibus
519 3682 545 3736 V
643 3681 857 3737 8similitudino
873 3682 901 3736 A
1005 3683 1039 3736 10
1063 3684 1191 3752 conspici·

64 3790 178 3841 unturo
282 3786 315 3840 1³
338 3786 362 3840 si
379 3785 448 3842 AVz
476 3802 562 3841 oneo
666 3785 700 3840 15
721 3770 853 3870 summam
872 3793 910 3852 (nr
928 3786 1123 3854 del.m.2)A

65 3889 96 3944 16
112 3894 178 3960 puto
196 3889 345 3959 qnod-18
361 3889 462 3944 dicitur
479 3889 593 3945 AGPo:
620 3907 670 3944 om.
687 3889 753 3945 MV
844 3890 877 3944 18
895 3894 1078 3960 quantumque
1095 3893 1123 3945 A

65 3975 97 4031 19
112 3975 152 4047 in]
170 3991 254 4031 oono
349 3976 485 4044 enigmate
502 3977 567 4031 libri
664 3975 699 4030 20
716 3975 868 4045 corporibus
887 3981 916 4029 ct
933 3976 968 4031 ab
987 3977 1120 4048 omnibus]
1140 3995 1191 4034 om.

64 4077 81 4116 o
157 4060 598 4132 22pntundaPVo:paoandaA
677 4060 1022 4118 24doillaAPozom.V
1092 4064 1192 4119 utAo:

65 4147 132 4216 quod
150 4146 177 4201 V
275 4147 343 4217 earn]
361 4163 392 4201 ca
410 4149 437 4203 A
539 4149 574 4203 25
597 4148 685 4203 similo
708 4150 736 4204 A
838 4149 873 4203 26
892 4149 1095 4218 pulchritudino
1113 4149 1191 4203 molis

65 4251 119 4306 Ao:
146 4251 373 4322 pulchritudinem
390 4252 515 4307 oculisV
603 4252 636 4306 27
655 4237 870 4338 magnitudinem
889 4257 926 4318 (m
944 4251 996 4306 del.
1008 4268 1041 4305 m.
1055 4251 1124 4316 llV
