2760 4814
207 277 271 344 598
692 273 855 343 nugrpprr

209 465 381 548 sapientiae
410 464 512 529 ueluti
541 463 626 530 ouelo
657 464 852 546 apertissimo
876 461 1001 528 fruitur.
1039 464 1144 526 cunero
1171 479 1246 545 ergo
1269 463 1340 541 iste,

210 588 248 633 ne
277 568 311 632 in
341 568 391 634 die
420 567 633 634 tribulationis
663 587 770 633 rursus
798 567 864 631 uita
887 566 1015 649 carnali,
1051 582 1128 648 quae
1150 584 1206 648 per
1229 584 1339 632 sensns

209 672 344 754 eorporis
381 672 541 754 pasoitur,
586 671 757 737 delectatus
795 671 833 736 ed
871 687 946 735 uasa
975 669 1067 734 buius
1090 668 1175 734 modi
1198 669 1338 735 tollenda

209 775 385 841 descendat.

252 896 332 976 Quid
363 900 411 961 eet
440 896 522 978 quod
550 896 669 960 dictum
702 899 765 960 est:
799 894 994 959 similiter
1016 896 1054 959 et
1083 897 1146 976 qui
1180 894 1220 960 in
1243 911 1364 979 egros

210 1001 349 1079 tuerit,
380 1000 584 1065 similiter
613 1017 686 1064 non
716 1001 854 1065 redeat
887 1002 1017 1064 retro?
1055 999 1109 1082 qui
1132 1000 1280 1079 operatur
1302 997 1334 1060 in

209 1103 340 1169 eeclesia
373 1105 405 1168 et
438 1105 520 1169 siout
552 1102 670 1168 Paulus
703 1107 735 1167 et
769 1102 882 1186 Apollo
919 1103 1045 1186 plantat
1079 1105 1111 1167 et
1143 1102 1239 1185 riget,
1276 1119 1333 1165 non

210 1206 358 1290 respiciat
380 1225 469 1288 spem
492 1207 692 1286 saeculorem,
717 1206 767 1271 oni
790 1205 995 1272 renuntieuit.

254 1327 336 1408 Quid
367 1327 557 1412 significauit
586 1347 660 1394 uror
681 1329 784 1394 Loth?
815 1327 942 1410 eosqui
969 1328 1002 1391 in
1026 1325 1230 1392 tribulatione
1253 1330 1334 1390 retro

209 1431 380 1512 respiciunt
402 1435 434 1495 et
456 1450 488 1496 se
505 1433 544 1498 ab
566 1448 620 1514 spe
642 1430 767 1497 diuinae
790 1429 1002 1512 promissionis
1025 1431 1183 1496 auertunt.
1212 1430 1246 1492 et
1267 1429 1333 1494 ideo
1343 1448 1376 1489 ιι

210 1534 316 1598 statua
338 1533 412 1600 selis
434 1534 516 1600 laeto
539 1538 596 1613 est,
619 1537 657 1599 ut
679 1534 870 1601 admonendo
893 1534 1044 1614 homines,
1069 1551 1107 1597 ne
1125 1533 1184 1597 boe
1208 1532 1332 1608 furunt,

210 1641 370 1719 tamquam
394 1638 518 1703 condiat
541 1655 593 1702 eor
615 1655 729 1718 eorum,
754 1657 792 1703 ne
814 1639 878 1703 sint
901 1637 989 1702 fetui.

666 1926 873 2011 CLXXVII.

210 2117 257 2164 DE
287 2117 421 2165 DVOBVS
451 2117 488 2165 IN
518 2117 628 2165 Lucro
657 2118 700 2164 ET
730 2116 864 2165 DVABVS
894 2118 1110 2166 MOLEN'I'IBVS
1137 2119 1180 2165 ET
1202 2118 1337 2167 DVOBVS

687 2221 724 2267 IN
748 2219 857 2268 rums.
1344 2225 1370 2268 lb

140 2372 203 2439 194
255 2359 315 2441 Qui
348 2364 423 2426 sunt
456 2361 494 2426 in
528 2361 603 2426 illa
636 2364 752 2424 noete
779 2359 851 2422 duo
884 2359 923 2423 in
957 2358 1062 2425 lecto
1086 2362 1119 2425 et
1141 2361 1238 2426 duee
1260 2379 1335 2426 mo·

210 2466 338 2532 lentes
361 2465 534 2529 inunum
557 2467 589 2529 et
612 2465 683 2528 duo
706 2465 744 2528 in
767 2480 874 2547 agro,
898 2463 935 2528 de
958 2463 1069 2546 quibus
1085 2464 1227 2529 omnibus
1251 2464 1334 2529 binis

210 2569 326 2651 singuli
349 2570 546 2634 assumentur
568 2571 599 2633 et
622 2567 737 2650 singuli
761 2566 1001 2650 relinquentur?
1024 2568 1085 2633 tria
1098 2586 1212 2652 genera
1234 2568 1336 2633 horni-

210 2691 287 2737 num
310 2672 361 2738 bio
382 2672 529 2737 uidentur
550 2671 733 2754 significari:
755 2691 852 2737 unum
875 2691 990 2751 eorum,
1014 2673 1068 2755 qui
1083 2672 1182 2737 otium
1202 2673 1234 2735 et
1250 2671 1335 2755 quie·

211 2780 276 2841 tem
299 2774 432 2857 eligunt,
456 2794 556 2858 neque
578 2775 711 2858 negotiis
734 2776 944 2842 soecularibus
968 2795 1066 2860 neque
1087 2775 1221 2859 negotiis
1239 2776 1369 2841 eccle-ro

211 2878 347 2946 siustiois
371 2879 528 2961 oooupati;
559 2896 636 2963 qnae
659 2878 786 2944 illorum
809 2879 895 2962 quies
917 2879 992 2944 leoti
1014 2880 1138 2945 nomine
1160 2879 1336 2963 significate

210 2985 268 3050 est.
309 2983 444 3049 alterurn
475 3003 592 3062 eorum,
622 2985 675 3066 qni
705 2983 736 3047 in
769 2983 913 3066 plebibus
943 2984 1107 3050 eonstituti
1137 2989 1291 3067 reguntur
1318 3001 1336 3047 e

210 3087 409 3170 doctioribus,
434 3088 560 3172 egentes
576 3105 611 3153 ea
627 3104 704 3168 quoe
728 3090 803 3151 sunt
825 3085 917 3151 huius
939 3086 1065 3165 sueonli
1089 3106 1165 3170 qnos
1188 3088 1221 3151 et
1244 3087 1336 3151 femi·

312 3275 330 3330 5
347 3273 411 3328 Lno.
431 3274 473 3341 17,
490 3273 524 3328 31
629 3273 661 3329 16
678 3274 740 3330 Lue.
761 3273 801 3340 17,
820 3274 902 3343 34eq.

263 3446 277 3499 1
296 3445 465 3514 upertIseime
482 3448 534 3513 (me
552 3459 585 3500 ee
601 3460 644 3499 nro
662 3460 732 3501 oorr.
751 3461 785 3499 m.
799 3449 815 3502 1
831 3445 864 3499 io
882 3444 916 3511 V)
934 3444 1012 3499 MVe
1102 3445 1120 3499 4
1137 3443 1291 3499 disoendeet
1309 3448 1338 3513 (u

210 3534 274 3596 rae.)
289 3530 326 3584 P¹
424 3531 491 3601 bet]
505 3546 553 3586 om.
567 3531 595 3585 P
689 3530 851 3586 deimiliter
862 3530 925 3584 AM
932 3530 965 3583 V:
985 3546 1035 3584 one.
1049 3529 1092 3584 Po
1190 3529 1339 3600 VPuulue]

210 3615 346 3684 apostolus
372 3616 468 3685 paulus
495 3615 522 3671 P
641 3617 658 3670 9
685 3615 869 3684 tribulatione]
897 3614 1046 3669 tributione
1073 3615 1101 3669 P
1216 3618 1250 3673 13
1278 3634 1338 3688 αφ.

209 3701 375 3757 CLXXVIII
392 3703 419 3756 A
446 3702 574 3759 CXCIIII
592 3704 620 3758 P
644 3703 737 3759 CXCV
751 3703 793 3759 Ge
880 3702 914 3756 14
931 3702 1002 3757 lectu
1019 3703 1047 3756 A
1132 3701 1238 3758 duabus
1255 3706 1339 3761 GPn:

210 3823 312 3879 ruoous
330 3822 423 3876 Anrv
507 3824 541 3878 rs
557 3825 630 3893 egere
648 3825 721 3880 nri:
747 3839 811 3893 agro
829 3824 929 3880 nore
1016 3824 1200 3895 remorantes]
1213 3801 1340 3882 moreius

208 3910 236 3964 P
323 3909 354 3964 lu
371 3909 633 3978 biuie1uinieM'V¹
726 3910 758 3964 18
770 3913 828 3965 troo
840 3915 865 3978 (e
877 3911 1064 3978 inicorr.)P
1150 3912 1183 3967 19
1195 3913 1340 3968 sionitioeri

210 4032 238 4086 A
325 4031 359 4086 20
376 4030 487 4100 elegunt
505 4030 542 4085 Ρι
628 4030 754 4100 negotiis]
773 4031 889 4086 neentiie
906 4034 934 4086 A
1024 4034 1055 4087 21
1076 4032 1160 4103 quies]
1180 4008 1258 4121 quie}t
1277 4040 1303 4103 (r
1321 4052 1341 4090 o

209 4154 244 4197 m.
262 4138 294 4207 2)
318 4136 343 4192 V
366 4135 507 4205 requiesn
610 4134 644 4189 23
661 4133 813 4189 doctoribus
831 4136 902 4192 APu
1005 4138 1271 4207 sesquinonis

207 4221 436 4279 foeminarumV
