2760 4814
130 323 172 391 78
613 320 777 391 Eugippii

130 515 212 597 quod
242 513 384 596 impedit,
420 513 452 577 id
481 515 531 578 est
557 514 626 595 ipsa
653 513 789 579 miseria.
831 512 871 577 ad
897 511 957 577 hoc
979 530 1012 576 se
1035 515 1141 578 autem
1162 514 1191 578 in

129 619 234 700 posuit
255 617 400 682 mortalis
426 621 458 681 et
481 616 591 682 beatus
613 618 651 682 ut
672 616 867 682 mortalitate
888 617 1051 682 transacta
1074 636 1110 681 ex
1130 635 1191 682 mor

130 719 247 784 laceret
275 721 479 798 immortales,
511 720 592 802 quod
614 720 646 785 in
670 739 703 785 se
725 722 913 803 resurgendo
943 720 1142 799 monstrauit,
1175 739 1191 784 e

130 821 253 887 miseris
281 822 399 902 beatos,
428 823 511 890 unde
539 843 711 907 numquam
732 824 799 908 ipse
821 823 975 890 discessit.
1015 825 1096 890 alius
1120 827 1168 891 est

130 925 253 990 medius
276 927 389 1010 malus,
413 930 466 1010 qui
489 933 614 1011 separat
628 930 754 1005 amicos,
778 928 859 993 alius
882 928 989 1007 bonus,
1013 929 1066 1010 qui
1081 946 1191 994 reconc

129 1028 292 1114 inimicos3
316 1030 348 1094 et
369 1030 438 1097 ideo
460 1033 555 1096 multi
570 1036 644 1098 sunt
659 1033 752 1097 medii
766 1032 969 1116 separatores,
993 1031 1067 1113 quia
1092 1031 1191 1096 multi

131 1150 209 1215 quae
231 1135 325 1199 beata
348 1135 395 1198 est
417 1135 508 1199 unius
531 1137 581 1200 dei
603 1135 840 1218 participatione
855 1135 891 1200 fit
914 1135 1014 1200 beata.
1051 1133 1139 1199 cuius
1161 1151 1191 1217 ps

130 1235 296 1319 cipationis
330 1239 505 1320 priuatione
537 1238 655 1304 misera
687 1239 858 1304 multitudo
880 1237 1036 1303 malorum
1070 1237 1191 1321 angelos

131 1359 210 1423 quae
233 1360 266 1405 se
289 1343 419 1423 opponit
441 1342 546 1422 potius
569 1342 609 1406 ad
632 1342 892 1425 impedimentum
915 1360 1008 1424 quam
1031 1340 1192 1422 interponit

130 1440 335 1509 beatitudinis
360 1444 562 1518 adiutorium.
586 1446 683 1509 etiam
706 1445 774 1529 ipsa
796 1443 1001 1510 multitudine
1019 1443 1192 1526 obstrepito

130 1547 203 1613 dam
226 1548 326 1629 modo,
351 1567 391 1612 ne
412 1549 512 1630 possit
534 1548 574 1614 ad
597 1549 676 1614 illud
699 1568 795 1614 unum
820 1547 999 1613 beatificum
1021 1548 1191 1629 perueniri.

130 1651 211 1732 quod
240 1654 277 1716 ut
300 1655 545 1733 perduceremur,
576 1671 638 1717 non
667 1653 785 1736 multis,
820 1653 876 1718 sed
904 1670 965 1716 uno
995 1652 1163 1718 mediatore
1187 1671 1193 1715 o

130 1757 208 1831 erat,
238 1759 269 1818 et
291 1756 348 1820 hoc
371 1775 406 1820 eo
427 1757 495 1838 ipso
525 1758 613 1822 cuius
635 1758 874 1841 participatione
896 1758 994 1821 simus
1018 1756 1110 1838 beati,
1135 1756 1193 1820 hoc

130 1857 226 1922 uerbo
250 1859 300 1921 dei
324 1875 385 1923 non
408 1858 504 1940 facto,
535 1879 589 1942 per
617 1880 709 1943 quem
732 1861 914 1927 factasunt
937 1863 1051 1925 omnia.
1076 1879 1132 1924 nec
1155 1863 1194 1922 tat

130 1963 169 2026 ob
191 1962 249 2026 hec
271 1962 425 2027 mediator
440 1971 498 2048 est,
521 1964 595 2047 quia
616 1967 759 2030 uerbum.
793 1966 929 2031 maxime
946 1965 1059 2047 quippe
1083 1964 1194 2029 immor

130 2067 163 2130 et
184 2065 319 2131 manime
352 2069 479 2133 beatum
513 2072 643 2135 uerbum
678 2071 768 2153 longe
800 2072 888 2135 esta
915 2067 1101 2134 mortalibus
1124 2066 1194 2131 miss

131 2170 184 2234 sed
218 2171 371 2235 mediator
404 2191 459 2255 per
492 2175 572 2255 qnod
606 2173 707 2251 homo,
742 2193 777 2239 eo
807 2173 873 2256 ipso
903 2174 1012 2254 utique
1036 2174 1195 2236 ostendens

130 2273 208 2337 illud
232 2291 292 2338 non
323 2275 425 2338 solum
455 2277 580 2341 beatum
607 2295 716 2340 uerum
739 2277 835 2342 etiam
859 2274 1038 2342 beatificum
1063 2274 1179 2337 bouum

130 2383 270 2460 oportere
303 2379 410 2460 quaeri
447 2379 525 2443 alios
560 2381 755 2455 mediatores,
784 2399 840 2462 per
863 2397 939 2462 quos
963 2379 1196 2444 arbitremurn

129 2483 343 2563 peruentionis
372 2483 486 2566 gradus
510 2501 577 2548 esse
600 2482 781 2561 moliendos,
812 2485 884 2568 quia
911 2483 1022 2547 beatus
1046 2485 1078 2545 et
1100 2479 1196 2545 beatil

131 2584 207 2647 deus
236 2583 339 2649 lactus
367 2588 521 2670 particeps
551 2585 758 2650 humanitatis
782 2589 908 2651 nostrae
932 2586 1151 2667 compendium
1174 2602 1196 2665 p

130 2686 200 2750 buit
232 2688 464 2771 participandae
498 2688 674 2754 diuinitatis
708 2708 792 2756 suae.
830 2707 929 2771 neque
953 2689 1038 2753 enim
1060 2707 1115 2752 nos
1140 2705 1196 2752 ar

132 2790 252 2855 talitete
276 2792 309 2857 et
338 2793 465 2857 miseria
494 2794 629 2858 liberans
652 2796 690 2858 ad
714 2793 842 2876 angelos
870 2794 1064 2857 immortales
1094 2790 1197 2856 beator

130 2896 174 2959 ite
195 2895 348 2977 perducit,
383 2901 547 2961 uteorum
580 2896 819 2978 participatione
852 2897 947 2960 etiam
982 2915 1036 2960 nos
1067 2896 1197 2958 immort

130 3000 224 3080 atque
258 2997 341 3063 beati
376 2999 483 3074 simne,
519 3000 573 3063 sed
597 2999 635 3064 ad
658 3001 747 3064 illam
770 3001 957 3082 trinitatem,
992 2999 1080 3064 cuiue
1103 2999 1197 3063 etan

129 3102 367 3184 participatione
401 3101 486 3168 beati
520 3104 602 3168 sunt.
642 3105 711 3169 ideo
746 3105 869 3187 quando
909 3104 941 3168 iu
975 3103 1078 3169 forma
1109 3104 1193 3168 serui

129 3206 283 3272 mediator
315 3210 397 3272 esset
426 3205 509 3271 infra
538 3206 664 3289 angelos
688 3224 753 3271 esse
775 3206 888 3287 uoluit,
917 3209 950 3271 in
973 3208 1075 3272 forma
1097 3205 1147 3272 dei
1170 3224 1198 3271 sr

182 3482 427 3536 lesterneias
522 3482 634 3536 aeter
652 3498 687 3535 m.
707 3482 786 3536 PlTo
879 3482 979 3535 mortui
999 3481 1038 3535 Ρι
1133 3479 1198 3534 4bs

128 3566 170 3620 D¹
263 3567 472 3622 5reconohiliat
493 3568 529 3622 V¹
620 3568 814 3636 dseparatoris
832 3568 916 3623 D¹G²
1008 3567 1199 3636 'Iparticipati

131 3651 168 3705 θ’
267 3652 300 3706 10
317 3654 404 3720 ipsam
423 3651 626 3706 multitudinem
647 3654 690 3708 Go
783 3653 919 3722 obstrepet
937 3654 974 3708 ΡΙ
1074 3654 1105 3707 ll
1125 3667 1199 3721 perne

128 3739 159 3792 D
262 3738 295 3792 13
315 3754 406 3792 sumus
424 3738 494 3792 D¹c¹
602 3740 634 3795 14
651 3740 768 3808 qnodT
868 3740 939 3795 iacta
957 3756 1007 3794 om.
1026 3740 1054 3794 P
1157 3742 1191 3795 15

128 3824 353 3878 xime-uerbum
372 3841 422 3880 om.
441 3825 489 3878 Μ’
586 3827 619 3880 16
637 3825 753 3880 miseriis
772 3827 811 3879 P’
905 3826 938 3880 18
957 3826 1034 3879 illam
1053 3825 1091 3879 Ρ1
1181 3827 1200 3879 le

128 3909 177 3963 fleo
196 3910 224 3963 P
326 3912 359 3966 19
377 3910 449 3966 alius
466 3912 505 3966 Ρι
603 3911 769 3966 arbitramur
786 3913 889 3968 DGPc
992 3912 1027 3966 20
1043 3912 1200 3981 peruention

128 3995 226 4065 gratim
253 3997 318 4052 MV
418 3999 568 4053 moliendae
596 4000 635 4054 θ’
744 4000 778 4053 23
796 4000 908 4069 angelus
928 4003 955 4053 et
972 3998 1135 4066 beatusqnae
1152 3996 1194 4051 1)ι

128 4080 164 4135 24
186 4082 308 4150 perducit
326 4083 365 4138 ita
387 4084 503 4140 D¹GPo
606 4089 634 4139 in
658 4103 706 4139 uos
732 4086 769 4140 θ’
873 4086 908 4141 25
930 4089 1011 4154 atque
1030 4084 1104 4138 MV:
1130 4083 1201 4140 ets

131 4168 170 4224 To
268 4170 439 4226 beatissimus
457 4172 565 4226 D¹MV
591 4173 760 4226 beatissimos
780 4173 857 4227 6¹1³*
956 4172 991 4225 26
1008 4171 1064 4224 sint
1083 4168 1122 4225 θ’

127 4255 198 4324 quod
217 4259 255 4315 G*
286 4272 339 4327 qua
358 4258 413 4314 θύ
