2760 4814
320 297 481 366 Excerpta
497 314 532 351 ex
550 313 618 367 opp.
638 299 664 354 S.
682 298 870 366 Augustini
892 299 968 355 CXC.
986 299 1077 356 CXCI.
1194 302 1258 370 643

136 507 274 572 argue,
308 489 350 552 ut
383 486 511 552 ceteri
546 487 728 553 timorem
761 487 949 567 habeant,
982 509 1054 556 oum
1078 490 1134 557 ille
1155 491 1255 559 dicat:

136 591 293 675 corripe
316 609 399 655 eum
421 591 531 655 inter
552 592 590 655 te
612 594 649 655 ct
670 592 807 674 ipsum.
841 595 1007 676 utmmque
1034 594 1117 659 enim
1139 595 1257 661 facien·

136 694 215 759 dum
238 696 294 772 est,
325 693 407 757 sicut
435 692 629 758 infirmitatis
661 693 827 759 diuersitas
850 695 996 760 admonet
1023 714 1140 777 eornm,
1173 699 1255 782 qnod

135 797 248 879 ntique
264 813 325 861 non
343 797 521 879 perdendoS,
544 796 598 860 sed
614 798 812 880 corrigendos
828 799 1039 881 curandosque
1053 803 1255 883 suscepimus,

113 900 169 965 eet
191 898 272 964 alius
294 900 350 976 sic,
371 898 452 964 alius
474 903 576 963 antem
601 899 647 964 sic
669 900 825 965 sanandus
841 902 897 965 est.-
928 901 975 967 is
997 905 1092 968 etiam
1107 906 1155 970 est
1176 907 1256 971 ratio

135 1002 355 1069 dissimulandi
378 1004 410 1068 et
431 1003 585 1068 tolerandi
600 1004 699 1068 malos
721 1003 754 1067 in
769 1005 907 1082 ecclesia,
931 1008 963 1069 et
982 1006 1032 1069 est
1046 1025 1152 1072 rursus
1173 1009 1255 1075 ratio

136 1106 322 1190 castigandi,
358 1105 558 1188 corripiendi,
592 1123 652 1170 non
685 1106 871 1172 admittendi
904 1106 955 1171 uel
988 1125 1007 1172 a
1040 1114 1254 1178 communione

135 1210 325 1278 remouendi.

180 1332 297 1396 limant
325 1333 430 1393 antem
459 1328 600 1393 homines
628 1346 690 1393 non
719 1330 878 1394 seruantes
908 1329 1035 1396 modum
1060 1333 1101 1408 et,
1130 1353 1203 1399 cum
1223 1338 1256 1402 in

104 1454 232 1501 rounam
254 1436 376 1517 partem
398 1431 579 1515 procliuiter
601 1433 646 1497 ire
669 1433 834 1514 coeperint,
856 1417 1111 1516 non‘respiciunt
1133 1436 1256 1504 diuinae

136 1536 332 1606 auctoritatis
362 1537 424 1601 alia
451 1535 640 1616 testimonia,
671 1537 782 1618 quibus
805 1537 926 1617 possint
948 1539 986 1604 ab
1008 1538 1064 1604 illa
1085 1540 1257 1608 intentione

135 1641 274 1708 reuocari
297 1644 330 1706 et
351 1641 385 1705 in
407 1657 543 1721 eaquae
566 1658 602 1705 ex
624 1638 763 1721 utrisque
792 1641 966 1724 temperata
995 1644 1043 1704 est
1064 1642 1197 1709 ueritate
1219 1663 1256 1712 ao

137 1746 348 1811 moderatione
378 1743 560 1820 consistere3
595 1761 652 1807 nec
680 1744 712 1807 in
734 1743 846 1808 haere
867 1744 1001 1822 tantum,
1031 1745 1068 1809 de
1091 1763 1153 1828 qna
1174 1765 1257 1814 nunc

138 1850 278 1932 quaestio
301 1849 356 1930 est,
380 1845 434 1911 sed
456 1848 553 1911 etiam
574 1847 606 1910 in
622 1845 692 1911 aliis
715 1846 834 1911 multis.
865 1866 937 1912 nam
953 1847 1080 1930 qnidam
1100 1849 1256 1916 intuentes

109 1954 314 2018 rediuinarum
343 1951 524 2016 testimonia
553 1949 738 2027 litterarum,
769 1950 881 2032 quibus
910 1969 990 2015 unns
1014 1952 1158 2016 colendus
1180 1955 1254 2018 deus

137 2056 324 2132 insinuatur,
347 2054 481 2119 eundem
503 2054 635 2135 patrem,
651 2055 704 2135 qni
721 2053 769 2117 est
784 2052 877 2130 filius,
896 2052 1101 2136 spiritumque
1114 2059 1256 2122 sanctum

136 2161 336 2243 putauerunt.
378 2157 433 2222 alii
466 2175 572 2221 rursus
606 2155 707 2221 ueluti
743 2155 851 2222 morbo
885 2157 1036 2221 contrario
1069 2157 1255 2239 laborantes,

137 2280 209 2328 cum
240 2262 436 2327 attenderent
465 2278 502 2324 ea
530 2259 643 2343 quibus
672 2258 800 2324 trinitas
829 2258 1003 2324 declaratur
1031 2277 1088 2324 nec
1112 2259 1254 2328 ualerent

138 2366 318 2450 intellegere
352 2363 501 2447 quomodo
535 2364 577 2428 sit
610 2381 689 2427 unns
723 2363 809 2441 dens,
842 2380 913 2427 cum
942 2362 974 2427 et
1005 2363 1092 2444 pstor
1120 2381 1183 2427 non
1212 2365 1256 2429 sit

108 2469 221 2536 ofilius
251 2487 308 2533 nec
337 2468 422 2533 filins
452 2467 495 2533 sit
523 2471 612 2549 pater
640 2484 697 2531 nec
719 2464 849 2549 spiritus
872 2469 998 2531 sanctus
1020 2469 1074 2530 aut
1095 2466 1179 2532 filius
1200 2473 1255 2533 aut

137 2578 234 2657 pater,
265 2573 465 2637 diuersitates
494 2570 591 2636 etiam
620 2569 867 2634 substantiamm
893 2570 1075 2634 asserendas
1095 2573 1254 2653 putarunt.

137 2678 265 2761 quidam
299 2677 455 2740 intuentes
489 2675 522 2739 in
554 2673 717 2755 seriptmis
751 2672 876 2739 sanctae
904 2671 1101 2759 uirginitatis
1130 2673 1256 2739 laudem

137 2779 271 2846 conubia
299 2778 534 2843 damnauerunt.
572 2777 698 2859 qnidam
727 2796 833 2843 rursus
862 2794 899 2841 ea
927 2775 1108 2842 testimonis
1130 2795 1256 2843 consoc-

137 2885 254 2959 tantee,
277 2882 388 2964 quibus
404 2883 490 2946 casta
504 2880 646 2965 coniugia
662 2882 887 2962 praedicantur,
909 2879 1122 2962 uirginitatem
1137 2879 1256 2961 nuptiis

104 2987 360 3069 aseqnauernnt.
397 2985 620 3069 qnidameum
642 2985 798 3068 legerent:
829 2984 971 3048 bonum
993 2983 1068 3062 est,
1089 2983 1255 3062 fratres,

239 3189 274 3243 25
291 3189 367 3242 Rom.
385 3188 425 3252 14,
444 3187 477 3241 21

187 3378 354 3448 tcorripiA
434 3376 531 3446 ipsum]
545 3377 631 3445 ipsum
644 3375 771 3430 solnmP
853 3374 1104 3429 uindrmitateeP¹
1186 3374 1257 3443 qnod

133 3464 211 3523 HV:
241 3480 307 3534 qnos
331 3464 401 3520 APo
501 3461 713 3531 deorrigendoe
736 3464 778 3528 (os
800 3476 835 3515 eor
856 3477 889 3515 ue
912 3463 993 3528 corr.)
1017 3461 1045 3514 A
1146 3459 1257 3529 suscipi·

132 3602 195 3641 mue
218 3584 290 3640 Are
391 3581 616 3638 omnimodum
638 3583 665 3636 A
768 3580 949 3635 remittendi
973 3579 1045 3636 sse
1146 3552 1257 3634 coiens

135 3713 161 3776 (r
177 3707 244 3763 aaa
262 3709 340 3776 ees)
357 3707 386 3762 P
478 3706 513 3760 10
529 3704 733 3775 praenosses
826 3705 859 3759 11
877 3703 1033 3759 auersam
1050 3704 1078 3757 A
1172 3674 1258 3774 eet

131 3798 163 3863 (n
180 3794 246 3850 odd.
264 3811 298 3849 na
311 3796 341 3860 2)
359 3793 387 3847 P
490 3791 522 3846 12
539 3792 579 3862 ex]
598 3807 682 3847 orreo
779 3791 812 3845 13
828 3790 1005 3845 moteratione
1021 3791 1049 3843 A
1147 3790 1181 3845 14
1197 3789 1258 3859 qui-

132 3881 206 3951 dam]
224 3878 367 3949 quidemn
452 3878 486 3932 15
504 3876 569 3931 dens
585 3876 710 3932 colendus
727 3877 800 3932 APo
890 3876 922 3931 16
939 3877 1113 3945 sanctumque
1129 3875 1256 3946 spiritum

131 3967 206 4022 APo
308 3965 341 4019 19
363 3964 492 4034 quomodo
515 3966 554 4018 sit
575 3963 643 4018 AV:
674 3978 699 4032 q.
723 3962 822 4017 dicitur
844 3962 887 4017 Po
989 3961 1024 4016 20
1045 3963 1093 4032 sit]
1111 3964 1190 4017 ento

130 4053 247 4123 spiritns
264 4053 326 4120 (om.
343 4055 400 4119 nec)
426 4054 455 4106 A
561 4050 593 4104 21
621 4048 788 4104 diuersitatis
813 4047 878 4104 ΑΡ
985 4048 1020 4103 22
1045 4051 1136 4103 mete
1160 4048 1189 4103 A

129 4138 307 4210 uirginitates
328 4140 367 4192 A¹
473 4138 508 4192 24
530 4137 674 4206 coniungis
695 4138 724 4190 A
825 4135 1010 4205 praedicantur
1032 4138 1061 4203 (n
1082 4151 1118 4190 ec
1139 4150 1154 4189 o
1176 4136 1255 4207 corr.)

130 4225 162 4281 P
263 4223 417 4279 nubtiisV
514 4222 726 4293 congeries?

1098 4324 1155 4380 41·
