2760 4814
194 549 362 619 Excerpta
380 566 416 605 ex
434 566 504 620 opp.
524 549 550 606 S.
569 551 753 620 Augustini
775 549 1064 609 emm-mvl.
1133 555 1195 622 331

557 756 703 841 LXXV.

63 950 105 996 DE
137 949 233 998 LOTH
263 948 376 997 Pinus
405 948 517 997 ANIMO
549 950 708 998 TVEBATO
740 950 876 999 civibvs
898 951 1113 999 OFFERENTE.
1151 950 1198 998 EX

260 1053 381 1101 EODEM
402 1052 507 1100 LIBRO
530 1052 775 1113 QVAESTIONVM
797 1055 844 1102 DE
866 1053 998 1102 GENESI.

102 1190 193 1272 Quod
217 1191 264 1255 ait
279 1189 450 1257 Sodomitis
473 1191 570 1257 Loth:
594 1194 682 1256 sunt
703 1191 800 1257 mihi
824 1191 940 1256 filiae
963 1192 1076 1272 duae,
1100 1195 1250 1275 quaeso

48 1293 236 1360 inondum
271 1297 470 1361 nonerunt
504 1294 630 1371 uiros3
664 1297 878 1378 producam
911 1295 1005 1361 illas
1035 1294 1083 1360 ad
1113 1311 1197 1373 uos;

64 1397 226 1463 utimini
253 1397 343 1463 illis
367 1398 557 1481 quomodo
579 1399 777 1486 plaouerit
799 1398 923 1465 uobis.
962 1417 1005 1462 ne
1030 1397 1196 1463 faciatis

65 1504 219 1567 tantum
253 1502 290 1567 in
323 1503 431 1568 uiros
464 1504 566 1568 istos
600 1502 799 1587 iniquum,
834 1504 980 1586 quoniam
1009 1501 1196 1584 prostituere

65 1605 187 1672 nolebat
222 1603 304 1670 filias
335 1624 405 1672 suas
437 1605 498 1672 heo
527 1606 792 1690 compensatione,
826 1608 863 1672 ut
885 1606 947 1672 uiri
968 1604 1107 1689 hospites
1129 1603 1197 1670 eins

64 1707 138 1774 nihil
158 1726 178 1773 a
196 1705 367 1774 Sodomitis
389 1709 454 1776 tale
476 1713 670 1794 paterentur,
694 1713 801 1777 utrum
825 1710 1023 1776 admittenda
1045 1709 1090 1774 sit
1111 1726 1197 1775 oom-

10 1881 12 1887 ι
40 1810 205 1892 repensatio
229 1811 422 1894 flagitiorum
444 1813 496 1879 nel
514 1831 706 1897 quorumque
727 1819 936 1897 peccatorum,
960 1815 996 1878 ut
1018 1831 1074 1878 nos
1099 1811 1198 1877 faeia-

10 1907 12 1984 ἷ
64 1932 128 1979 mus
154 1915 234 1979 mali
257 1913 385 1997 aliquid,
418 1933 457 1980 ne
479 1915 561 1980 alius
593 1917 722 1999 grauius
745 1916 867 1981 malum
890 1914 995 1992 iaciat,
1030 1934 1070 1980 an
1092 1915 1197 1998 potius

64 2016 293 2097 perturbationi
315 2017 407 2111 Loth,
438 2036 500 2083 non
523 2018 661 2084 oonsilio·
674 2019 878 2085 tribuendum
905 2019 947 2083 sit
971 2018 1045 2101 quia
1066 2016 1126 2083 hoo
1147 2016 1197 2082 di·
1253 2020 1255 2027 ’

64 2120 150 2201 ierit,
173 2119 289 2184 merito
316 2119 484 2202 quaeritur.
514 2123 547 2185 et
568 2121 718 2187 nimirum
737 2121 999 2204 periculosissima
1016 2119 1199 2186 admittitur

10 2259 12 2282 1
64 2222 135 2289 iaec
168 2222 392 2305 compensatio.
426 2224 451 2289 si
481 2228 587 2289 antem
617 2224 845 2307 perturbationi
867 2224 1023 2289 humanae
1046 2223 1199 2289 tribuitur

10 2342 12 2347 ’
39 2331 90 2390 aa
111 2324 219 2392 menti
241 2329 329 2390 tento
352 2326 434 2390 malo
458 2331 626 2408 permotae,
655 2327 742 2393 nullo
765 2328 857 2393 modo
880 2326 1032 2392 imitando
1055 2328 1111 2391 est.

548 2615 712 2699 LXXVL

61 2806 156 2866 QVOD
179 2805 238 2852 alr
261 2804 350 2852 DEVS
373 2803 421 2852 ab
443 2806 661 2854 ABIMELECH:
690 2806 872 2855 PEPERCI
894 2806 1002 2870 TIBI,
1030 2806 1082 2854 NE
1105 2804 1199 2853 PEC-

58 2908 196 2957 CAEES
221 2908 263 2955 ln
286 2908 350 2956 ME.
388 2909 434 2955 EX
456 2909 575 2957 EODEM
600 2910 704 2958 LIBRO
728 2908 971 2970 QVAESTIONVM
993 2908 1040 2955 DE
1063 2908 1197 2958 GENESI.

101 3042 196 3123 Quod
220 3044 274 3109 ait¹
289 3044 365 3110 deus
388 3049 425 3112 ad
449 3047 633 3112 Abimeleoh
657 3049 783 3130 propter
804 3045 946 3113 Sarrum:
976 3050 1015 3111 et
1038 3047 1248 3130 peperoi9l

19 3147 157 3225 notibi,
180 3147 317 3214 utnon
339 3166 522 3232 peooares
545 3148 583 3214 in
606 3169 678 3228 me,
702 3149 825 3233 quando
841 3169 913 3217 enm
937 3148 1101 3216 admonuit
1123 3168 1198 3215 uro·

52 3271 126 3317 rem
154 3248 316 3316 Abrabam
346 3270 412 3317 esse
444 3270 537 3334 quam
567 3252 701 3335 putabat
723 3269 868 3331 sororem,
900 3252 1126 3320 aduertendnm
1150 3254 1197 3317 est

51 3360 92 3420 et
115 3354 292 3419 notandum
324 3355 356 3420 in
386 3357 479 3421 deum
513 3354 643 3439 peccari,
677 3358 800 3438 quando
835 3354 913 3422 talia
945 3355 1197 3433 committuntur,

168 3541 801 3611 ammarmmmmo

113 3712 819 3781 rap.nxxxv111chpxclo;om.0
921 3714 1043 3770 aloru
1139 3713 1201 3769 oiie·

47 3807 120 3859 ma
139 3799 171 3855 P
271 3803 373 3857 ddnao
390 3801 464 3856 filiae
482 3802 550 3857 PTo
652 3802 814 3873 bnondom]
835 3818 888 3858 non
908 3803 951 3858 Po
1043 3802 1106 3856 illos
1124 3805 1152 3869 (o
1169 3802 1202 3856 ia

46 3907 72 3946 a
96 3902 177 3944 oon.
200 3903 235 3941 aa.
260 3887 340 3954 Di*
440 3888 592 3942 ttantnm
619 3887 648 3942 in
677 3888 748 3943 uiros
775 3890 842 3944 istos
869 3904 902 3943 no
929 3888 1037 3943 faciatis
1064 3888 1132 3944 Pro

46 3975 73 4029 9
86 3971 247 4028 amittsnds
260 3972 287 4028 P
374 3973 406 4029 10
423 3974 601 4044 quorumque]
620 3989 796 4044 quommonm
817 3975 843 4028 T
866 3989 1016 4044 quorumo
1103 3975 1200 4029 inuiam

48 4063 86 4119 Ρ
186 4057 219 4113 la
235 4060 435 4128 perturbatione
454 4060 499 4116 Po
584 4061 653 4118 dixit
672 4060 699 4115 T
790 4059 823 4117 13
840 4062 868 4115 et
885 4076 971 4117 om.o
1062 4061 1201 4115 amittitur

48 4148 86 4204 P
184 4143 217 4198 14
233 4147 323 4199 sutem
341 4161 426 4200 om.e
518 4147 717 4214 perturbatione
736 4147 764 4201 P
857 4148 889 4201 15
907 4149 998 4201 monto
1015 4146 1044 4201 P
1127 4145 1201 4200 malo

51 4234 86 4289 Ρ
187 4228 319 4285 imitenda
336 4231 364 4286 P
459 4234 502 4285 est
519 4240 614 4299 om.1·
711 4232 744 4287 16
761 4248 823 4301 sap.
841 4231 1027 4288 Lxxxvml
1047 4231 1072 4286 Τ
1096 4231 1158 4288 XCI
1176 4232 1204 4286 P

50 4316 139 4375 xcu
159 4333 189 4376 v3
217 4331 267 4369 on.
286 4315 313 4371 G
401 4317 433 4371 17
445 4315 566 4381 sdom.v
654 4323 690 4381 19
704 4318 778 4388 dens]
792 4317 892 4373 (ΥιῑῖΡι
978 4317 1203 4383 abimaleob(.

50 4404 137 4466 adpo
225 4416 341 4456 manre
422 4402 562 4475 oboram„
649 4403 913 4474 pontnonlnePo
999 4405 1135 4460 monuito

50 4492 88 4546 21
111 4486 243 4555 sororem]
262 4502 337 4541 soror
354 4488 395 4539 oet
414 4485 440 4539 T
528 4507 717 4590 auertendum
738 4491 766 4545 P
867 4488 902 4544 22
919 4503 1027 4560 peccare
1046 4489 1091 4549 Po
