2760 4814
272 307 439 380 Eroerpta
456 325 491 365 ex
509 325 580 381 opp.
599 310 626 369 S.
643 308 832 381 Augustini
851 308 1038 367 cctxxnn.
1133 312 1197 380 873

59 497 197 566 libenter
228 501 410 583 agnoseunt.
455 499 638 583 plerumque
663 500 747 565 onim
769 500 894 565 numeri
916 499 1009 566 huius
1032 500 1118 566 modi
1140 519 1197 585 pro

58 603 210 669 uniuerso
232 606 372 686 tempore
387 606 555 686 ponuntur,
578 603 678 669 siout:
700 603 855 686 septies
878 605 919 670 iu
940 602 1002 668 die
1022 602 1196 670 laudabo

60 710 115 787 te,
147 704 230 772 nihil
253 710 300 772 est
322 704 407 773 aliud
430 724 539 789 quam:
563 725 716 789 semper
739 707 826 772 laus
848 706 934 771 eius
956 708 995 772 in
1017 722 1081 771 ore
1104 726 1195 773 meo.

60 809 251 875 tantundem
279 810 389 876 ualent
418 812 450 874 et
481 827 553 874 oum
579 808 831 892 multiplicantur
856 809 922 875 siue
945 828 1000 893 per
1023 810 1195 891 denarium,

37 914 146 980 :deut
169 915 371 998 septuaginta
393 917 426 978 ot
442 912 635 996 septingenti
652 948 691 960 -
707 915 789 978 unde
803 914 933 996 possunt
949 914 981 978 et
997 913 1197 997 septuaginta

59 1016 135 1082 anni
162 1015 340 1082 Hieremiae
373 1033 428 1099 pro
460 1015 606 1082 uniuerso
630 1019 769 1098 tempore
791 1014 979 1099 spiritaliter
1002 1014 1112 1097 aooipi,
1134 1034 1196 1098 quo

60 1120 110 1186 ast
140 1118 221 1203 apud
250 1120 369 1185 alienos
399 1118 529 1185 ecelesia
559 1118 693 1184 -siue
723 1137 778 1201 per
806 1136 839 1183 se
865 1118 958 1203 ipsos,
982 1119 1064 1184 siout
1089 1120 1196 1184 desem

59 1240 117 1306 per
147 1222 255 1287 desem
284 1224 412 1287 eentum
442 1221 517 1287 sunt
547 1223 580 1287 et
609 1220 774 1286 duodecim
803 1240 857 1304 per
884 1220 1045 1286 duodecim
1068 1224 1195 1287 eentum

59 1322 202 1402 XLIIII,
240 1342 301 1406 quo
337 1341 465 1389 numero
499 1322 692 1407 significatur
724 1322 916 1389 uniuersitas
949 1324 1128 1390 sanatorum
1161 1323 1195 1389 iu

25 1426 258 1511 roApooalypsi.
295 1428 377 1492 unde
410 1430 540 1509 apparet
570 1446 630 1492 non
660 1427 763 1493 solum
792 1428 967 1509 temporum
997 1426 1194 1509 quaestiones

59 1529 134 1596 istis
164 1529 301 1594 numeris
331 1548 397 1595 esse
426 1530 601 1608 soluendas,
625 1529 679 1594 sed
702 1529 798 1596 latius
819 1530 927 1613 patere
950 1528 1195 1611 significationes

58 1650 168 1699 eornm
195 1635 226 1696 et
248 1635 281 1698 in
313 1634 416 1699 multa
444 1651 630 1717 proserpere.
673 1651 774 1716 neque
802 1632 887 1698 enim
909 1650 1057 1699 uumerus
1079 1632 1141 1698 ists
1161 1632 1195 1697 in

59 1734 251 1821 Apoealypsi
273 1736 313 1801 ad
335 1739 476 1818 tempora
498 1737 645 1818 pertinet,
660 1738 722 1803 sed
744 1736 784 1801 ad
806 1736 959 1802 homines.

101 1855 230 1923 Sextum
252 1856 393 1940 regulam
415 1858 572 1940 Tyoonius
598 1856 928 1942 „recapitulationem
952 1860 1060 1935 uooat,
1084 1857 1117 1921 in
1138 1855 1194 1921 ob·

21 1962 207 2026 securitate
230 1961 455 2042 seripturarum
477 1962 555 2026 satis
577 1960 747 2045 uigilanter
769 1961 940 2026 inuentam.
970 1961 1016 2025 sio
1038 1961 1122 2026 enim
1144 1959 1195 2025 di·

55 2063 175 2129 ountnr
195 2066 355 2145 quaedam,
379 2062 468 2147 quasi
490 2068 660 2147 sequantur
683 2065 718 2129 in
733 2063 839 2129 ordiue
858 2062 1007 2147 temporis
1023 2064 1074 2129 uel
1089 2082 1195 2129 rerum

55 2167 293 2235 continuatione
308 2170 482 2248 narrentur,
499 2185 570 2232 oum
582 2170 621 2233 ad
632 2168 768 2251 propria,
785 2183 863 2249 quae
876 2168 1095 2249 praetermissa
1110 2169 1193 2247 sunt,

56 2270 200 2340 latenter
229 2270 367 2335 narratio
397 2272 573 2353 reuocetur:
606 2267 773 2351 quodnisi
798 2288 834 2334 ox
857 2268 914 2335 heo
936 2269 1046 2352 regula
1067 2269 1193 2335 intelle·

60 2376 173 2459 gatur,
211 2372 342 2438 erratur.
398 2376 477 2438 siout
514 2374 547 2437 in
581 2370 710 2439 Genesi:
748 2376 787 2436 et
822 2372 1042 2455 plantauit,
1081 2372 1193 2455 inquit,

16 2476 239 2543 rodominus
263 2476 357 2541 deus
379 2476 608 2559 paradisum
630 2476 668 2541 in
691 2476 834 2541 Aedem
857 2479 900 2542 ad
923 2475 1125 2541 orientem.
1156 2480 1194 2541 et

55 2578 196 2666 posuit
225 2579 283 2645 ibi
312 2578 522 2657 hominem,
553 2597 663 2660 quem
695 2578 901 2647 formauit.
937 2580 977 2644 et
1005 2576 1194 2661 produxit

55 2683 151 2750 deus
185 2680 231 2746 de
264 2684 370 2747 terra
404 2681 531 2747 adhue
564 2699 673 2747 omne
705 2681 861 2765 lignum
895 2682 1122 2767 speciosum
1155 2685 1195 2749 et

55 2786 201 2851 bonnm
231 2785 270 2849 in
292 2802 439 2869 eseam,
462 2787 509 2850 ita
530 2786 656 2850 uidetur
677 2785 808 2865 dietum,
833 2790 996 2869 tamquam
1019 2786 1052 2851 id
1074 2785 1192 2851 facturn

54 2888 111 2973 sit,
145 2891 346 2970 posteaquam
385 2888 503 2953 fautum
533 2889 639 2970 posuit
672 2888 831 2953 hominem
865 2888 898 2953 in
931 2889 1086 2970 paradiso,
1120 2906 1192 2953 oum

15 2990 198 3061 asbreuiter
214 2993 345 3072 utroque
361 2996 613 3070 oommemorato,
630 2992 662 3057 id
677 2994 725 3056 est
740 2991 823 3073 quod
838 2992 994 3073 plantauit
1010 2991 1086 3056 deus
1100 3010 1193 3074 para·

57 3092 164 3159 disum
186 3098 220 3159 et
241 3096 347 3175 posuit
370 3093 414 3160 ibi
444 3093 613 3171 hominem,
647 3113 739 3176 quem
770 3094 927 3168 formauit,
958 3093 1194 3177 recapitulando

58 3197 168 3263 redeat
196 3198 229 3261 et
261 3196 346 3262 dieat
372 3196 453 3280 quod
482 3198 745 3280 praetermiserat,
780 3201 932 3281 quomodo
960 3198 1080 3263 seilicet
1101 3214 1193 3280 para·

57 3300 147 3367 disne
162 3299 257 3366 fuedt
272 3301 444 3385 plantatus,
462 3301 536 3384 quia
557 3301 744 3385 produxit
766 3302 860 3368 deus
884 3301 1009 3367 adhue
1024 3302 1068 3367 de
1082 3303 1193 3367 terra

57 3420 169 3469 omne
199 3403 351 3489 lignum
382 3405 601 3488 speciosum
632 3411 670 3471 et
692 3405 833 3471 bonnm
855 3408 895 3471 in
918 3423 1060 3474 eseam.
1104 3406 1192 3472 deni·

160 3614 318 3684 arena,
339 3617 389 3671 164
475 3616 650 3682 erasae
743 3617 810 3672 tsi.
830 3616 905 3671 Hier.
922 3616 965 3683 25,
985 3618 1015 3670 11
1108 3617 1142 3673 10
1158 3617 1193 3671 oi.

58 3702 138 3771 lpon.
158 3701 219 3767 ⁷,4
322 3703 355 3756 19
373 3701 439 3758 Gen.
457 3701 482 3769 2,
500 3704 566 3772 8sq.

107 3898 126 3951 6
147 3897 273 3951 ieremiae
296 3897 324 3953 P
426 3899 443 3951 9
469 3896 578 3953 XLllIl
603 3897 642 3952 V:
678 3898 858 3969 quadraginta
884 3902 914 3953 et
940 3902 1073 3970 quattuor
1098 3901 1127 3956 P

58 3982 91 4039 lt
113 3983 303 4051 inuentumqi)
329 3982 357 4039 V
465 3984 497 4039 17
520 3984 627 4054 propria
655 3984 690 4040 V:
725 3984 815 4054 priora
840 3984 895 4041 eP
1002 3988 1193 4058 praetermissa

59 4066 126 4125 GP:
162 4068 287 4123 tamisae
317 4068 343 4123 V
455 4070 490 4125 20
516 4069 606 4125 aedem
640 4070 674 4125 V:
710 4070 792 4126 aeden
822 4070 848 4125 θ
882 4072 972 4129 eadem
999 4074 1060 4141 (aad
1084 4090 1102 4129 a
1127 4089 1193 4139 rae..

57 4160 82 4211 et
99 4172 127 4209 sn
145 4155 177 4209 in
194 4170 212 4209 n
230 4170 286 4211 rua.
304 4158 385 4224 συντ.)
409 4155 437 4210 Ρ
540 4155 575 4210 22
598 4156 686 4213 adhue
703 4156 827 4212 deterre
846 4157 901 4213 GP
1003 4159 1038 4214 24
1060 4161 1192 4231 paradyso

59 4240 84 4297 θ
189 4241 305 4313 28qnia
325 4240 391 4297 01³:
421 4242 522 4311 quaV
