2760 4814
132 311 172 378 16
611 302 775 373 Eueinnii

132 499 225 567 CXV.
252 498 321 563 130.
357 496 514 577 Quomodo
549 495 685 573 tabulae,
720 514 796 576 quas
831 501 897 559 erat
921 495 1022 559 Moses
1057 498 1113 559 deo
1148 516 1157 559 ι

234 603 423 684 praesciente
451 600 617 682 fracturus,
647 618 707 663 nou
736 599 872 662 hominis
901 617 977 679 opus
1006 598 1151 662 dicautur

234 704 421 788 posteriores
444 721 517 766 uero
541 703 676 768 tamdiu
699 703 731 766 iu
755 702 953 767 tabernaculo
971 702 1020 765 dei
1035 720 1157 766 mansur

235 808 359 873 homine
384 805 503 870 excisae
526 807 588 869 siut
612 806 662 870 uel
687 806 886 888 conscriptae.

132 911 242 979 CXVI.
273 912 344 977 131.
379 909 464 989 Quae
493 910 534 973 sit
568 908 796 973 inremissibilis
829 908 1023 990 blasphemia
1053 910 1085 972 in
1115 909 1157 991 spi

234 1016 385 1080 sanctum.

133 1117 260 1184 (1111111.
285 1118 355 1182 132.
380 1117 426 1180 De
447 1116 497 1180 bis
521 1115 574 1197 qui
597 1114 710 1179 cotidie
732 1118 764 1178 et
786 1115 834 1178 his
858 1113 910 1196 qui
933 1133 1058 1196 perraro
1081 1123 1156 1181 comi

234 1225 317 1295 cant,
342 1221 392 1285 nel
416 1221 512 1285 etiam
535 1219 582 1282 his
606 1218 658 1301 qni
682 1217 714 1280 in
738 1237 814 1282 cena
830 1217 947 1282 domini
971 1218 1156 1298 postcomm

198 1311 201 1316 ’
235 1325 338 1388 cibum
376 1323 597 1387 eucharistiam
632 1339 753 1385 sumere
789 1324 1034 1402 consueuernnt;
1071 1322 1156 1386 uarie

235 1427 330 1492 etiam
365 1425 618 1490 celebrandorum
654 1429 918 1489 sacramentorum
954 1424 987 1489 in
1017 1423 1147 1489 diuersis

233 1530 305 1594 fidei
329 1549 390 1594 non
413 1529 528 1593 obesse.

132 1633 276 1699 CXVIII.
301 1633 372 1697 133.
407 1632 488 1712 Quid
518 1632 577 1697 sibi
608 1631 685 1694 uelit
707 1632 737 1695 in
760 1631 967 1696 celebratione
997 1632 1129 1712 paschae
1152 1655 1156 1690 ι

233 1738 317 1801 natio
340 1737 460 1800 sabbati
484 1737 516 1799 et
539 1736 644 1816 lunae;
670 1741 702 1798 et
726 1735 763 1798 de
788 1735 1025 1817 quadragesima
1048 1734 1098 1798 nel
1123 1736 1156 1798 de

234 1840 376 1904 sonantia
398 1840 592 1920 pentecostes
616 1839 760 1928 cumdio
783 1839 861 1920 legis
884 1839 983 1903 datae.

133 1943 294 2010 cxviiii.
320 1943 390 2007 134.
415 1943 461 2006 De
483 1941 532 2004 his
556 1943 609 2024 qui
631 1943 668 2005 de
683 1939 807 2024 paginis
823 1940 1009 2024 euangelicis
1024 1945 1123 2005 sortes
1140 1942 1156 2005 l

132 2046 225 2114 CXX.
252 2047 321 2112 135.
350 2044 438 2125 Quod
467 2045 500 2108 in
527 2046 633 2128 genesi
664 2044 728 2109 dies
756 2062 775 2109 a
805 2044 872 2107 luce
903 2044 1061 2126 coeperint
1083 2038 1155 2109 etn

233 2150 376 2213 noctibus
400 2151 629 2229 computentur.

133 2252 337 2318 CXXI.·136.
371 2251 528 2332 Quomodo
559 2253 729 2316 secundnm
760 2251 892 2335 figuram
916 2249 1009 2315 Ionae
1039 2255 1103 2316 tres
1135 2251 1157 2316 d}

234 2360 297 2420 tres
321 2361 427 2420 noctes
450 2356 481 2418 in
505 2355 648 2437 passione
670 2356 785 2420 domini
810 2358 1037 2436 computentur.

237 2458 320 2541 [131.
345 2456 407 2522 Cur
430 2459 481 2523 hic
503 2460 586 2524 malo
609 2460 728 2523 homini
752 2459 831 2523 bene
854 2459 896 2522 sit
919 2458 968 2522 uel
991 2460 1070 2523 bono
1094 2461 1157 2524 mal

233 2561 315 2626 libro
339 2563 375 2626 de
400 2563 596 2643 prouidentia
619 2563 689 2647 dei]

132 2663 259 2731 cxxu.
287 2665 356 2728 138.
380 2665 460 2745 Quid
485 2665 516 2729 in
540 2664 620 2729 libro
644 2665 819 2731 ecclesIaste
837 2666 982 2732 Salomon
998 2667 1034 2729 de
1057 2666 1104 2728 bis
1123 2682 1157 2746 qu

233 2768 290 2833 hac
312 2768 380 2832 uita
404 2768 490 2832 bonis
513 2768 667 2849 malleque
690 2769 753 2832 siut
777 2769 952 2834 communia
980 2767 1155 2851 disputarit.

130 2870 273 2937 CXXIII.
301 2872 371 2935 139.
402 2871 520 2950 Quibus
549 2872 710 2935 sententiis
740 2871 857 2937 domiui
881 2873 1023 2937 diuinum
1047 2870 1157 2935 iudiciu

186 3008 189 3013 ·
234 2974 295 3038 fine
319 2973 460 3037 inimum
484 2974 598 3038 saeculi
622 2974 806 3040 declaretur.
1151 3057 1155 3063 g

130 3076 291 3144 GXXIIII.
318 3078 387 3142 140.
414 3078 457 3141 De
480 3078 602 3142 diuersa
617 3079 796 3160 opinatione
820 3081 916 3144 trium
940 3078 1076 3144 fidelium
1093 3097 1157 3144 sero

233 3184 355 3263 tempus
377 3182 670 3245 adrentus-domini
692 3183 923 3247 arbitrantium.
1105 3180 1106 3183 ’

131 3283 255 3350 CXXV.
281 3284 351 3347 141.
376 3283 460 3362 Quae
484 3284 525 3347 sit
548 3288 649 3365 prima
672 3287 862 3364 resurrectio,
887 3288 1129 3369 quae'se‘cunda.

130 3384 269 3452 CXXVI.
296 3387 366 3480 142.
394 3387 440 3450 De
462 3385 582 3451 duabus
604 3389 883 3454 resurrectionibus
906 3394 939 3454 et
962 3385 1049 3453 mille
1071 3389 1158 3454 anuis

130 3488 297 3555 CXXVII·
316 3489 384 3552 143.
410 3490 455 3553 De
478 3490 661 3574 alligatione
682 3495 713 3555 et
735 3493 889 3557 solutione
912 3492 1042 3558 diaboli·
1082 3519 1085 3521 ’

131 3591 305 3657 CXXVIII.
338 3591 407 3656 144.
439 3592 517 3670 Quid
542 3594 789 3677 respondendum
814 3597 855 3660 sit
878 3597 921 3660 eis
944 3597 1001 3678 qui>
1019 3595 1132 3677 putant
1153 3612 1159 3659 1

231 3696 398 3760 rectionem
423 3696 462 3759 ad
486 3699 551 3761 sola
582 3717 716 3780 corpora,
748 3719 809 3763 non
832 3701 929 3764 etiam
953 3701 1133 3764 adanimas
1157 3717 1159 3780 j

143 3869 147 3877 ¹
231 3817 313 3874 uere,
332 3799 471 3883 primam
491 3802 522 3865 in
536 3802 597 3878 nac
614 3802 681 3867 uita
696 3804 955 3868 resurrectionem
972 3805 1039 3868 fieri
1052 3805 1159 3887 deneg

180 3986 196 4038 5
215 3976 269 4054 spu
283 3976 329 4041 ec—o
348 3987 373 4040 V
462 3989 570 4042 Scaena
587 3989 612 4041 V
695 4007 857 4045 communem
876 3993 914 4045 G:
932 3993 1142 4047 communionem

128 4071 145 4124 9
170 4073 301 4147 uarietate
330 4074 356 4126 V
458 4075 490 4127 12
513 4073 662 4147 obseruatio
688 4077 725 4131 G:
754 4078 858 4131 uacatio
886 4077 912 4132 V
1014 4079 1046 4131 18
1065 4079 1139 4132 iona*

132 4155 159 4212 7
258 4159 293 4212 21
315 4160 384 4215 libro
407 4161 563 4214 ecclesiaste·
575 4164 684 4230 scripsi:
714 4161 789 4217 libris
808 4164 971 4218 ecclesiastes
993 4163 1020 4216 V
1120 4165 1155 4218 25

133 4241 161 4299 V
258 4245 292 4298 29
310 4244 412 4299 duobus
437 4247 463 4299 V
560 4247 595 4301 30
613 4248 770 4318 allegatione
793 4249 823 4302 V<
1076 4259 1077 4262 ’
1122 4228 1135 4246 ⁴¹
