2760 4814
129 281 194 349 834
612 270 779 341 Eugippii

130 472 194 537 eati
215 466 397 534 curiosiores
425 465 503 529 fiant
526 468 558 528 et
581 482 647 529 sese
669 461 770 545 magis
791 458 952 544 magisque
983 460 1137 527 inserant
1166 458 1265 527 mulli·

130 675 259 741 oationis
288 673 410 738 animae
439 669 608 736 salubriter
636 668 744 733 diuina
771 666 928 750 scriptura
948 682 1016 731 non
1039 666 1151 733 taouit
1176 684 1264 749 neque

130 778 170 843 ab
206 796 243 843 ea
278 778 324 841 sie
360 774 513 840 deterruit
548 772 703 850 animam,
746 772 783 836 ut
818 773 982 853 propterea
1020 768 1109 835 talia
1147 772 1265 855 negaret

131 897 199 944 esse
235 876 395 956 seotanda,
433 875 508 957 quia
542 874 622 940 falsa
654 874 802 939 dicamur
832 889 852 935 a
879 870 1119 956 professoribus
1157 888 1285 945 sotumi

131 982 186 1047 sed
207 980 313 1047 etism:
341 978 376 1044 si
404 977 586 1044 dixerint
613 978 745 1052 uobis,
773 975 893 1059 inquit,
916 980 955 1041 et
976 974 1040 1040 ita
1061 974 1262 1049 euenerit.

130 1105 176 1151 ne
204 1081 379 1150 credatis
409 1080 476 1148 eis.
514 1080 687 1145 nonenim
716 1080 790 1162 quia
818 1080 922 1161 imago
944 1076 1133 1147 Samuhelis
1157 1076 1262 1145 mortui

130 1187 206 1253 Saul
233 1189 298 1269 regi
325 1201 399 1249 uera
427 1182 655 1266 pronuntiauit,
685 1183 849 1265 propterea
877 1182 957 1247 talia
984 1182 1175 1267 saerilsgia,
1202 1180 1262 1267 qui·

131 1289 190 1355 bns
211 1290 316 1371 imago
338 1286 394 1351 illa
408 1286 608 1370 praesentata
621 1286 682 1362 est,
698 1286 804 1350 minus
820 1284 990 1350 execranda
1013 1286 1105 1366 sunt,
1128 1289 1186 1353 aut
1198 1281 1262 1369 quia

130 1392 311 1459 indutibus
334 1390 544 1473 apostolorum
566 1388 767 1472 uentriloqua
789 1389 906 1453 femina
919 1407 1032 1454 nemm
1047 1390 1284 1456 testimonium·

131 1494 290 1577 perhibuit
312 1492 461 1577 apostolis
484 1493 614 1572 domini,
637 1493 705 1558 ideo
728 1493 846 1559 Paulus
869 1492 1028 1576 apostolus
1051 1496 1199 1578 pepercit
1217 1491 1260 1559 illi

132 1596 258 1681 spiritui
288 1614 325 1661 ae
354 1613 415 1661 non
444 1596 550 1679 potius
580 1595 731 1662 feminam
759 1596 847 1662 illiue
876 1594 1032 1661 daemonii
1067 1598 1259 1683 eorreptiem

132 1704 227 1783 atque
256 1698 431 1764 exclusione
460 1698 635 1765 mundanit
678 1717 786 1764 omnes
816 1699 917 1783 igitur
946 1702 1034 1764 artes
1057 1700 1160 1768 huius
1182 1700 1258 1767 modi

131 1804 183 1870 uel
204 1802 385 1886 nugatoriae
408 1802 459 1866 uel
488 1802 596 1867 noxiae
625 1802 856 1884 superstitionis
886 1821 923 1867 ex
952 1801 1093 1885 quanam
1117 1804 1258 1888 pestifere

131 1908 283 1972 societate
304 1905 467 1971 hominum
490 1908 522 1968 et
544 1905 731 1970 daemonum
753 1910 843 1988 quasi
864 1906 956 1988 panta
970 1904 1114 1973 infidelis
1131 1914 1167 1975 et
1181 1910 1282 1976 debu

130 2028 183 2075 sae
211 2008 369 2075 amicitiae
399 2007 572 2073 constituta
600 2010 723 2090 penitus
745 2012 819 2073 sunt
841 2008 1034 2091 repudianda
1057 2012 1092 2076 et
1114 2011 1257 2097 fugiende

131 2112 308 2190 christiano,
342 2130 419 2176 non
449 2109 550 2193 quod
578 2110 724 2176 idolum
754 2113 809 2176 sit
831 2110 1001 2193 aliquid,
1024 2113 1074 2178 ait
1094 2116 1256 2199 apostolus,

130 2218 197 2283 sed
229 2216 319 2299 quia
347 2232 444 2297 quse
473 2214 685 2278 immolant
706 2215 858 2298 gentes,
885 2214 1111 2281 daemoniis
1135 2218 1257 2285 immo-

131 2319 217 2384 lant
254 2320 293 2384 et
332 2333 412 2381 non
444 2317 527 2400 deo,
564 2315 655 2381 uolo
690 2333 759 2383 uos
794 2319 921 2383 socios
957 2319 1256 2389 daemoniorum

130 2422 232 2488 fieri.
277 2420 359 2503 quod
388 2420 494 2485 autem
517 2419 556 2485 ds
581 2418 674 2485 idelis
697 2423 729 2486 et
751 2421 1026 2500 immolationibus,
1050 2441 1136 2506 qnae
1157 2422 1281 2493 bonone

129 2542 236 2590 eorum
258 2523 451 2606 exhibentur,
475 2522 554 2588 dixit
575 2523 744 2607 spostolus,
767 2524 826 2590 boe
849 2525 887 2589 de
902 2524 1045 2591 omuibus
1061 2525 1255 2614 imaginariis

130 2626 231 2710 signis
260 2624 457 2693 sentiendum
487 2629 543 2705 eet,
573 2645 652 2709 quae
681 2628 734 2692 uel
763 2627 802 2693 ad
829 2628 950 2693 nultum
971 2627 1128 2697 idolorum
1150 2634 1203 2699 nel
1220 2630 1255 2697 ad

132 2729 308 2796 ereaturam
332 2728 460 2811 eiusque
481 2734 587 2810 partes
602 2732 767 2813 tamquam
789 2730 883 2796 deum
898 2729 1044 2797 oolendas
1059 2733 1198 2801 trahunt
1210 2732 1254 2801 ud

132 2833 173 2899 ad
207 2832 416 2898 remediorum
446 2831 640 2915 aliarumque
670 2833 925 2900 obseruationum
953 2851 1063 2899 euram
1092 2840 1253 2921 pertinent,

130 2953 209 3018 quae
237 2954 300 3001 non
329 2938 406 2999 sunt
434 2935 586 3001 diuinitus
608 2938 647 3003 ad
669 2936 866 3002 dilectionem
890 2937 942 3002 dei
965 2939 997 3004 et
1017 2941 1155 3022 proximi
1175 2944 1276 3007 tam-⁵

130 3057 226 3122 quam
255 3038 379 3122 publioe
403 3038 585 3123 eonstituta,
609 3041 665 3105 sed
687 3058 742 3122 per
763 3041 902 3125 priuatas
924 3041 1135 3125 appetitiones
1156 3060 1249 3110 rernm

129 3142 351 3225 temporalium
374 3142 468 3208 eorda
489 3144 643 3227 dissipant
658 3144 851 3211 miserorum.
888 3144 922 3209 in
938 3145 1086 3211 omnibus
1101 3164 1174 3233 ergo
1187 3144 1247 3213 ists

230 3326 498 3392 eueut.13,1-u
601 3326 972 3398 tot.11esg.28,14-20
1006 3328 1102 3395 (Eceli.
1118 3332 1161 3397 46,
1176 3328 1216 3395 w)

130 3411 163 3467 10
179 3412 213 3471 tf.
230 3413 290 3468 Aet
310 3415 353 3483 16,
372 3413 475 3469 16-18
579 3412 611 3466 17
629 3412 643 3466 Ι
662 3412 720 3469 Cor.
740 3414 881 3484 10,1ssq.

180 3573 484 3674 lmegis1manrgis(m
496 3584 547 3639 set
559 3601 594 3638 m.
606 3585 636 3652 2)
654 3584 679 3640 V
771 3587 789 3640 2
801 3585 1062 3654 superstitiosissimi
1076 3588 1113 3643 Vt
1130 3582 1239 3658 penninis·

128 3686 230 3741 sissimi
255 3704 275 3741 a
375 3690 393 3744 3
419 3688 564 3743 salubriter
591 3689 676 3745 GPo:
706 3687 847 3743 salubliter
875 3690 902 3745 V
1006 3692 1026 3745 4
1051 3696 1186 3761 propterea
1209 3680 1237 3738 V*

128 3776 265 3845 proptera
358 3776 374 3830 'l
386 3793 439 3831 non
451 3776 523 3831 euim
535 3774 668 3846 quia-13
679 3776 828 3832 exclusione
839 3776 985 3831 mundanit
999 3776 1037 3831 V:
1054 3794 1107 3834 osa
1121 3778 1186 3836 GPu

129 3860 163 3915 13
179 3863 252 3916 artes
268 3877 303 3915 a:
327 3863 445 3917 artitioes
464 3862 563 3918 GPVo
649 3862 682 3917 14
695 3862 900 3931 superstitiones
914 3862 957 3919 uo
1044 3866 1079 3921 16
1097 3854 1235 3935 remutet*
1293 3878 1295 3887 ·

127 3961 144 4000 o
230 3946 264 4001 18
281 3950 375 4016 gentes
387 3947 457 4003 PV:
482 3964 532 4003 om.
552 3948 597 4005 (io
682 3948 816 4003 murenis
829 3949 887 4004 P¹o
972 3949 1008 4004 20
1024 3942 1234 4007 monateriis·

133 4032 169 4088 V:
198 4030 232 4087 de
252 4032 484 4086 immolationibus
508 4033 551 4089 Gn
660 4032 695 4087 21
720 4035 842 4089 omuibus
866 4034 951 4090 uro:
981 4034 1139 4092 hominibus
1162 4036 1187 4091 P

127 4118 163 4171 22
178 4133 246 4188 qnae
256 4119 300 4174 nel
312 4117 489 4188 ad-p.835,
502 4119 536 4173 10
552 4120 655 4189 aliquid
666 4121 832 4191 percutiatur
849 4121 885 4176 V:
913 4137 966 4178 om.
986 4121 1059 4179 (sva
1149 4122 1183 4179 2³
1195 4120 1236 4171 111·

126 4203 198 4259 hunt
214 4221 247 4259 a:
275 4204 387 4260 tradunt
408 4203 436 4258 V
