2760 4814
169 311 236 376 524
656 308 816 379 Eugippii

171 519 238 564 esse
260 517 322 564 non
344 502 483 574 credunt,
508 498 567 564 hoc
590 498 678 564 nobis
701 518 799 564 unum
822 499 938 582 grande
960 501 1146 567 miraculum
1169 502 1302 581 sufficit,

171 601 254 685 qnod
276 621 344 667 earn
368 604 521 667 terrarum
544 602 628 667 orbis
651 604 718 667 sine
732 604 816 668 'ullis
839 604 998 669 miraculis
1021 604 1163 671 credidit.

177 729 180 735 '
215 723 399 789 Recolamus
431 725 527 788 etiam
557 725 615 789 hoc
644 725 711 789 loco
741 723 822 788 illud
853 724 934 805 quod
965 727 1003 790 de
1026 726 1153 790 Romuli
1180 726 1303 790 credita

172 826 339 892 diuinitate
361 826 484 891 Tullius
515 826 698 892 admiratur.
737 828 831 892 uerba
861 826 927 891 eins
956 828 993 891 ut
1015 828 1132 911 scripta
1154 831 1228 892 sunt
1252 829 1303 892 in·

172 949 281 995 seram.
313 932 433 1015 „magis
448 929 515 995 est“
539 930 642 1012 inquit
667 930 717 1015 „in
740 930 874 996 Romulo
897 931 1123 1007 admirandum,
1147 933 1227 1014 quod
1251 950 1340 996 ces

170 1034 242 1110 teri,
266 1033 390 1114 quidsi
414 1052 450 1098 ex
472 1033 651 1099 hominibus
674 1033 749 1097 lacti
772 1052 838 1096 esse
861 1033 1017 1110 dicuntur,
1040 1033 1144 1098 minus
1166 1033 1303 1097 eruditis

171 1136 333 1202 hominurn
363 1136 497 1201 saeculis
527 1135 661 1211 fuerunt,
692 1140 729 1199 ut
758 1135 895 1218 fingendi
925 1135 1073 1219 procliuis
1104 1140 1185 1199 esset
1207 1136 1302 1213 ratio,

171 1257 242 1304 cum
262 1239 399 1320 imperiti
417 1239 510 1304 facile
526 1238 564 1302 ad
581 1239 769 1303 credendum
785 1239 1030 1321 impellerentur,
1049 1238 1177 1305 Romuli
1192 1241 1302 1303 autem

171 1343 309 1407 aetatem
343 1342 447 1406 minus
482 1342 530 1406 his
564 1341 714 1406 sescentis
745 1344 833 1407 annis
867 1345 928 1407 iam
965 1343 1149 1407 inueteratis
1181 1341 1302 1407 litteris

171 1445 265 1527 atque
289 1443 438 1508 doctrinis
462 1446 607 1527 omnique
628 1445 684 1509 illo
700 1445 829 1527 antiquo
844 1466 880 1510 er
903 1446 1025 1511 inculta
1047 1445 1208 1510 hominnm
1230 1445 1340 1511 uitare

172 1566 274 1613 errore
297 1546 419 1612 sublato
442 1546 538 1612 fnisse
559 1547 746 1612 cemimus.“
782 1553 814 1613 et
837 1548 929 1631 paulo
952 1553 1023 1631 post
1045 1550 1083 1612 de
1105 1549 1212 1613 eodem
1235 1548 1302 1613 Ro-

171 1650 258 1715 mulo
287 1650 333 1714 ita
354 1649 502 1730 loquitur,
537 1648 618 1730 qnod
648 1649 686 1714 ad
717 1649 799 1715 hunc
820 1651 957 1732 pertinet
979 1668 1120 1715 sensum:
1160 1667 1302 1734 „exque

171 1752 314 1835 intellegi
336 1750 454 1833 potest“
478 1751 583 1832 inquit
607 1752 790 1836 „permultis
814 1753 902 1817 annis
921 1753 994 1817 ante
1009 1754 1180 1819 Homerum
1203 1751 1301 1817 fuisse

171 1872 265 1937 quam
287 1854 465 1929 Romulum,
489 1857 525 1919 ut
547 1855 611 1919 iam
634 1855 733 1919 doctis
757 1855 935 1921 huminibus
951 1874 987 1920 ac
1008 1856 1200 1938 temporibus
1222 1853 1302 1937 ipsis

171 1957 304 2022 eruditis
337 1957 376 2021 ad
409 1957 589 2040 fingendum
625 1958 679 2023 uir
709 1959 875 2041 quicquain
908 1964 990 2023 esset
1019 1959 1091 2023 loci.
1129 1957 1302 2039 antiquitas
1312 1986 1339 2026 ιε

171 2060 256 2124 enirn
280 2060 398 2144 recepit
421 2062 542 2127 fabulas
558 2063 648 2127 fictas
664 2066 759 2127 etiam
775 2081 1007 2144 nonnumquam
1030 2062 1202 2144 incondite3
1226 2061 1303 2126 haec

172 2169 258 2229 aetas
280 2169 385 2229 autem
408 2165 471 2228 iarn
494 2167 615 2231 exculta
637 2168 821 2248 praesertim
845 2167 972 2231 eludens
995 2184 1096 2243 omne,
1127 2169 1208 2246 quod
1232 2165 1301 2230 fieri

171 2284 233 2331 non
255 2269 369 2350 potest,
392 2267 541 2351 respuit.“
573 2287 652 2334 unus
674 2288 691 2333 e
714 2288 841 2334 numero
864 2268 1114 2335 doctissimorum
1137 2268 1301 2333 hominum

171 2371 316 2453 idemque
359 2372 634 2454 eloquentissimus
678 2373 819 2436 omninm
863 2371 989 2437 Marcus
1026 2371 1150 2437 Tullius
1192 2371 1301 2436 Cicero

171 2476 333 2556 propterea
355 2474 432 2540 dicit
455 2476 656 2540 diuinitatem
672 2475 799 2539 Romuli
821 2474 1013 2541 mirabiliter
1029 2476 1190 2553 creditam,
1214 2478 1341 2556 qnodso

170 2577 295 2641 erudita
323 2577 387 2641 ium
417 2581 558 2660 tempora
579 2578 717 2654 fuerunt,
746 2596 824 2660 qnae
846 2579 1019 2645 falsitatem
1043 2595 1103 2643 non
1128 2581 1303 2661 reciperent

171 2677 361 2745 fabularum.

215 2780 275 2847 Sed
305 2782 398 2847 ualde
429 2781 597 2848 ridiculum
627 2786 676 2848 est
702 2783 739 2847 de
762 2784 889 2848 Romuli
919 2785 998 2849 salsa
1020 2784 1196 2867 diuinitate,
1226 2802 1300 2850 cnm

169 2882 353 2950 oronnae
382 2885 550 2968 loquimur,
584 2885 685 2952 facere
715 2887 914 2952 mentionem.
960 2906 1070 2953 uerum
1098 2891 1302 2953 tamencum

170 2990 317 3055 sescentis
346 2987 444 3054 ferme
472 2989 563 3054 annis
593 2992 666 3055 ante
692 2988 875 3056 Ciceronem
896 2991 1049 3057 Romulus
1079 2990 1175 3055 fuerit
1205 2994 1340 3073 atquem

169 3092 227 3158 illa
249 3094 334 3158 aetas
363 3092 426 3157 iam
457 3092 553 3157 fuisse
583 3092 733 3158 doctrinis
754 3091 879 3158 dicatur
900 3093 1037 3173 exculta,
1068 3094 1105 3158 ut
1126 3096 1208 3175 qnod
1230 3093 1302 3160 fieri

170 3213 232 3261 non
254 3196 357 3278 potest
378 3214 469 3261 omne
490 3197 661 3278 respueret,
684 3197 915 3280 quantomagis
937 3200 1009 3279 post
1023 3201 1179 3262 sescentos
1200 3214 1302 3263 annos

272 3380 590 3450 lfflmmssw

221 3551 239 3606 2
263 3568 320 3606 earn
342 3553 379 3608 V:
408 3569 469 3607 oum
493 3553 562 3607 Pru
664 3554 682 3608 4
708 3553 825 3624 Tullius]
854 3553 930 3608 illius
956 3571 972 3608 o
1075 3557 1092 3610 5
1118 3557 1146 3609 in
1175 3555 1302 3628 Romulo]

169 3638 270 3691 romule
296 3655 312 3691 o
415 3639 568 3694 mirandum
594 3657 611 3695 o
712 3642 729 3695 6
756 3641 798 3695 dei
827 3641 891 3696 TV:
920 3641 960 3695 dii
986 3658 1003 3697 o
1106 3643 1121 3695 'l
1148 3642 1219 3696 ratio
1247 3644 1303 3701 To:

168 3722 255 3777 oratio
277 3721 302 3777 V
401 3724 418 3778 9
435 3726 562 3795 aetatem]
581 3741 666 3781 omo
763 3727 816 3796 his]
835 3742 886 3781 om.
907 3727 942 3781 Τ*
1041 3729 1169 3782 sexcentis
1188 3729 1231 3783 Po

167 3807 326 3862 inueteratis
353 3808 417 3863 TV:
443 3811 561 3864 inuentis
584 3827 601 3866 o
704 3811 738 3866 10
760 3813 883 3882 omnique
905 3829 936 3867 a:
965 3813 1136 3884 omniumque
1164 3812 1205 3866 Vc
1229 3831 1302 3869 som·

168 3893 296 3962 utumque
320 3893 346 3946 T
446 3896 480 3949 13
504 3897 651 3964 permultos
669 3913 787 3953 annoso
889 3914 1007 3953 omarum
1034 3899 1087 3954 TV
1190 3901 1221 3954 14
1245 3901 1302 3956 iarn

171 3977 236 4034 TV:
264 3983 355 4034 tamo
447 3981 480 4035 16
497 3981 628 4049 recipito
720 3984 906 4038 inconditnso
997 3985 1030 4038 17
1048 3986 1203 4053 praesertim
1223 3991 1303 4049 (rtim

167 4080 187 4118 o
203 4080 237 4119 eru
251 4066 272 4117 2
288 4063 320 4116 io
336 4072 402 4128 ras.)
429 4066 454 4119 Τ
553 4067 913 4140 meretricularum
1016 4071 1175 4126 merulus
1197 4073 1230 4126 Τι

166 4151 201 4207 25
219 4150 351 4203 sexcentis
369 4156 431 4215 (om.
449 4153 555 4222 cum)o
657 4154 691 4208 26
715 4157 819 4211 dicutur
845 4157 908 4211 TV=
936 4156 1050 4212 dictae
1154 4161 1306 4216 excultu—

165 4234 311 4306 respueret]
331 4251 415 4291 omo
