2760 4814
313 325 475 393 Excerpta
492 342 527 379 ex
545 342 613 395 opp.
634 327 659 383 S.
677 327 867 396 Augustini
891 326 1088 384 CCLXXXIII.
1203 330 1263 395 911

135 517 233 582 faciet
256 519 337 598 quod
360 517 492 581 iubetur.
519 518 594 580 tuuc
617 516 701 580 onim
723 515 800 580 utile
824 520 872 580 est
894 517 986 593 uelle,
1005 536 1075 582 cnm
1091 537 1264 602 possumne,

134 623 168 684 et
200 621 274 684 tunc
303 619 378 684 utile
408 622 457 683 est
483 637 580 702 posse,
610 638 681 683 oum
704 618 857 683 uolumus.
892 637 964 683 nam
986 619 1061 701 quid
1083 621 1215 703 prodest,
1237 622 1265 685 si

134 723 217 805 quod
252 739 313 786 non
347 741 508 803 possumus
541 723 686 787 uolumus
716 723 771 786 aut
800 720 881 802 quod
903 740 1068 804 possumus
1095 724 1265 789 nolumus?

178 842 328 924 Magnum
357 841 477 924 aliquid
508 861 541 907 se
564 842 643 906 scire
665 841 828 924 Pelagiani
849 846 971 924 putant,
995 843 1115 925 quando
1140 844 1264 909 dicunt:

111 965 221 1026 s„non
243 947 364 1011 iuberet
380 947 454 1011 deus
470 944 552 1029 quod
573 946 667 1011 sciret
689 964 750 1010 non
766 965 853 1028 posse
869 948 907 1011 ab
930 947 1055 1011 homine
1071 946 1168 1014 fieri‘.
1197 948 1265 1030 quis

135 1050 194 1115 hoc
210 1050 351 1114 nesciat?
370 1054 402 1114 et
417 1049 485 1114 ideo
501 1048 589 1113 iubet
604 1049 717 1131 aliqua,
734 1067 810 1133 quae
826 1069 888 1115 non
903 1068 1075 1132 possumus,
1091 1052 1127 1114 ut
1143 1051 1267 1115 noueri-

135 1170 208 1217 mus
236 1152 311 1234 quid
340 1153 378 1217 ab
402 1152 457 1218 illo
479 1155 583 1236 petere
606 1153 781 1217 debeamus.
814 1153 883 1235 ipsa
905 1154 951 1217 est
974 1154 1056 1218 euim
1079 1153 1162 1227 fides,
1186 1172 1266 1236 qnae

135 1257 250 1322 orando
274 1257 421 1340 impetrat
444 1260 524 1338 quod
547 1257 595 1321 ler
618 1257 760 1338 imperat.
799 1256 928 1339 denique
951 1256 1015 1338 ipse
1039 1258 1093 1339 qui
1115 1257 1209 1322 dixit:
1232 1259 1266 1321 si

136 1360 330 1439 nolueris,
354 1360 618 1425 conseruatis
641 1361 840 1438 mandata,
864 1360 897 1425 in
914 1361 1114 1426 eodemlibro
1131 1360 1266 1425 Ecclesi-

98 1465 236 1531 suessico
266 1464 425 1547 aliquanto
455 1467 526 1545 post
555 1463 647 1528 dicit:
675 1465 765 1545 quis
795 1463 906 1529 dabit
933 1465 976 1527 in
1008 1482 1073 1528 ore
1103 1482 1184 1529 meo
1207 1482 1267 1528 cu·

136 1566 326 1650 stodiam,
350 1570 390 1631 et
412 1586 529 1649 super
556 1566 666 1631 labia
689 1585 770 1631 mea
792 1567 1046 1648 signaculum
1070 1569 1266 1641 astutum,

136 1689 182 1735 ne
206 1670 311 1735 forte
334 1670 470 1735 cadam
489 1669 532 1733 ab
551 1687 604 1751 eo,
623 1672 663 1734 et
680 1670 820 1754 lingua
838 1690 923 1735 mea
940 1670 1084 1754 perdat
1103 1673 1181 1735 mc?
1204 1671 1267 1736 iam

135 1776 223 1839 certe
245 1773 394 1838 mandata
415 1777 592 1855 acceperat:
615 1772 754 1837 cohibe
778 1773 951 1857 linguatu
976 1777 1081 1837 tuam
1105 1792 1124 1838 a
1146 1774 1267 1851 malo,

136 1881 176 1942 ct
198 1876 308 1942 labie
329 1879 399 1941 tua
421 1895 469 1940 ne
492 1878 706 1959 loquantur
729 1876 870 1942 dolum.
904 1895 973 1941 cnm
997 1895 1068 1960 ergo
1092 1896 1201 1941 uerum
1224 1877 1267 1941 sit

102 1981 220 2065 nequod
249 1980 343 2043 dixit:
377 1980 412 2042 si
441 1979 638 2059 uolueris,
663 1979 920 2044 conseruatis
943 1978 1149 2057 mandata,
1172 1998 1267 2061 qnare

136 2086 260 2169 quaerit
283 2086 313 2148 in
329 2101 381 2148 ore
396 2101 451 2147 suo
467 2084 536 2149 dari
551 2082 732 2161 custodiam,
749 2083 861 2147 similis
876 2082 905 2146 ei
921 2083 972 2164 qui
990 2082 1067 2147 dicit
1082 2081 1114 2147 in
1129 2083 1265 2166 psalmo:

136 2207 248 2272 pone,
287 2186 455 2263 dominc,
494 2186 724 2251 custodiam
758 2186 819 2250 ori
853 2189 956 2249 meo?
997 2204 1057 2250 non
1090 2186 1119 2250 ei
1153 2186 1268 2251 sufficit

136 2292 321 2357 mandatum
351 2288 401 2355 dei
430 2294 462 2353 et
490 2290 634 2354 uoluntas
662 2308 727 2367 sua,
758 2288 881 2372 quando
911 2288 1047 2371 quidem,
1070 2288 1096 2353 si
1119 2290 1267 2367 noluerit,

137 2393 337 2462 conseruabit
365 2393 536 2458 mandata?
569 2413 663 2475 quam
693 2393 794 2458 multa
823 2394 872 2459 dei
895 2393 1043 2458 mandata
1065 2398 1139 2459 sunt
1161 2394 1269 2459 contre

105 2498 327 2581 usuperbiam.
365 2498 428 2560 iam
458 2497 546 2561 nouit
569 2515 621 2561 ea:
645 2498 672 2561 si
694 2497 838 2574 noluerit,
862 2498 1057 2562 conseruebit
1080 2515 1124 2562 ea.
1171 2494 1267 2579 quare

137 2622 211 2686 ergo
235 2600 326 2685 paulo
350 2606 420 2682 post
443 2601 537 2665 dicit:
562 2602 716 2665 dominc
732 2602 846 2682 pater
863 2603 898 2665 et
915 2600 1268 2674 deusuitaemeae,

138 2705 357 2772 elationem
385 2706 586 2768 oculorum
615 2722 658 2768 ne
685 2704 843 2767 dederis
867 2702 992 2767 mihi?
1016 2704 1078 2768 iam
1101 2704 1219 2768 dixerat
1241 2704 1269 2767 ei

137 2811 203 2876 lex:
234 2827 309 2874 non
340 2807 613 2889 concupisces3
644 2808 723 2871 uelit
752 2825 824 2889 ergo
852 2807 885 2871 et
912 2807 1008 2871 faciet
1030 2805 1111 2888 quod
1134 2806 1268 2879 iubetur,

138 2911 298 2995 quoniam,
322 2912 349 2976 si
371 2912 516 2989 noluerit,
540 2910 738 2975 conseruabit
762 2911 917 2976 mandata.
954 2930 1049 2993 quare
1072 2910 1213 2991 sequitur
1237 2914 1269 2973 et

105 3016 232 3082 adicit:
267 3014 637 3097 concupiscentiam
665 3018 802 3078 auerte
830 3033 848 3078 a
877 3015 954 3079 me?
984 3016 1093 3078 contro
1113 3012 1269 3077 luxuriam

139 3121 216 3185 dens
239 3137 335 3201 quam
356 3118 458 3183 multa
480 3118 655 3183 mandauit.
693 3117 791 3183 faciat
809 3138 853 3198 ea,
876 3118 959 3199 quia,
982 3117 1009 3181 si
1028 3116 1172 3193 uoluerit,
1196 3133 1267 3180 con·

138 3221 280 3289 seruabit
302 3224 457 3287 mandata.
495 3220 649 3302 quidest,
673 3220 754 3302 quod
776 3221 891 3285 clamat
915 3223 953 3285 ad
978 3221 1086 3285 deum:
1115 3217 1269 3283 uentris

141 3325 342 3409 appetitio
366 3329 403 3389 et
427 3325 662 3389 concubitus
686 3342 732 3388 ne
754 3323 1027 3406 apprehendat
1050 3325 1128 3387 me?
1150 3322 1268 3387 sihaeo

141 3430 170 3493 ei
184 3429 383 3512 inpraesenti
395 3429 575 3502 diceremus,
592 3426 765 3492 rectissime
778 3425 865 3491 nobis
881 3426 1080 3509 responderet
1093 3427 1125 3490 et
1138 3425 1268 3490 diceret:

243 3638 906 3709 emmmmwerwmmm
1000 3638 1201 3703 mmmm

143 3726 731 3795 mmmaafflmmmc
834 3724 1046 3787 mmmm

191 3922 529 3991 3autquod—nolnmus
549 3924 613 3978 GP:
641 3939 691 3977 ono.
709 3923 735 3976 V
817 3922 879 3975 det
895 3920 932 3974 V:
959 3922 1004 3974 sed
1025 3921 1080 3976 GP
1164 3920 1268 3989 Sqnod

142 4009 183 4065 lox
206 4010 322 4078 imperat
344 4009 423 4063 P‘V:
453 4026 501 4063 om.
527 4010 590 4064 (ἶΡι
693 4009 741 4077 qui
761 4008 829 4063 GV:
859 4023 910 4063 om.
928 4007 956 4062 P
1055 4009 1071 4061 9
1095 4007 1210 4061 nolueris
1233 4009 1269 4063 V:

144 4096 283 4150 nolueritis
306 4096 334 4150 P
436 4096 604 4150 conseruatis
628 4096 662 4149 V:
689 4094 881 4149 conseruabitis
899 4094 927 4147 P
1029 4094 1061 4147 16
1079 4094 1184 4161 quaerit
1203 4093 1270 4148 GP:

143 4180 298 4250 qmuetv
399 4180 434 4233 20
457 4182 481 4234 si
505 4182 572 4236 PV:
602 4183 674 4237 etsi
701 4182 727 4236 G
830 4180 1001 4235 conseruabit
1020 4179 1087 4234 GV:
1117 4179 1270 4234 obseruabit

144 4266 172 4319 P
270 4266 305 4321 22
322 4267 484 4321 solationem
506 4267 532 4321 V
632 4268 666 4321 23
683 4268 851 4336 concupisces
871 4272 894 4331 (e
913 4283 948 4321 cu
965 4268 974 4320 i
993 4281 1061 4321 corr.
1080 4281 1115 4319 m.
1128 4268 1159 4336 2)
1179 4265 1206 4320 P
