<?xml version="1.0" encoding="UTF-8"?>
<!DOCTYPE html PUBLIC "-//W3C//DTD XHTML 1.0 Transitional//EN"
    "http://www.w3.org/TR/xhtml1/DTD/xhtml1-transitional.dtd">
<html xmlns="http://www.w3.org/1999/xhtml" xml:lang="en" lang="en">
 <head>
  <title>
</title>
<meta http-equiv="Content-Type" content="text/html;charset=utf-8" />
  <meta name='ocr-system' content='tesseract 3.04.00' />
  <meta name='ocr-capabilities' content='ocr_page ocr_carea ocr_par ocr_line ocrx_word'/>
</head>
<body>
  <div class='ocr_page' id='page_1' title='image "./evgippiiexcerpt00kngoog/evgippiiexcerpt00kngoog_0510.png"; bbox 0 0 2760 4814; ppageno 0'>
   <div class='ocr_carea' id='block_1_1' title="bbox 136 257 778 328">
    <p class='ocr_par' dir='ltr' id='par_1_1' title="bbox 136 257 778 328">
     <span class='ocr_line' id='line_1_1' title="bbox 136 257 778 328; baseline -0.002 -17"><span class='ocrx_word' id='word_1_1' title='bbox 136 259 201 327; x_wconf 76' lang='grc'>486</span> <span class='ocrx_word' id='word_1_2' title='bbox 615 257 778 328; x_wconf 80' lang='lat' dir='ltr'>Eugippii</span> 
     </span>
    </p>
   </div>
   <div class='ocr_carea' id='block_1_2' title="bbox 70 447 1298 1976">
    <p class='ocr_par' dir='ltr' id='par_1_2' title="bbox 70 447 1298 1976">
     <span class='ocr_line' id='line_1_2' title="bbox 137 447 1261 531; baseline 0.002 -18"><span class='ocrx_word' id='word_1_3' title='bbox 137 467 216 531; x_wconf 81' lang='lat' dir='ltr'>quae</span> <span class='ocrx_word' id='word_1_4' title='bbox 237 467 363 514; x_wconf 90' lang='lat' dir='ltr'>sensum</span> <span class='ocrx_word' id='word_1_5' title='bbox 385 447 498 513; x_wconf 83' lang='lat' dir='ltr'>deteris</span> <span class='ocrx_word' id='word_1_6' title='bbox 520 449 641 531; x_wconf 76' lang='lat' dir='ltr'>perpeti</span> <span class='ocrx_word' id='word_1_7' title='bbox 663 450 760 531; x_wconf 89' lang='lat' dir='ltr'>possit</span> <span class='ocrx_word' id='word_1_8' title='bbox 782 449 974 530; x_wconf 82' lang='lat' dir='ltr'>mortemque</span> <span class='ocrx_word' id='word_1_9' title='bbox 988 467 1048 513; x_wconf 90' lang='lat' dir='ltr'>non</span> <span class='ocrx_word' id='word_1_10' title='bbox 1072 448 1179 531; x_wconf 80' lang='lat' dir='ltr'><strong>possit,</strong></span> <span class='ocrx_word' id='word_1_11' title='bbox 1201 450 1261 515; x_wconf 88' lang='lat' dir='ltr'>erit</span> 
     </span>
     <span class='ocr_line' id='line_1_3' title="bbox 137 550 1263 632; baseline 0.003 -18"><span class='ocrx_word' id='word_1_12' title='bbox 137 553 244 615; x_wconf 82' lang='lat' dir='ltr'>tumen</span> <span class='ocrx_word' id='word_1_13' title='bbox 266 555 340 615; x_wconf 89' lang='lat' dir='ltr'>tune</span> <span class='ocrx_word' id='word_1_14' title='bbox 363 550 436 615; x_wconf 84' lang='lat' dir='ltr'>tulis</span> <span class='ocrx_word' id='word_1_15' title='bbox 460 568 540 628; x_wconf 81' lang='lat' dir='ltr'>earo,</span> <span class='ocrx_word' id='word_1_16' title='bbox 564 551 666 632; x_wconf 82' lang='lat' dir='ltr'>qualis</span> <span class='ocrx_word' id='word_1_17' title='bbox 688 568 772 616; x_wconf 88' lang='lat' dir='ltr'>nune</span> <span class='ocrx_word' id='word_1_18' title='bbox 794 569 854 615; x_wconf 89' lang='lat' dir='ltr'>nen</span> <span class='ocrx_word' id='word_1_19' title='bbox 870 555 925 628; x_wconf 85' lang='lat' dir='ltr'>est,</span> <span class='ocrx_word' id='word_1_20' title='bbox 949 552 1030 615; x_wconf 88' lang='lat' dir='ltr'>sicut</span> <span class='ocrx_word' id='word_1_21' title='bbox 1051 550 1124 615; x_wconf 88' lang='lat' dir='ltr'>telis</span> <span class='ocrx_word' id='word_1_22' title='bbox 1148 551 1208 617; x_wconf 91' lang='lat' dir='ltr'>erit</span> <span class='ocrx_word' id='word_1_23' title='bbox 1231 556 1263 617; x_wconf 89' lang='lat' dir='ltr'>et</span> 
     </span>
     <span class='ocr_line' id='line_1_4' title="bbox 137 653 1263 736; baseline 0.001 -17"><span class='ocrx_word' id='word_1_24' title='bbox 137 673 230 734; x_wconf 88' lang='lat' dir='ltr'>mers,</span> <span class='ocrx_word' id='word_1_25' title='bbox 262 654 364 735; x_wconf 80' lang='lat' dir='ltr'>qualis</span> <span class='ocrx_word' id='word_1_26' title='bbox 388 671 472 717; x_wconf 88' lang='lat' dir='ltr'>nune</span> <span class='ocrx_word' id='word_1_27' title='bbox 493 673 554 718; x_wconf 88' lang='lat' dir='ltr'>nen</span> <span class='ocrx_word' id='word_1_28' title='bbox 577 659 632 719; x_wconf 85' lang='lat' dir='ltr'>est.</span> <span class='ocrx_word' id='word_1_29' title='bbox 674 673 734 718; x_wconf 92' lang='lat' dir='ltr'>nen</span> <span class='ocrx_word' id='word_1_30' title='bbox 757 654 838 717; x_wconf 91' lang='lat' dir='ltr'>euim</span> <span class='ocrx_word' id='word_1_31' title='bbox 863 653 959 734; x_wconf 84' lang='lat' dir='ltr'>nullu,</span> <span class='ocrx_word' id='word_1_32' title='bbox 990 654 1044 717; x_wconf 92' lang='lat' dir='ltr'>sed</span> <span class='ocrx_word' id='word_1_33' title='bbox 1074 657 1263 736; x_wconf 82' lang='lat' dir='ltr'>sempiterne</span> 
     </span>
     <span class='ocr_line' id='line_1_5' title="bbox 136 755 1262 849; baseline 0.001 -26"><span class='ocrx_word' id='word_1_34' title='bbox 136 775 220 823; x_wconf 90' lang='lat' dir='ltr'>mers</span> <span class='ocrx_word' id='word_1_35' title='bbox 242 756 311 835; x_wconf 82' lang='lat' dir='ltr'>erit,</span> <span class='ocrx_word' id='word_1_36' title='bbox 336 758 457 839; x_wconf 80' lang='lat' dir='ltr'>quando</span> <span class='ocrx_word' id='word_1_37' title='bbox 479 775 535 821; x_wconf 90' lang='lat' dir='ltr'>nee</span> <span class='ocrx_word' id='word_1_38' title='bbox 555 758 661 822; x_wconf 88' lang='lat' dir='ltr'>uiuere</span> <span class='ocrx_word' id='word_1_39' title='bbox 675 758 779 823; x_wconf 80' lang='lat' dir='ltr'>enims</span> <span class='ocrx_word' id='word_1_40' title='bbox 801 757 914 849; x_wconf 87' lang='lat' dir='ltr'>peterit</span> <span class='ocrx_word' id='word_1_41' title='bbox 930 755 1021 821; x_wconf 91' lang='lat' dir='ltr'>deum</span> <span class='ocrx_word' id='word_1_42' title='bbox 1038 773 1098 821; x_wconf 90' lang='lat' dir='ltr'>non</span> <span class='ocrx_word' id='word_1_43' title='bbox 1120 755 1262 824; x_wconf 82' lang='lat' dir='ltr'>habende</span> 
     </span>
     <span class='ocr_line' id='line_1_6' title="bbox 136 856 1297 943; baseline 0.001 -16"><span class='ocrx_word' id='word_1_44' title='bbox 136 880 193 927; x_wconf 87' lang='lat' dir='ltr'>nee</span> <span class='ocrx_word' id='word_1_45' title='bbox 215 861 372 927; x_wconf 86' lang='lat' dir='ltr'>doloribus</span> <span class='ocrx_word' id='word_1_46' title='bbox 395 856 529 942; x_wconf 86' lang='lat' dir='ltr'>eorporis</span> <span class='ocrx_word' id='word_1_47' title='bbox 558 880 662 926; x_wconf 79' lang='lat' dir='ltr'>serere</span> <span class='ocrx_word' id='word_1_48' title='bbox 691 859 859 926; x_wconf 87' lang='lat' dir='ltr'>moriendo.</span> <span class='ocrx_word' id='word_1_49' title='bbox 892 860 994 943; x_wconf 85' lang='lat' dir='ltr'>prims</span> <span class='ocrx_word' id='word_1_50' title='bbox 1016 878 1099 924; x_wconf 90' lang='lat' dir='ltr'>mors</span> <span class='ocrx_word' id='word_1_51' title='bbox 1122 861 1297 928; x_wconf 80' lang='lat' dir='ltr'>euimems</span> 
     </span>
     <span class='ocr_line' id='line_1_7' title="bbox 136 963 1260 1047; baseline -0.001 -16"><span class='ocrx_word' id='word_1_52' title='bbox 136 965 296 1032; x_wconf 79' lang='lat' dir='ltr'>nolentem</span> <span class='ocrx_word' id='word_1_53' title='bbox 328 964 459 1047; x_wconf 84' lang='lat' dir='ltr'>pellite</span> <span class='ocrx_word' id='word_1_54' title='bbox 482 980 616 1046; x_wconf 85' lang='lat' dir='ltr'>serpere,</span> <span class='ocrx_word' id='word_1_55' title='bbox 651 963 788 1028; x_wconf 86' lang='lat' dir='ltr'>seeunde</span> <span class='ocrx_word' id='word_1_56' title='bbox 821 980 904 1027; x_wconf 90' lang='lat' dir='ltr'>mors</span> <span class='ocrx_word' id='word_1_57' title='bbox 938 964 1076 1028; x_wconf 80' lang='lat' dir='ltr'>enimam</span> <span class='ocrx_word' id='word_1_58' title='bbox 1104 966 1260 1035; x_wconf 87' lang='lat' dir='ltr'>nolentem</span> 
     </span>
     <span class='ocr_line' id='line_1_8' title="bbox 135 1066 1262 1151; baseline -0.001 -16"><span class='ocrx_word' id='word_1_59' title='bbox 135 1069 222 1135; x_wconf 87' lang='lat' dir='ltr'>tenet</span> <span class='ocrx_word' id='word_1_60' title='bbox 251 1068 283 1133; x_wconf 90' lang='lat' dir='ltr'>in</span> <span class='ocrx_word' id='word_1_61' title='bbox 314 1084 456 1150; x_wconf 78' lang='lat' dir='ltr'>corpore:</span> <span class='ocrx_word' id='word_1_62' title='bbox 487 1066 527 1132; x_wconf 85' lang='lat' dir='ltr'>eb</span> <span class='ocrx_word' id='word_1_63' title='bbox 551 1070 680 1151; x_wconf 82' lang='lat' dir='ltr'>utreque</span> <span class='ocrx_word' id='word_1_64' title='bbox 707 1070 806 1133; x_wconf 85' lang='lat' dir='ltr'>morte</span> <span class='ocrx_word' id='word_1_65' title='bbox 837 1066 1096 1132; x_wconf 81' lang='lat' dir='ltr'>eemmuuiterid</span> <span class='ocrx_word' id='word_1_66' title='bbox 1117 1066 1262 1147; x_wconf 82' lang='lat' dir='ltr'>hebetur,</span> 
     </span>
     <span class='ocr_line' id='line_1_9' title="bbox 134 1169 1031 1254; baseline -0.003 -16"><span class='ocrx_word' id='word_1_67' title='bbox 134 1176 170 1238; x_wconf 91' lang='lat' dir='ltr'>ut</span> <span class='ocrx_word' id='word_1_68' title='bbox 192 1170 272 1254; x_wconf 91' lang='lat' dir='ltr'>quod</span> <span class='ocrx_word' id='word_1_69' title='bbox 295 1188 358 1236; x_wconf 90' lang='lat' dir='ltr'>nen</span> <span class='ocrx_word' id='word_1_70' title='bbox 380 1171 451 1236; x_wconf 88' lang='lat' dir='ltr'>uult</span> <span class='ocrx_word' id='word_1_71' title='bbox 473 1171 577 1235; x_wconf 82' lang='lat' dir='ltr'>enims</span> <span class='ocrx_word' id='word_1_72' title='bbox 601 1169 638 1235; x_wconf 87' lang='lat' dir='ltr'>de</span> <span class='ocrx_word' id='word_1_73' title='bbox 660 1188 716 1235; x_wconf 91' lang='lat' dir='ltr'>sue</span> <span class='ocrx_word' id='word_1_74' title='bbox 737 1187 863 1253; x_wconf 88' lang='lat' dir='ltr'>eerpere</span> <span class='ocrx_word' id='word_1_75' title='bbox 883 1171 1031 1253; x_wconf 76' lang='lat' dir='ltr'>patietur.</span> 
     </span>
     <span class='ocr_line' id='line_1_10' title="bbox 70 1274 1261 1366; baseline 0 -25"><span class='ocrx_word' id='word_1_76' title='bbox 70 1362 72 1366; x_wconf 10' lang='grc' dir='ltr'><em>Α</em></span> <span class='ocrx_word' id='word_1_77' title='bbox 178 1274 355 1342; x_wconf 79' lang='lat' dir='ltr'>Attendunt</span> <span class='ocrx_word' id='word_1_78' title='bbox 371 1275 476 1340; x_wconf 85' lang='lat' dir='ltr'>eutem</span> <span class='ocrx_word' id='word_1_79' title='bbox 491 1274 544 1339; x_wconf 87' lang='lat' dir='ltr'>isti</span> <span class='ocrx_word' id='word_1_80' title='bbox 556 1274 796 1341; x_wconf 82' lang='lat' dir='ltr'>eentrudieteree</span> <span class='ocrx_word' id='word_1_81' title='bbox 812 1275 932 1340; x_wconf 79' lang='lat' dir='ltr'>nullam</span> <span class='ocrx_word' id='word_1_82' title='bbox 944 1292 1010 1340; x_wconf 89' lang='lat' dir='ltr'>esse</span> <span class='ocrx_word' id='word_1_83' title='bbox 1025 1293 1108 1340; x_wconf 86' lang='lat' dir='ltr'>nune</span> <span class='ocrx_word' id='word_1_84' title='bbox 1122 1294 1261 1356; x_wconf 77' lang='lat' dir='ltr'>curnem,</span> 
     </span>
     <span class='ocr_line' id='line_1_11' title="bbox 133 1376 1298 1462; baseline 0.003 -17"><span class='ocrx_word' id='word_1_85' title='bbox 133 1397 213 1462; x_wconf 80' lang='lat' dir='ltr'>quae</span> <span class='ocrx_word' id='word_1_86' title='bbox 228 1378 364 1445; x_wconf 90' lang='lat' dir='ltr'>delerem</span> <span class='ocrx_word' id='word_1_87' title='bbox 376 1376 445 1460; x_wconf 85' lang='lat' dir='ltr'>peti</span> <span class='ocrx_word' id='word_1_88' title='bbox 455 1376 554 1459; x_wconf 81' lang='lat' dir='ltr'>possit</span> <span class='ocrx_word' id='word_1_89' title='bbox 566 1379 760 1462; x_wconf 88' lang='lat' dir='ltr'>mortemque</span> <span class='ocrx_word' id='word_1_90' title='bbox 774 1395 837 1442; x_wconf 91' lang='lat' dir='ltr'>neu</span> <span class='ocrx_word' id='word_1_91' title='bbox 851 1378 957 1460; x_wconf 86' lang='lat' dir='ltr'>possit,</span> <span class='ocrx_word' id='word_1_92' title='bbox 975 1379 1006 1443; x_wconf 87' lang='lat' dir='ltr'>et</span> <span class='ocrx_word' id='word_1_93' title='bbox 1016 1396 1078 1444; x_wconf 88' lang='lat' dir='ltr'>nen</span> <span class='ocrx_word' id='word_1_94' title='bbox 1090 1380 1264 1446; x_wconf 77' lang='lat' dir='ltr'>attendunt</span> <span class='ocrx_word' id='word_1_95' title='bbox 1273 1408 1298 1448; x_wconf 82' lang='grc' dir='ltr'>ιο</span> 
     </span>
     <span class='ocr_line' id='line_1_12' title="bbox 135 1480 1264 1564; baseline 0.001 -17"><span class='ocrx_word' id='word_1_96' title='bbox 135 1499 201 1548; x_wconf 88' lang='lat' dir='ltr'>esse</span> <span class='ocrx_word' id='word_1_97' title='bbox 215 1482 321 1547; x_wconf 84' lang='lat' dir='ltr'>tumen</span> <span class='ocrx_word' id='word_1_98' title='bbox 335 1480 453 1563; x_wconf 78' lang='lat' dir='ltr'>aliquid</span> <span class='ocrx_word' id='word_1_99' title='bbox 468 1480 540 1559; x_wconf 73' lang='lat' dir='ltr'>tale,</span> <span class='ocrx_word' id='word_1_100' title='bbox 557 1481 638 1563; x_wconf 89' lang='lat' dir='ltr'>quod</span> <span class='ocrx_word' id='word_1_101' title='bbox 654 1497 779 1563; x_wconf 87' lang='lat' dir='ltr'>eorpere</span> <span class='ocrx_word' id='word_1_102' title='bbox 795 1482 897 1545; x_wconf 77' lang='lat' dir='ltr'>maius</span> <span class='ocrx_word' id='word_1_103' title='bbox 911 1480 964 1546; x_wconf 88' lang='lat' dir='ltr'>sit.</span> <span class='ocrx_word' id='word_1_104' title='bbox 986 1480 1052 1564; x_wconf 89' lang='lat' dir='ltr'>ipse</span> <span class='ocrx_word' id='word_1_105' title='bbox 1066 1480 1181 1564; x_wconf 87' lang='lat' dir='ltr'>quippe</span> <span class='ocrx_word' id='word_1_106' title='bbox 1196 1483 1264 1548; x_wconf 84' lang='lat' dir='ltr'>eni·</span> 
     </span>
     <span class='ocr_line' id='line_1_13' title="bbox 134 1583 1263 1668; baseline -0.001 -17"><span class='ocrx_word' id='word_1_107' title='bbox 134 1602 215 1662; x_wconf 88' lang='lat' dir='ltr'>mus,</span> <span class='ocrx_word' id='word_1_108' title='bbox 238 1584 327 1649; x_wconf 88' lang='lat' dir='ltr'>euius</span> <span class='ocrx_word' id='word_1_109' title='bbox 349 1584 527 1665; x_wconf 82' lang='lat' dir='ltr'>praesentis</span> <span class='ocrx_word' id='word_1_110' title='bbox 548 1601 659 1666; x_wconf 87' lang='lat' dir='ltr'>eorpus</span> <span class='ocrx_word' id='word_1_111' title='bbox 682 1584 764 1648; x_wconf 86' lang='lat' dir='ltr'>uiuit</span> <span class='ocrx_word' id='word_1_112' title='bbox 783 1585 816 1648; x_wconf 89' lang='lat' dir='ltr'>et</span> <span class='ocrx_word' id='word_1_113' title='bbox 836 1583 966 1667; x_wconf 81' lang='lat' dir='ltr'>regitur,</span> <span class='ocrx_word' id='word_1_114' title='bbox 990 1587 1021 1649; x_wconf 90' lang='lat' dir='ltr'>et</span> <span class='ocrx_word' id='word_1_115' title='bbox 1039 1583 1176 1650; x_wconf 86' lang='lat' dir='ltr'>delorem</span> <span class='ocrx_word' id='word_1_116' title='bbox 1193 1586 1263 1668; x_wconf 85' lang='lat' dir='ltr'>peti</span> 
     </span>
     <span class='ocr_line' id='line_1_14' title="bbox 133 1685 1263 1770; baseline 0.001 -17"><span class='ocrx_word' id='word_1_117' title='bbox 133 1690 236 1770; x_wconf 83' lang='lat' dir='ltr'>potest</span> <span class='ocrx_word' id='word_1_118' title='bbox 259 1690 290 1752; x_wconf 88' lang='lat' dir='ltr'>et</span> <span class='ocrx_word' id='word_1_119' title='bbox 312 1685 392 1751; x_wconf 89' lang='lat' dir='ltr'>mori</span> <span class='ocrx_word' id='word_1_120' title='bbox 414 1705 475 1752; x_wconf 90' lang='lat' dir='ltr'>nou</span> <span class='ocrx_word' id='word_1_121' title='bbox 496 1689 607 1769; x_wconf 84' lang='lat' dir='ltr'>petest</span> <span class='ocrx_word' id='word_1_122' title='bbox 647 1705 715 1752; x_wconf 87' lang='lat' dir='ltr'>eeee</span> <span class='ocrx_word' id='word_1_123' title='bbox 744 1688 955 1765; x_wconf 77' lang='lat' dir='ltr'>inuenturos,</span> <span class='ocrx_word' id='word_1_124' title='bbox 983 1705 1070 1770; x_wconf 80' lang='lat' dir='ltr'>quae,</span> <span class='ocrx_word' id='word_1_125' title='bbox 1094 1706 1165 1753; x_wconf 86' lang='lat' dir='ltr'>eum</span> <span class='ocrx_word' id='word_1_126' title='bbox 1189 1706 1263 1754; x_wconf 88' lang='lat' dir='ltr'>sen·</span> 
     </span>
     <span class='ocr_line' id='line_1_15' title="bbox 133 1787 1263 1872; baseline 0.002 -18"><span class='ocrx_word' id='word_1_127' title='bbox 133 1806 205 1854; x_wconf 85' lang='lat' dir='ltr'>sum</span> <span class='ocrx_word' id='word_1_128' title='bbox 227 1787 341 1854; x_wconf 88' lang='lat' dir='ltr'>doloris</span> <span class='ocrx_word' id='word_1_129' title='bbox 363 1787 485 1868; x_wconf 80' lang='lat' dir='ltr'>habeat,</span> <span class='ocrx_word' id='word_1_130' title='bbox 509 1789 696 1855; x_wconf 79' lang='lat' dir='ltr'>immertalis</span> <span class='ocrx_word' id='word_1_131' title='bbox 713 1793 770 1854; x_wconf 86' lang='lat' dir='ltr'>est.</span> <span class='ocrx_word' id='word_1_132' title='bbox 801 1790 859 1856; x_wconf 90' lang='lat' dir='ltr'>hee</span> <span class='ocrx_word' id='word_1_133' title='bbox 881 1790 979 1872; x_wconf 84' lang='lat' dir='ltr'>igitur</span> <span class='ocrx_word' id='word_1_134' title='bbox 995 1790 1054 1855; x_wconf 92' lang='lat' dir='ltr'>erit</span> <span class='ocrx_word' id='word_1_135' title='bbox 1071 1793 1148 1854; x_wconf 90' lang='lat' dir='ltr'>tune</span> <span class='ocrx_word' id='word_1_136' title='bbox 1162 1790 1263 1856; x_wconf 80' lang='lat' dir='ltr'>etiem</span> 
     </span>
     <span class='ocr_line' id='line_1_16' title="bbox 133 1891 1296 1976; baseline 0.003 -19"><span class='ocrx_word' id='word_1_137' title='bbox 133 1892 166 1957; x_wconf 91' lang='lat' dir='ltr'>in</span> <span class='ocrx_word' id='word_1_138' title='bbox 187 1891 365 1976; x_wconf 78' lang='lat' dir='ltr'>cerporibus</span> <span class='ocrx_word' id='word_1_139' title='bbox 388 1893 618 1971; x_wconf 78' lang='lat' dir='ltr'>damnatorum,</span> <span class='ocrx_word' id='word_1_140' title='bbox 648 1895 729 1976; x_wconf 89' lang='lat' dir='ltr'>qued</span> <span class='ocrx_word' id='word_1_141' title='bbox 750 1912 834 1958; x_wconf 87' lang='lat' dir='ltr'>nune</span> <span class='ocrx_word' id='word_1_142' title='bbox 856 1912 921 1959; x_wconf 88' lang='lat' dir='ltr'>esse</span> <span class='ocrx_word' id='word_1_143' title='bbox 943 1894 1058 1957; x_wconf 87' lang='lat' dir='ltr'>seimus</span> <span class='ocrx_word' id='word_1_144' title='bbox 1089 1895 1122 1958; x_wconf 91' lang='lat' dir='ltr'>iu</span> <span class='ocrx_word' id='word_1_145' title='bbox 1144 1894 1296 1961; x_wconf 77' lang='lat' dir='ltr'>animise</span> 
     </span>
    </p>
   </div>
   <div class='ocr_carea' id='block_1_3' title="bbox 132 1994 1262 2390">
    <p class='ocr_par' dir='ltr' id='par_1_3' title="bbox 132 1994 1262 2390">
     <span class='ocr_line' id='line_1_17' title="bbox 133 1994 1262 2080; baseline 0.002 -20"><span class='ocrx_word' id='word_1_146' title='bbox 133 1994 284 2061; x_wconf 89' lang='lat' dir='ltr'>omnium.</span> <span class='ocrx_word' id='word_1_147' title='bbox 314 1995 341 2061; x_wconf 88' lang='lat' dir='ltr'>si</span> <span class='ocrx_word' id='word_1_148' title='bbox 364 1999 468 2061; x_wconf 82' lang='lat' dir='ltr'>eutem</span> <span class='ocrx_word' id='word_1_149' title='bbox 484 1996 714 2061; x_wconf 84' lang='lat' dir='ltr'>consideremus</span> <span class='ocrx_word' id='word_1_150' title='bbox 730 1996 923 2079; x_wconf 78' lang='lat' dir='ltr'>diligentius,</span> <span class='ocrx_word' id='word_1_151' title='bbox 948 1995 1043 2071; x_wconf 87' lang='lat' dir='ltr'>dolor,</span> <span class='ocrx_word' id='word_1_152' title='bbox 1066 1997 1118 2080; x_wconf 91' lang='lat' dir='ltr'>qui</span> <span class='ocrx_word' id='word_1_153' title='bbox 1141 1997 1262 2063; x_wconf 88' lang='lat' dir='ltr'>dieitur</span> 
     </span>
     <span class='ocr_line' id='line_1_18' title="bbox 133 2097 1260 2183; baseline 0.001 -19"><span class='ocrx_word' id='word_1_154' title='bbox 133 2098 278 2181; x_wconf 86' lang='lat' dir='ltr'>eorporis,</span> <span class='ocrx_word' id='word_1_155' title='bbox 302 2097 403 2183; x_wconf 80' lang='lat' dir='ltr'>magis</span> <span class='ocrx_word' id='word_1_156' title='bbox 426 2097 465 2164; x_wconf 85' lang='lat' dir='ltr'>ed</span> <span class='ocrx_word' id='word_1_157' title='bbox 487 2099 625 2164; x_wconf 76' lang='lat' dir='ltr'>animum</span> <span class='ocrx_word' id='word_1_158' title='bbox 647 2098 791 2183; x_wconf 76' lang='lat' dir='ltr'>pertinet.</span> <span class='ocrx_word' id='word_1_159' title='bbox 821 2099 943 2164; x_wconf 81' lang='lat' dir='ltr'>animae</span> <span class='ocrx_word' id='word_1_160' title='bbox 965 2101 1014 2162; x_wconf 84' lang='lat' dir='ltr'>est</span> <span class='ocrx_word' id='word_1_161' title='bbox 1036 2100 1118 2164; x_wconf 91' lang='lat' dir='ltr'>enim</span> <span class='ocrx_word' id='word_1_162' title='bbox 1141 2099 1260 2179; x_wconf 84' lang='lat' dir='ltr'>delere,</span> 
     </span>
     <span class='ocr_line' id='line_1_19' title="bbox 132 2201 1260 2285; baseline 0.001 -19"><span class='ocrx_word' id='word_1_163' title='bbox 132 2219 194 2267; x_wconf 89' lang='lat' dir='ltr'>nen</span> <span class='ocrx_word' id='word_1_164' title='bbox 217 2204 360 2285; x_wconf 84' lang='lat' dir='ltr'>eorporis,</span> <span class='ocrx_word' id='word_1_165' title='bbox 384 2202 477 2268; x_wconf 85' lang='lat' dir='ltr'>etiem</span> <span class='ocrx_word' id='word_1_166' title='bbox 500 2205 623 2285; x_wconf 76' lang='lat' dir='ltr'>quande</span> <span class='ocrx_word' id='word_1_167' title='bbox 645 2203 674 2267; x_wconf 89' lang='lat' dir='ltr'>ei</span> <span class='ocrx_word' id='word_1_168' title='bbox 696 2201 821 2267; x_wconf 89' lang='lat' dir='ltr'>dolendi</span> <span class='ocrx_word' id='word_1_169' title='bbox 837 2219 930 2267; x_wconf 83' lang='lat' dir='ltr'>eeuse</span> <span class='ocrx_word' id='word_1_170' title='bbox 951 2202 1073 2267; x_wconf 80' lang='lat' dir='ltr'>exsistit</span> <span class='ocrx_word' id='word_1_171' title='bbox 1088 2218 1107 2264; x_wconf 82' lang='lat' dir='ltr'>e</span> <span class='ocrx_word' id='word_1_172' title='bbox 1121 2219 1260 2285; x_wconf 87' lang='lat' dir='ltr'>eerpere,</span> 
     </span>
     <span class='ocr_line' id='line_1_20' title="bbox 132 2303 1260 2390; baseline 0 -19"><span class='ocrx_word' id='word_1_173' title='bbox 132 2323 204 2371; x_wconf 87' lang='lat' dir='ltr'>enm</span> <span class='ocrx_word' id='word_1_174' title='bbox 225 2305 257 2370; x_wconf 89' lang='lat' dir='ltr'>in</span> <span class='ocrx_word' id='word_1_175' title='bbox 280 2324 315 2370; x_wconf 91' lang='lat' dir='ltr'>eo</span> <span class='ocrx_word' id='word_1_176' title='bbox 337 2307 405 2372; x_wconf 87' lang='lat' dir='ltr'>loeo</span> <span class='ocrx_word' id='word_1_177' title='bbox 427 2305 521 2389; x_wconf 89' lang='lat' dir='ltr'>delet,</span> <span class='ocrx_word' id='word_1_178' title='bbox 545 2304 600 2372; x_wconf 88' lang='lat' dir='ltr'>ubi</span> <span class='ocrx_word' id='word_1_179' title='bbox 622 2305 757 2371; x_wconf 85' lang='lat' dir='ltr'>laeditur</span> <span class='ocrx_word' id='word_1_180' title='bbox 779 2323 897 2389; x_wconf 89' lang='lat' dir='ltr'>eorpus.</span> <span class='ocrx_word' id='word_1_181' title='bbox 929 2307 1010 2371; x_wconf 84' lang='lat' dir='ltr'>sieut</span> <span class='ocrx_word' id='word_1_182' title='bbox 1031 2322 1104 2390; x_wconf 80' lang='lat' dir='ltr'>erge</span> <span class='ocrx_word' id='word_1_183' title='bbox 1123 2303 1260 2371; x_wconf 78' lang='lat' dir='ltr'>dicimus</span> 
     </span>
    </p>
   </div>
   <div class='ocr_carea' id='block_1_4' title="bbox 132 2408 1294 3110">
    <p class='ocr_par' dir='ltr' id='par_1_4' title="bbox 132 2408 1294 3110">
     <span class='ocr_line' id='line_1_21' title="bbox 134 2408 1294 2493; baseline 0.002 -20"><span class='ocrx_word' id='word_1_184' title='bbox 134 2425 261 2491; x_wconf 85' lang='lat' dir='ltr'>eerpere</span> <span class='ocrx_word' id='word_1_185' title='bbox 294 2408 463 2474; x_wconf 82' lang='lat' dir='ltr'>sentientis</span> <span class='ocrx_word' id='word_1_186' title='bbox 494 2414 525 2474; x_wconf 84' lang='lat' dir='ltr'>et</span> <span class='ocrx_word' id='word_1_187' title='bbox 557 2428 683 2492; x_wconf 80' lang='lat' dir='ltr'>corpere</span> <span class='ocrx_word' id='word_1_188' title='bbox 716 2409 866 2493; x_wconf 79' lang='lat' dir='ltr'>uiuentis,</span> <span class='ocrx_word' id='word_1_189' title='bbox 903 2427 973 2474; x_wconf 86' lang='lat' dir='ltr'>eum</span> <span class='ocrx_word' id='word_1_190' title='bbox 1008 2411 1047 2475; x_wconf 82' lang='lat' dir='ltr'>ab</span> <span class='ocrx_word' id='word_1_191' title='bbox 1080 2410 1188 2474; x_wconf 80' lang='lat' dir='ltr'>anime</span> <span class='ocrx_word' id='word_1_192' title='bbox 1216 2409 1294 2475; x_wconf 75' lang='lat' dir='ltr'>sites</span> 
     </span>
     <span class='ocr_line' id='line_1_22' title="bbox 132 2510 1259 2595; baseline 0.002 -20"><span class='ocrx_word' id='word_1_193' title='bbox 132 2512 268 2595; x_wconf 80' lang='lat' dir='ltr'>eorporis</span> <span class='ocrx_word' id='word_1_194' title='bbox 289 2529 397 2576; x_wconf 87' lang='lat' dir='ltr'>sensus</span> <span class='ocrx_word' id='word_1_195' title='bbox 419 2516 450 2577; x_wconf 86' lang='lat' dir='ltr'>et</span> <span class='ocrx_word' id='word_1_196' title='bbox 472 2512 549 2591; x_wconf 84' lang='lat' dir='ltr'>uite,</span> <span class='ocrx_word' id='word_1_197' title='bbox 580 2513 626 2578; x_wconf 79' lang='lat' dir='ltr'>ite</span> <span class='ocrx_word' id='word_1_198' title='bbox 648 2529 776 2594; x_wconf 86' lang='lat' dir='ltr'>eorpore</span> <span class='ocrx_word' id='word_1_199' title='bbox 798 2512 931 2578; x_wconf 81' lang='lat' dir='ltr'>diuinus</span> <span class='ocrx_word' id='word_1_200' title='bbox 954 2515 986 2576; x_wconf 90' lang='lat' dir='ltr'>et</span> <span class='ocrx_word' id='word_1_201' title='bbox 1008 2510 1153 2590; x_wconf 83' lang='lat' dir='ltr'>dolentia,</span> <span class='ocrx_word' id='word_1_202' title='bbox 1187 2531 1259 2577; x_wconf 89' lang='lat' dir='ltr'>eum</span> 
     </span>
     <span class='ocr_line' id='line_1_23' title="bbox 132 2612 1259 2698; baseline -0.001 -19"><span class='ocrx_word' id='word_1_203' title='bbox 132 2612 219 2679; x_wconf 84' lang='lat' dir='ltr'>dolor</span> <span class='ocrx_word' id='word_1_204' title='bbox 251 2613 371 2698; x_wconf 87' lang='lat' dir='ltr'>eerperi</span> <span class='ocrx_word' id='word_1_205' title='bbox 404 2613 466 2679; x_wconf 86' lang='lat' dir='ltr'>nisi</span> <span class='ocrx_word' id='word_1_206' title='bbox 499 2617 539 2681; x_wconf 83' lang='lat' dir='ltr'>ab</span> <span class='ocrx_word' id='word_1_207' title='bbox 570 2617 675 2680; x_wconf 83' lang='lat' dir='ltr'>euime</span> <span class='ocrx_word' id='word_1_208' title='bbox 708 2634 774 2680; x_wconf 90' lang='lat' dir='ltr'>esse</span> <span class='ocrx_word' id='word_1_209' title='bbox 801 2632 861 2679; x_wconf 87' lang='lat' dir='ltr'>non</span> <span class='ocrx_word' id='word_1_210' title='bbox 890 2616 996 2696; x_wconf 86' lang='lat' dir='ltr'>possit.</span> <span class='ocrx_word' id='word_1_211' title='bbox 1033 2614 1119 2680; x_wconf 89' lang='lat' dir='ltr'>delet</span> <span class='ocrx_word' id='word_1_212' title='bbox 1150 2615 1259 2698; x_wconf 83' lang='lat' dir='ltr'>iteque</span> 
     </span>
     <span class='ocr_line' id='line_1_24' title="bbox 132 2713 1259 2803; baseline 0.001 -22"><span class='ocrx_word' id='word_1_213' title='bbox 132 2713 237 2781; x_wconf 78' lang='lat' dir='ltr'>enims</span> <span class='ocrx_word' id='word_1_214' title='bbox 259 2733 330 2780; x_wconf 90' lang='lat' dir='ltr'>eum</span> <span class='ocrx_word' id='word_1_215' title='bbox 353 2734 477 2798; x_wconf 89' lang='lat' dir='ltr'>eorpore</span> <span class='ocrx_word' id='word_1_216' title='bbox 500 2718 589 2783; x_wconf 88' lang='lat' dir='ltr'>eoin</span> <span class='ocrx_word' id='word_1_217' title='bbox 616 2718 682 2782; x_wconf 82' lang='lat' dir='ltr'>loeo</span> <span class='ocrx_word' id='word_1_218' title='bbox 705 2718 781 2796; x_wconf 85' lang='lat' dir='ltr'>eius,</span> <span class='ocrx_word' id='word_1_219' title='bbox 811 2718 866 2784; x_wconf 89' lang='lat' dir='ltr'>ubi</span> <span class='ocrx_word' id='word_1_220' title='bbox 890 2717 1008 2800; x_wconf 83' lang='lat' dir='ltr'>aliquid</span> <span class='ocrx_word' id='word_1_221' title='bbox 1031 2716 1197 2803; x_wconf 81' lang='lat' dir='ltr'>contingit,</span> <span class='ocrx_word' id='word_1_222' title='bbox 1220 2723 1259 2783; x_wconf 89' lang='lat' dir='ltr'>ut</span> 
     </span>
     <span class='ocr_line' id='line_1_25' title="bbox 132 2818 1259 2904; baseline 0.002 -20"><span class='ocrx_word' id='word_1_223' title='bbox 132 2818 250 2904; x_wconf 79' lang='lat' dir='ltr'>deleet3</span> <span class='ocrx_word' id='word_1_224' title='bbox 286 2820 370 2884; x_wconf 89' lang='lat' dir='ltr'>delet</span> <span class='ocrx_word' id='word_1_225' title='bbox 399 2821 432 2884; x_wconf 91' lang='lat' dir='ltr'>et</span> <span class='ocrx_word' id='word_1_226' title='bbox 461 2818 535 2898; x_wconf 85' lang='lat' dir='ltr'>solu,</span> <span class='ocrx_word' id='word_1_227' title='bbox 569 2823 712 2903; x_wconf 87' lang='lat' dir='ltr'>quemuis</span> <span class='ocrx_word' id='word_1_228' title='bbox 742 2821 785 2885; x_wconf 84' lang='lat' dir='ltr'>eit</span> <span class='ocrx_word' id='word_1_229' title='bbox 818 2820 851 2884; x_wconf 91' lang='lat' dir='ltr'>iu</span> <span class='ocrx_word' id='word_1_230' title='bbox 878 2839 1013 2902; x_wconf 77' lang='lat' dir='ltr'>corpore,</span> <span class='ocrx_word' id='word_1_231' title='bbox 1048 2839 1119 2886; x_wconf 87' lang='lat' dir='ltr'>eum</span> <span class='ocrx_word' id='word_1_232' title='bbox 1152 2820 1259 2903; x_wconf 77' lang='lat' dir='ltr'>eliqua</span> 
     </span>
     <span class='ocr_line' id='line_1_26' title="bbox 133 2922 1294 3008; baseline 0.002 -21"><span class='ocrx_word' id='word_1_233' title='bbox 133 2938 227 2988; x_wconf 79' lang='lat' dir='ltr'>eeuse</span> <span class='ocrx_word' id='word_1_234' title='bbox 248 2923 344 2988; x_wconf 82' lang='lat' dir='ltr'>etiem</span> <span class='ocrx_word' id='word_1_235' title='bbox 374 2922 526 2990; x_wconf 92' lang='lat' dir='ltr'>inuisibili</span> <span class='ocrx_word' id='word_1_236' title='bbox 555 2923 657 2988; x_wconf 87' lang='lat' dir='ltr'>tristis</span> <span class='ocrx_word' id='word_1_237' title='bbox 680 2930 728 2989; x_wconf 87' lang='lat' dir='ltr'>est</span> <span class='ocrx_word' id='word_1_238' title='bbox 750 2925 819 3006; x_wconf 85' lang='lat' dir='ltr'>ipse</span> <span class='ocrx_word' id='word_1_239' title='bbox 841 2941 966 3008; x_wconf 82' lang='lat' dir='ltr'>corpore</span> <span class='ocrx_word' id='word_1_240' title='bbox 987 2924 1149 2989; x_wconf 89' lang='lat' dir='ltr'>ineolumi.</span> <span class='ocrx_word' id='word_1_241' title='bbox 1172 2922 1294 2989; x_wconf 76' lang='lat' dir='ltr'>deletes</span> 
     </span>
     <span class='ocr_line' id='line_1_27' title="bbox 133 3025 1257 3110; baseline 0.002 -20"><span class='ocrx_word' id='word_1_242' title='bbox 133 3026 229 3092; x_wconf 85' lang='lat' dir='ltr'>etiem</span> <span class='ocrx_word' id='word_1_243' title='bbox 259 3044 319 3091; x_wconf 90' lang='lat' dir='ltr'>nen</span> <span class='ocrx_word' id='word_1_244' title='bbox 348 3025 382 3091; x_wconf 92' lang='lat' dir='ltr'>in</span> <span class='ocrx_word' id='word_1_245' title='bbox 409 3045 533 3109; x_wconf 82' lang='lat' dir='ltr'>corpore</span> <span class='ocrx_word' id='word_1_246' title='bbox 562 3027 749 3105; x_wconf 78' lang='lat' dir='ltr'>eonstitute3</span> <span class='ocrx_word' id='word_1_247' title='bbox 785 3047 858 3092; x_wconf 84' lang='lat' dir='ltr'>nem</span> <span class='ocrx_word' id='word_1_248' title='bbox 887 3027 994 3110; x_wconf 87' lang='lat' dir='ltr'>utique</span> <span class='ocrx_word' id='word_1_249' title='bbox 1018 3028 1143 3093; x_wconf 85' lang='lat' dir='ltr'>dolebet</span> <span class='ocrx_word' id='word_1_250' title='bbox 1166 3027 1257 3092; x_wconf 89' lang='lat' dir='ltr'>diues</span> 
     </span>
    </p>
   </div>
   <div class='ocr_carea' id='block_1_5' title="bbox 128 3248 1259 4248">
    <p class='ocr_par' dir='ltr' id='par_1_5' title="bbox 128 3248 1259 4248">
     <span class='ocr_line' id='line_1_28' title="bbox 184 3248 1189 3318; baseline -0.001 -15"><span class='ocrx_word' id='word_1_251' title='bbox 184 3248 563 3318; x_wconf 79' lang='lat' dir='ltr'>2sieut-nenestlom.v</span> <span class='ocrx_word' id='word_1_252' title='bbox 648 3251 676 3304; x_wconf 90' lang='lat' dir='ltr'>et</span> <span class='ocrx_word' id='word_1_253' title='bbox 697 3249 733 3305; x_wconf 91' lang='lat' dir='ltr'>V:</span> <span class='ocrx_word' id='word_1_254' title='bbox 756 3249 828 3305; x_wconf 82' lang='lat' dir='ltr'>eiT</span> <span class='ocrx_word' id='word_1_255' title='bbox 918 3250 1006 3304; x_wconf 76' lang='lat' dir='ltr'>derit</span> <span class='ocrx_word' id='word_1_256' title='bbox 1026 3248 1090 3305; x_wconf 80' lang='lat' dir='ltr'>TV:</span> <span class='ocrx_word' id='word_1_257' title='bbox 1113 3249 1189 3302; x_wconf 83' lang='lat' dir='ltr'>este</span> 
     </span>
     <span class='ocr_line' id='line_1_29' title="bbox 130 3333 1258 3406; baseline 0.001 -19"><span class='ocrx_word' id='word_1_258' title='bbox 130 3333 294 3389; x_wconf 68' lang='lat' dir='ltr'>inolentem</span> <span class='ocrx_word' id='word_1_259' title='bbox 306 3335 386 3403; x_wconf 86' lang='lat' dir='ltr'>pellit</span> <span class='ocrx_word' id='word_1_260' title='bbox 399 3336 435 3390; x_wconf 87' lang='lat' dir='ltr'>V:</span> <span class='ocrx_word' id='word_1_261' title='bbox 453 3334 585 3390; x_wconf 87' lang='lat' dir='ltr'>uolentem</span> <span class='ocrx_word' id='word_1_262' title='bbox 599 3352 654 3405; x_wconf 86' lang='lat' dir='ltr'>pe</span> <span class='ocrx_word' id='word_1_263' title='bbox 671 3352 723 3390; x_wconf 91' lang='lat' dir='ltr'>non</span> <span class='ocrx_word' id='word_1_264' title='bbox 736 3337 864 3391; x_wconf 74' lang='lat' dir='ltr'>latentem</span> <span class='ocrx_word' id='word_1_265' title='bbox 877 3353 902 3406; x_wconf 87' lang='lat' dir='ltr'>p.</span> <span class='ocrx_word' id='word_1_266' title='bbox 917 3338 943 3393; x_wconf 85' lang='lat' dir='ltr'><em>T</em></span> <span class='ocrx_word' id='word_1_267' title='bbox 1029 3336 1107 3404; x_wconf 87' lang='lat' dir='ltr'>pellit</span> <span class='ocrx_word' id='word_1_268' title='bbox 1120 3333 1157 3388; x_wconf 88' lang='lat' dir='ltr'>V:</span> <span class='ocrx_word' id='word_1_269' title='bbox 1176 3333 1258 3388; x_wconf 78' lang='lat' dir='ltr'>uellit</span> 
     </span>
     <span class='ocr_line' id='line_1_30' title="bbox 131 3418 1191 3491; baseline -0.001 -17"><span class='ocrx_word' id='word_1_270' title='bbox 131 3418 158 3474; x_wconf 81' lang='grc' dir='ltr'><strong><em>Τ</em></strong></span> <span class='ocrx_word' id='word_1_271' title='bbox 246 3421 511 3491; x_wconf 85' lang='lat' dir='ltr'>pellit-nolentem]</span> <span class='ocrx_word' id='word_1_272' title='bbox 530 3437 613 3476; x_wconf 66' lang='lat' dir='ltr'>oeus</span> <span class='ocrx_word' id='word_1_273' title='bbox 705 3422 720 3476; x_wconf 83' lang='grc'><strong>7</strong></span> <span class='ocrx_word' id='word_1_274' title='bbox 738 3426 812 3476; x_wconf 86' lang='lat' dir='ltr'>tenet</span> <span class='ocrx_word' id='word_1_275' title='bbox 832 3426 855 3487; x_wconf 88' lang='lat' dir='ltr'>(t</span> <span class='ocrx_word' id='word_1_276' title='bbox 871 3423 960 3477; x_wconf 82' lang='lat' dir='ltr'>ultera</span> <span class='ocrx_word' id='word_1_277' title='bbox 977 3438 1012 3476; x_wconf 72' lang='lat' dir='ltr'>es</span> <span class='ocrx_word' id='word_1_278' title='bbox 1029 3438 1045 3474; x_wconf 90' lang='lat' dir='ltr'>n</span> <span class='ocrx_word' id='word_1_279' title='bbox 1064 3423 1145 3487; x_wconf 80' lang='lat' dir='ltr'>cerr.)</span> <span class='ocrx_word' id='word_1_280' title='bbox 1164 3419 1191 3473; x_wconf 83' lang='lat' dir='ltr'><em>T</em></span> 
     </span>
     <span class='ocr_line' id='line_1_31' title="bbox 129 3490 1257 3576; baseline 0.001 -18"><span class='ocrx_word' id='word_1_281' title='bbox 129 3508 229 3559; x_wconf 71' lang='lat' dir='ltr'>merte-</span> <span class='ocrx_word' id='word_1_282' title='bbox 247 3511 285 3570; x_wconf 87' lang='lat' dir='ltr'>(m</span> <span class='ocrx_word' id='word_1_283' title='bbox 300 3508 412 3573; x_wconf 82' lang='lat' dir='ltr'>ras.)T</span> <span class='ocrx_word' id='word_1_284' title='bbox 495 3490 573 3562; x_wconf 70' lang='lat' dir='ltr'>etsi</span> <span class='ocrx_word' id='word_1_285' title='bbox 594 3509 612 3573; x_wconf 88' lang='lat' dir='ltr'>(i</span> <span class='ocrx_word' id='word_1_286' title='bbox 631 3508 695 3564; x_wconf 84' lang='lat' dir='ltr'>add.</span> <span class='ocrx_word' id='word_1_287' title='bbox 713 3507 841 3573; x_wconf 61' lang='grc' dir='ltr'>ΜΝ</span> <span class='ocrx_word' id='word_1_288' title='bbox 924 3508 958 3563; x_wconf 89' lang='grc'>10</span> <span class='ocrx_word' id='word_1_289' title='bbox 975 3508 1034 3576; x_wconf 78' lang='lat' dir='ltr'>peti</span> <span class='ocrx_word' id='word_1_290' title='bbox 1050 3507 1137 3576; x_wconf 87' lang='lat' dir='ltr'>pessit</span> <span class='ocrx_word' id='word_1_291' title='bbox 1157 3504 1211 3561; x_wconf 82' lang='lat' dir='ltr'>Ve:</span> <span class='ocrx_word' id='word_1_292' title='bbox 1231 3521 1257 3573; x_wconf 90' lang='lat' dir='ltr'>p.</span> 
     </span>
     <span class='ocr_line' id='line_1_32' title="bbox 129 3590 1257 3662; baseline -0.003 -16"><span class='ocrx_word' id='word_1_293' title='bbox 129 3590 264 3660; x_wconf 83' lang='lat' dir='ltr'>possetT</span> <span class='ocrx_word' id='word_1_294' title='bbox 347 3593 537 3662; x_wconf 74' lang='lat' dir='ltr'>130t10uee</span> <span class='ocrx_word' id='word_1_295' title='bbox 621 3595 901 3651; x_wconf 81' lang='lat' dir='ltr'>resVrresestTv</span> <span class='ocrx_word' id='word_1_296' title='bbox 987 3591 1257 3649; x_wconf 78' lang='grc' dir='ltr'><strong>15οιιοΝιοιιι.</strong></span> 
     </span>
     <span class='ocr_line' id='line_1_33' title="bbox 128 3677 1257 3736; baseline -0.002 -5"><span class='ocrx_word' id='word_1_297' title='bbox 128 3691 146 3731; x_wconf 80' lang='grc' dir='ltr'>ιι</span> <span class='ocrx_word' id='word_1_298' title='bbox 237 3677 271 3732; x_wconf 89' lang='grc'>18</span> <span class='ocrx_word' id='word_1_299' title='bbox 287 3677 393 3733; x_wconf 79' lang='lat' dir='ltr'>exsistit</span> <span class='ocrx_word' id='word_1_300' title='bbox 412 3678 476 3736; x_wconf 83' lang='lat' dir='ltr'>TV:</span> <span class='ocrx_word' id='word_1_301' title='bbox 504 3679 628 3736; x_wconf 80' lang='lat' dir='ltr'>extititv</span> <span class='ocrx_word' id='word_1_302' title='bbox 720 3681 752 3735; x_wconf 91' lang='grc'>19</span> <span class='ocrx_word' id='word_1_303' title='bbox 770 3679 918 3734; x_wconf 88' lang='lat' dir='ltr'>lediturV</span> <span class='ocrx_word' id='word_1_304' title='bbox 1005 3678 1041 3734; x_wconf 80' lang='lat'>20</span> <span class='ocrx_word' id='word_1_305' title='bbox 1056 3677 1204 3732; x_wconf 73' lang='lat' dir='ltr'>sentientia</span> <span class='ocrx_word' id='word_1_306' title='bbox 1222 3677 1257 3730; x_wconf 97' lang='lat' dir='ltr'>V:</span> 
     </span>
     <span class='ocr_line' id='line_1_34' title="bbox 128 3761 1259 3834; baseline 0.001 -19"><span class='ocrx_word' id='word_1_307' title='bbox 128 3761 308 3819; x_wconf 81' lang='lat' dir='ltr'>sententisT</span> <span class='ocrx_word' id='word_1_308' title='bbox 331 3764 502 3820; x_wconf 76' lang='lat' dir='ltr'>sentiendus</span> <span class='ocrx_word' id='word_1_309' title='bbox 587 3769 615 3820; x_wconf 80' lang='lat' dir='ltr'>et</span> <span class='ocrx_word' id='word_1_310' title='bbox 631 3769 815 3834; x_wconf 79' lang='lat' dir='ltr'>serpere--et</span> <span class='ocrx_word' id='word_1_311' title='bbox 832 3765 900 3834; x_wconf 84' lang='lat' dir='ltr'>uite]</span> <span class='ocrx_word' id='word_1_312' title='bbox 919 3779 969 3819; x_wconf 79' lang='lat' dir='ltr'>een.</span> <span class='ocrx_word' id='word_1_313' title='bbox 986 3781 1004 3818; x_wconf 86' lang='lat' dir='ltr'>e</span> <span class='ocrx_word' id='word_1_314' title='bbox 1089 3762 1122 3817; x_wconf 78' lang='lat'>21</span> <span class='ocrx_word' id='word_1_315' title='bbox 1140 3762 1259 3830; x_wconf 82' lang='lat' dir='ltr'>eorporis</span> 
     </span>
     <span class='ocr_line' id='line_1_35' title="bbox 133 3845 1259 3918; baseline 0 -15"><span class='ocrx_word' id='word_1_316' title='bbox 133 3845 170 3903; x_wconf 87' lang='lat' dir='ltr'>V:</span> <span class='ocrx_word' id='word_1_317' title='bbox 196 3850 346 3917; x_wconf 84' lang='lat' dir='ltr'>eorporiT</span> <span class='ocrx_word' id='word_1_318' title='bbox 428 3852 470 3907; x_wconf 78' lang='lat' dir='ltr'>itu</span> <span class='ocrx_word' id='word_1_319' title='bbox 490 3853 554 3907; x_wconf 81' lang='lat' dir='ltr'>TV:</span> <span class='ocrx_word' id='word_1_320' title='bbox 580 3853 621 3908; x_wconf 80' lang='lat' dir='ltr'>its</span> <span class='ocrx_word' id='word_1_321' title='bbox 639 3855 700 3907; x_wconf 86' lang='lat' dir='ltr'>ete</span> <span class='ocrx_word' id='word_1_322' title='bbox 789 3851 908 3906; x_wconf 75' lang='lat' dir='ltr'>dolentia</span> <span class='ocrx_word' id='word_1_323' title='bbox 920 3855 981 3918; x_wconf 73' lang='lat' dir='ltr'>(erre</span> <span class='ocrx_word' id='word_1_324' title='bbox 995 3853 1061 3916; x_wconf 77' lang='lat' dir='ltr'>ette</span> <span class='ocrx_word' id='word_1_325' title='bbox 1152 3849 1259 3903; x_wconf 71' lang='lat' dir='ltr'>secor·</span> 
     </span>
     <span class='ocr_line' id='line_1_36' title="bbox 129 3934 1258 4005; baseline -0.002 -15"><span class='ocrx_word' id='word_1_326' title='bbox 129 3934 187 4003; x_wconf 87' lang='lat' dir='ltr'>peri</span> <span class='ocrx_word' id='word_1_327' title='bbox 211 3934 277 3991; x_wconf 78' lang='lat' dir='ltr'>TV:</span> <span class='ocrx_word' id='word_1_328' title='bbox 304 3938 458 4005; x_wconf 84' lang='lat' dir='ltr'>eorporise</span> <span class='ocrx_word' id='word_1_329' title='bbox 559 3940 613 3994; x_wconf 87' lang='lat' dir='ltr'>uisi</span> <span class='ocrx_word' id='word_1_330' title='bbox 631 3937 905 4000; x_wconf 66' lang='grc' dir='ltr'>ΜΤΨιιίἰιίΨς</span> <span class='ocrx_word' id='word_1_331' title='bbox 932 3952 1017 3992; x_wconf 71' lang='lat' dir='ltr'>eme</span> <span class='ocrx_word' id='word_1_332' title='bbox 1120 3935 1258 3989; x_wconf 71' lang='lat' dir='ltr'>saepiu</span> 
     </span>
     <span class='ocr_line' id='line_1_37' title="bbox 129 4019 1258 4096; baseline -0.001 -20"><span class='ocrx_word' id='word_1_333' title='bbox 129 4019 204 4077; x_wconf 80' lang='lat' dir='ltr'>MV:</span> <span class='ocrx_word' id='word_1_334' title='bbox 231 4020 260 4078; x_wconf 85' lang='lat' dir='ltr'>iu</span> <span class='ocrx_word' id='word_1_335' title='bbox 275 4037 307 4075; x_wconf 87' lang='lat' dir='ltr'>eo</span> <span class='ocrx_word' id='word_1_336' title='bbox 327 4023 368 4079; x_wconf 84' lang='lat' dir='ltr'>Te</span> <span class='ocrx_word' id='word_1_337' title='bbox 469 4025 612 4096; x_wconf 80' lang='lat' dir='ltr'>eliquede</span> <span class='ocrx_word' id='word_1_338' title='bbox 714 4025 749 4080; x_wconf 80' lang='lat'>24</span> <span class='ocrx_word' id='word_1_339' title='bbox 772 4025 830 4079; x_wconf 76' lang='lat' dir='ltr'>sets</span> <span class='ocrx_word' id='word_1_340' title='bbox 848 4030 908 4091; x_wconf 84' lang='lat' dir='ltr'>(em.</span> <span class='ocrx_word' id='word_1_341' title='bbox 926 4026 999 4085; x_wconf 75' lang='lat' dir='ltr'>otte</span> <span class='ocrx_word' id='word_1_342' title='bbox 1101 4019 1136 4075; x_wconf 78' lang='lat'>25</span> <span class='ocrx_word' id='word_1_343' title='bbox 1159 4021 1258 4076; x_wconf 90' lang='lat' dir='ltr'>innisi·</span> 
     </span>
     <span class='ocr_line' id='line_1_38' title="bbox 129 4104 1257 4168; baseline 0.002 -8"><span class='ocrx_word' id='word_1_344' title='bbox 129 4104 180 4163; x_wconf 88' lang='lat' dir='ltr'>bili</span> <span class='ocrx_word' id='word_1_345' title='bbox 202 4106 239 4161; x_wconf 84' lang='lat' dir='ltr'>V:</span> <span class='ocrx_word' id='word_1_346' title='bbox 264 4107 443 4165; x_wconf 82' lang='lat' dir='ltr'>inuisibiliter</span> <span class='ocrx_word' id='word_1_347' title='bbox 461 4110 501 4167; x_wconf 80' lang='lat' dir='ltr'>Te</span> <span class='ocrx_word' id='word_1_348' title='bbox 591 4115 633 4167; x_wconf 86' lang='lat' dir='ltr'>est</span> <span class='ocrx_word' id='word_1_349' title='bbox 655 4112 711 4168; x_wconf 77' lang='lat' dir='ltr'>Ve:</span> <span class='ocrx_word' id='word_1_350' title='bbox 737 4111 807 4165; x_wconf 68' lang='lat' dir='ltr'>&amp;T</span> <span class='ocrx_word' id='word_1_351' title='bbox 893 4109 1058 4165; x_wconf 76' lang='lat' dir='ltr'>incolomes</span> <span class='ocrx_word' id='word_1_352' title='bbox 1149 4107 1185 4162; x_wconf 74' lang='lat'>26</span> <span class='ocrx_word' id='word_1_353' title='bbox 1202 4123 1257 4162; x_wconf 87' lang='lat' dir='ltr'>uon</span> 
     </span>
     <span class='ocr_line' id='line_1_39' title="bbox 130 4190 307 4248; baseline 0.011 -2"><span class='ocrx_word' id='word_1_354' title='bbox 130 4190 185 4246; x_wconf 85' lang='grc' dir='ltr'><strong>Ν</strong></span> <span class='ocrx_word' id='word_1_355' title='bbox 188 4211 195 4246; x_wconf 85' lang='lat'><em>=</em></span> <span class='ocrx_word' id='word_1_356' title='bbox 222 4208 307 4248; x_wconf 70' lang='lat' dir='ltr'>om</span> 
     </span>
    </p>
   </div>
   <div class='ocr_carea' id='block_1_6' title="bbox 0 0 1384 4814">
    <p class='ocr_par' dir='ltr' id='par_1_6' title="bbox 0 0 1384 4814">
     <span class='ocr_line' id='line_1_40' title="bbox 0 0 1384 4814; baseline 0 1"><span class='ocrx_word' id='word_1_357' title='bbox 0 0 1384 4814; x_wconf 95' lang='lat' dir='ltr'> </span> 
     </span>
    </p>
   </div>
  </div>
 </body>
</html>
