2760 4814
243 325 409 394 Excerpta
426 340 463 378 ex
481 340 552 394 opp.
570 324 597 379 S.
614 325 800 394 Augustini
823 325 1006 383 coxarum.
1123 331 1188 397 813

58 515 190 580 uicem
219 514 488 580 aduersantur
518 514 604 582 sibi.
648 516 768 581 dictum
797 519 846 581 est
876 517 958 583 onim
979 516 1038 583 hoo
1060 520 1187 602 propter

59 617 248 683 indomitam
280 618 435 683 carnalem
465 617 727 696 cousuetudinem,
759 621 904 684 aduersus
933 638 1027 702 quam
1056 623 1186 705 spiritus

60 719 262 803 concupiscit,
292 738 353 785 nou
383 725 418 786 ut
448 720 611 787 interimat
640 739 760 803 corpus,
790 723 845 786 sed
874 726 910 787 ut
936 725 1185 806 coucupiscentia

59 825 141 907 eius,
163 823 197 889 id
220 828 267 887 est
286 823 508 888 consuetudine
525 823 617 904 mala,
634 824 773 889 edomita
787 823 883 889 faciat
899 824 1022 907 spiritui
1038 816 1186 912 subiuga·

38 931 142 1004 etum,
173 927 254 1009 quod
278 927 431 992 naturalis
452 927 525 992 ordo
548 926 713 993 desiderat.
755 925 831 1008 quia
853 927 937 992 onim
958 929 1015 995 hoc
1036 929 1096 995 crit
1117 935 1187 1013 post

58 1030 330 1113 resurrectionem,
368 1032 405 1095 ut
442 1048 553 1112 corpus
590 1030 677 1095 omni
714 1031 805 1097 modo
842 1049 913 1096 cum
941 1033 1043 1114 quiete
1065 1051 1187 1098 summa

59 1131 188 1217 spiritui
217 1133 376 1199 subditum
404 1132 627 1198 immortaliter
652 1134 765 1217 uigeat,
788 1133 846 1198 hoc
867 1134 962 1199 etiam
984 1135 1018 1199 in
1039 1135 1098 1201 hac
1119 1135 1187 1200 uita

59 1236 276 1301 meditandum
307 1240 365 1315 cst,
396 1239 432 1300 ut
462 1237 651 1302 consuetudo
680 1236 813 1301 camelis
842 1240 983 1303 mutetur
1011 1237 1044 1304 in
1073 1239 1185 1305 melius

60 1358 122 1404 nec
143 1340 328 1406 inordinatis
350 1340 489 1406 motibus
511 1342 637 1407 resistat
659 1340 793 1424 spiritui.
826 1342 908 1422 quod
922 1343 1017 1413 donec
1031 1339 1096 1425 liat,
1114 1359 1185 1407 caro

23 1469 51 1509 ro
61 1442 253 1528 concupiscit
274 1446 421 1509 aduersus
443 1443 590 1527 spiritum
612 1445 644 1509 et
661 1443 789 1527 spiritus
805 1444 952 1509 aduersus
975 1463 1110 1529 carnem,
1125 1464 1185 1510 non

60 1567 117 1632 per
147 1547 253 1612 odium
274 1546 438 1612 resistente
460 1547 582 1628 spiritu,
606 1546 659 1611 sed
682 1566 737 1629 per
758 1546 981 1630 principatum,
1004 1566 1063 1629 quo
1086 1547 1187 1632 magis

60 1652 146 1736 quod
167 1650 273 1735 diligit
296 1651 366 1716 uult
388 1649 550 1715 subditum
573 1667 641 1714 esse
662 1649 795 1727 meliori,
825 1668 883 1714 nco
903 1668 958 1732 per
980 1652 1085 1716 odium
1106 1650 1187 1714 resi·

61 1757 166 1821 stente
188 1773 301 1832 -carne,
338 1754 392 1818 sed
421 1772 475 1836 per
504 1752 733 1818 consuetudinis
770 1753 942 1831 uinculum,
974 1753 1055 1835 quod
1084 1772 1103 1819 a
1130 1771 1186 1836 pa·

61 1858 190 1923 rentum
212 1857 308 1922 etiam
330 1856 500 1942 propagine
518 1857 727 1922 inueteratum
743 1858 874 1921 naturae
897 1856 966 1940 lege
989 1857 1128 1923 inoleuit
1154 1857 1187 1922 id

24 1980 136 2046 iserge
159 1961 225 2045 agit
246 1961 375 2042 spiritus
397 1960 430 2024 in
452 1961 605 2026 domanda
627 1977 728 2041 carne,
752 1960 789 2023 ut
810 1960 912 2025 soluat
935 1960 1035 2024 malae
1058 1978 1186 2025 consue-

60 2066 184 2133 tudinis
212 2065 301 2148 quasi
330 2067 425 2146 pactu
450 2080 595 2145 peruersa
616 2064 647 2127 et
668 2062 722 2128 fist
744 2079 804 2145 par
826 2062 1055 2127 consuetudinis
1078 2065 1185 2129 bonae.

106 2184 276 2269 Diliges,
300 2185 413 2268 inquit,
432 2185 628 2250 dominum
651 2185 761 2249 deum
780 2185 887 2247 tuum
906 2201 948 2246 er
965 2183 1050 2246 toto
1069 2182 1187 2246 corde

61 2291 130 2355 tuo
161 2292 200 2354 at
230 2307 271 2353 er
293 2292 382 2354 tota
404 2289 533 2353 anima
554 2289 622 2352 tua
643 2288 682 2351 et
704 2304 745 2350 ex
768 2288 855 2351 tota
876 2287 1005 2351 mente
1027 2287 1110 2362 tue,
1140 2289 1187 2350 et:

62 2390 210 2476 diliges
240 2391 460 2474 proximum
483 2391 593 2456 tuum
614 2390 815 2472 tamquam
836 2392 875 2453 te
896 2388 1040 2471 ipsum:
1065 2389 1102 2452 in
1124 2387 1188 2452 his

26 2493 215 2561 soduobus
250 2493 479 2578 praeceptis
517 2494 603 2559 tota
630 2493 690 2557 lex
719 2493 862 2575 pendet
892 2494 929 2556 et
958 2491 1186 2574 prophetae.

62 2596 136 2663 linis
159 2597 263 2680 itaque
284 2595 439 2680 praecepti
461 2599 509 2660 cst
530 2595 667 2674 dilectio,
691 2598 723 2659 et
745 2613 781 2660 ea
802 2594 936 2679 gemina,
959 2594 991 2659 id
1013 2599 1061 2659 est
1083 2594 1134 2659 dci
1157 2600 1189 2659 et

61 2700 206 2785 proximi.
243 2699 374 2782 quodsi
397 2704 428 2764 le
450 2702 553 2764 totum
576 2698 753 2782 intellegas,
776 2698 810 2762 id
833 2700 881 2763 est
903 2697 1044 2762 animum
1066 2699 1099 2762 et
1122 2715 1188 2762 oor-

61 2821 133 2888 pus,
164 2806 196 2869 et
221 2805 393 2886 proximum
418 2803 531 2882 totum,
560 2802 593 2867 id
624 2803 672 2866 est
700 2801 839 2866 animum
870 2804 901 2865 et
927 2818 1036 2883 corpus
1059 2801 1125 2865 eius
1148 2835 1186 2847 -

65 2907 160 2972 homo
189 2907 271 2971 enim
303 2926 339 2971 er
369 2906 476 2971 anima
504 2907 626 2970 constat
657 2907 688 2968 st
717 2920 840 2986 corpore
868 2939 911 2951 —
940 2903 1065 2967 nullum
1086 2921 1188 2967 rerum

27 3008 295 3095 rediligendarum
324 3026 421 3092 geum
451 3008 483 3073 iu
515 3007 564 3072 his
596 3006 717 3072 duobus
739 3005 913 3089 praeceptis
936 3006 1188 3088 praetermissum

64 3116 124 3179 est.
169 3130 240 3178 cum
277 3112 359 3178 enim
396 3113 572 3195 praecurret
609 3109 734 3177 dilectio
771 3110 821 3175 dei
858 3109 985 3191 eiusque
1013 3107 1189 3174 dilectionis

168 3349 201 3405 1⁷
219 3349 317 3406 mitta
335 3349 377 3417 22,
395 3350 437 3406 37.
455 3349 537 3419 39sq.
640 3348 672 3403 21
691 3346 725 3403 ci.
743 3346 758 3401 1
776 3346 845 3404 Tim.
864 3346 887 3412 l,
905 3347 922 3402 5

118 3576 130 3629 l
157 3574 209 3629 sibi
233 3575 300 3630 PV:
330 3590 379 3630 oso.
401 3575 443 3630 Go
544 3573 561 3627 3
585 3571 798 3640 coucupiscentia
823 3569 871 3623 6¹:
902 3567 1142 3637 concupiscentiam
1161 3574 1188 3632 (u

63 3675 132 3716 cua
156 3675 224 3715 corr.
248 3659 294 3728 γ’)
323 3659 432 3716 G¹PVo
534 3658 551 3712 4
577 3658 649 3711 mula
673 3655 801 3725 edomita]
829 3654 898 3709 male
923 3654 1054 3708 domitam
1085 3650 1120 3708 0¹

63 3746 164 3817 serit]
189 3748 246 3802 erut
269 3764 286 3802 o
389 3747 404 3800 '1
428 3745 522 3814 uigeat
542 3744 597 3800 Ge:
626 3741 768 3812 uigilatV
794 3741 872 3795 uiuat
893 3740 922 3794 P
1021 3741 1102 3794 etiam
1123 3739 1189 3795 0¹1³

67 3833 106 3889 V:
136 3833 208 3887 cuim
230 3831 282 3887 θύ
370 3832 400 3886 ll
420 3829 589 3900 spiritatis:
619 3829 744 3898 spiritum
760 3827 787 3881 V
868 3841 921 3894 quo
936 3826 972 3881 Vs
1002 3826 1065 3894 quia
1080 3825 1122 3880 Ge

64 3919 99 3974 12
115 3918 183 3988 esse]
202 3933 252 3973 orn.
272 3918 310 3973 (Ρ
406 3916 515 3971 meliors
533 3915 570 3971 θ·
665 3916 804 3968 rmistsuts
826 3912 880 3968 Ge:
907 3912 1041 3968 sumtal'
1069 3912 1190 3966 mistero

64 4004 93 4060 P
186 4004 350 4073 ldpcrlom.
363 4004 392 4058 P
483 4000 688 4070 consuetudinis]
702 3997 898 4055 consuetudiso
993 3997 1026 4052 14
1037 3997 1121 4066 legio

65 4090 98 4145 15
123 4088 256 4144 domando
283 4105 299 4144 o
417 4088 452 4143 20
476 4087 575 4157 pendet
603 4086 698 4143 owe:
728 4086 826 4155 pendet
849 4088 906 4141 orius
931 4085 969 4141 0¹
1001 4099 1026 4153 p.
1049 4086 1078 4137 et
1099 4098 1190 4137 omncs

65 4174 277 4244 waepesers.
363 4175 398 4230 22
414 4175 451 4245 te]
471 4190 520 4230 om.
540 4171 578 4246 0}
663 4187 756 4240 corpus
774 4171 852 4226 0⁸1⁷:
878 4187 973 4241 corpus
990 4170 1048 4225 eius
1070 4168 1123 4224 (Po

63 4260 99 4316 23
116 4259 181 4329 cius]
200 4275 252 4316 om.
274 4260 327 4316 G¹o
429 4259 464 4315 24
480 4259 570 4315 anima
592 4257 626 4316 V:
655 4258 744 4313 auimo
766 4256 810 4312 Go
