2760 4814
210 303 272 368 736
683 297 866 369 [Eugippii]

209 491 393 556 mandata
426 507 508 554 mea
541 492 710 554 seruate.
752 492 788 552 et
823 506 890 571 ego
924 489 1068 571 rogabo
1096 491 1271 573 patrem,
1302 493 1336 555 ot

210 593 330 658 atium
360 592 593 658 aduocatum
622 592 734 658 dabit
764 590 895 674 uobis,
927 593 970 657 ut
991 592 1200 660 nobiseum
1223 594 1333 662 sitin

211 700 431 771 aeternum,
471 696 659 779 spiritum
691 694 895 774 ueritatis,
934 713 1045 776 quem
1079 695 1142 762 bia
1174 701 1334 766 muudus

210 800 395 882 accipere
418 819 489 865 non
514 799 666 883 potest,
688 798 719 864 id
743 798 791 862 est
813 796 975 863 dilectores
996 800 1130 864 mundi?
1152 801 1333 867 animalis

210 905 338 969 autem
371 902 481 968 bomo
515 918 588 967 non
622 900 793 984 percipit
823 918 919 982 quae
950 905 1040 965 suut
1071 904 1248 985 spiritua
1270 904 1358 970 deta

210 1006 265 1071 sed
294 1006 395 1072 adhue
424 1006 521 1071 uideri
552 1006 657 1088 potest
685 1005 753 1071 ideo
783 1004 917 1070 dietum:
952 1007 990 1068 et
1015 1023 1085 1090 ego
1106 1009 1257 1090 rogabo
1278 1024 1333 1090 pa-

210 1110 323 1189 trem,
356 1113 394 1173 et
427 1109 548 1174 alium
583 1109 814 1174 aduocatum
847 1107 962 1174 dabit
996 1107 1125 1192 uobis,
1161 1110 1253 1193 quasi
1281 1126 1332 1175 nou

210 1211 348 1277 sufficiat
377 1212 460 1276 solus
490 1211 582 1277 filius.
620 1211 677 1277 illo
707 1213 811 1277 autem
835 1212 899 1277 looo
922 1211 969 1277 ita
992 1212 1028 1277 de
1054 1211 1112 1279 illo
1135 1212 1260 1280 dietum
1282 1218 1332 1289 eet,

210 1316 372 1397 tamquam
395 1315 479 1379 solus
501 1315 625 1380 omnino
648 1314 804 1379 sufficiat:
835 1333 921 1379 eum
943 1316 1103 1380 uenerit
1124 1315 1201 1381 ille
1224 1315 1332 1400 spiri·

211 1419 275 1483 tus
298 1418 507 1497 ueritatis,
538 1417 701 1485 docebit
723 1436 788 1483 uos
812 1435 958 1482 omnem
982 1416 1211 1484 ueritatem.
1249 1438 1356 1487 num-o

211 1519 285 1603 quid
316 1538 388 1605 ergo
420 1521 493 1586 bino
515 1522 687 1604 separetur,
719 1524 879 1603 tamquam
909 1523 975 1603 ipse
997 1539 1058 1586 non
1081 1522 1193 1587 dooaat
1215 1540 1331 1590 omnem

212 1625 405 1689 ueritatem?
428 1628 482 1690 aut
505 1625 591 1706 quasi
608 1624 665 1689 hoe
688 1624 818 1707 impleat
840 1623 968 1705 spiritus
988 1625 1114 1689 sauctus
1137 1625 1331 1709 quodminus

211 1726 317 1809 potuit
338 1726 445 1792 docere
467 1727 573 1792 filius?
597 1728 701 1791 dicant
725 1746 806 1810 ergo,
831 1726 856 1791 si
879 1727 991 1809 planet,
1013 1728 1164 1793 maiorem
1187 1748 1256 1795 esse
1277 1728 1331 1795 dito

213 1829 358 1911 spiritum
381 1834 534 1914 sanetum,
567 1849 658 1914 quem
680 1832 830 1896 minorem
853 1832 907 1896 illo
930 1830 1031 1896 solent
1053 1832 1166 1897 disere.
1204 1833 1332 1918 anquis

213 1933 414 1998 nondictum
438 1938 499 1999 est:
526 1934 610 2019 „ipse
633 1933 735 1999 solus“
760 1937 832 1999 aut:
858 1952 967 2019 „nemo
986 1934 1046 2000 nisi
1061 1935 1129 2017 ipse
1144 1954 1200 2002 uos
1216 1934 1356 2004 duabus

213 2054 336 2101 omnem
352 2036 549 2119 ueritatem“‚
566 2039 633 2103 ideo
649 2039 845 2122 permittunt,
862 2041 898 2104 ut
913 2057 984 2104 oum
999 2038 1056 2104 illo
1072 2039 1181 2107 dooere
1195 2040 1331 2107 credatur

213 2143 244 2204 et
266 2139 372 2205 fitius?
394 2142 551 2223 apostolus
575 2161 646 2226 ergo
669 2143 827 2225 separauit
848 2142 950 2208 filium
965 2141 1004 2207 ab
1028 2142 1164 2208 sciendis
1187 2144 1239 2210 his
1261 2159 1329 2227 quas

213 2250 285 2308 suut
315 2244 373 2323 dei,
404 2248 456 2310 ubi
479 2247 539 2310 ait:
569 2246 623 2311 eiu
653 2251 807 2329 atquae
836 2248 926 2312 sunt
948 2248 1009 2311 dei
1031 2265 1139 2311 nemo
1163 2248 1244 2314 soit
1264 2245 1329 2314 nisi

213 2346 384 2428 spiritus
414 2347 490 2428 dei,
522 2351 557 2413 ut
585 2349 649 2413 iam
680 2350 733 2413 isti
763 2349 900 2432 peruersi
923 2352 1048 2432 possent
1078 2368 1114 2415 er
1135 2350 1197 2416 hoo
1226 2350 1328 2423 dicort

214 2452 293 2530 quod
317 2453 349 2515 et
370 2451 471 2516 filium
494 2471 554 2517 non
578 2453 686 2518 doceat
709 2471 788 2535 quae
811 2452 861 2518 dei
880 2455 955 2517 sunt
977 2454 1037 2518 uisi
1060 2452 1192 2535 spiritus
1214 2456 1352 2522 suetus„

214 2555 373 2636 tamquam
404 2558 502 2621 maior
531 2555 701 2642 minorem;
735 2558 784 2622 oui
814 2557 898 2623 filius
921 2558 987 2639 ipse
1010 2558 1134 2622 tantum
1157 2558 1281 2636 tribuit,
1301 2553 1328 2622 ut

216 2655 350 2723 diceret:
380 2658 469 2740 quia
498 2660 593 2725 haee
624 2658 779 2724 loeutus
809 2678 890 2724 eum
914 2660 1039 2744 uobis,
1072 2659 1254 2727 tristitia
1275 2673 1328 2726 cor

214 2763 389 2825 uestrum
412 2761 611 2846 impleuit.
641 2763 706 2829 sed
729 2783 797 2848 ego
820 2763 1031 2829 ueritatem
1053 2763 1157 2831 dico:
1181 2759 1328 2848 expedit

214 2862 340 2940 uobis,
372 2867 412 2929 ut
442 2885 509 2949 ego
539 2885 630 2932 eam.
663 2886 746 2931 nam
781 2867 814 2930 si
842 2884 916 2931 nou
939 2866 1087 2948 abiero,
1121 2870 1327 2934 aduocatus

214 2984 286 3030 non
309 2968 444 3032 ueniet
465 2969 511 3035 ad
533 2988 609 3035 uos.
647 2970 704 3033 hoa
726 2971 832 3034 autem
851 2969 929 3034 dixit
944 2988 1004 3034 non
1020 2970 1144 3052 proptor
1166 2970 1357 3054 inaequali*

214 3071 312 3136 tatem
335 3071 423 3137 uerbi
447 3072 498 3137 dei
521 3074 553 3136 et
575 3071 704 3153 spiritus
719 3072 830 3149 sanati,
853 3072 907 3136 sed
931 3074 1092 3154 tamquam
1114 3073 1332 3156 impedimento

214 3179 295 3240 esset
317 3176 492 3259 praeseutia
514 3174 572 3240 filii
597 3173 732 3240 bominis
754 3178 836 3256 apud
859 3191 917 3254 eos,
951 3175 1115 3257 quominus
1138 3176 1264 3242 ueniret
1284 3173 1346 3239 ido

316 3404 335 3458 4
360 3405 374 3460 1
397 3404 457 3459 Cor.
485 3406 509 3471 2,
537 3405 570 3458 14
677 3406 694 3459 9
720 3405 758 3460 Io.
788 3405 827 3471 16,
856 3405 888 3458 13
1000 3405 1032 3459 18
1059 3405 1073 3459 Ι
1097 3403 1157 3461 Gor.
1185 3407 1211 3472 2,
1240 3407 1269 3462 11

214 3489 248 3543 22
266 3491 304 3545 Io.
323 3491 364 3555 16,
383 3493 448 3560 deq.

265 3702 448 3757 4dileotores
472 3703 491 3771 (i
515 3718 549 3756 ex
572 3719 586 3757 a
608 3702 746 3773 corr.)G
848 3703 979 3758 animales
1005 3704 1042 3757 P¹
1146 3704 1372 3776 5sunt10nae

215 3802 243 3857 P
340 3804 357 3857 9
380 3804 493 3874 uenerit]
517 3794 596 3859 neuen
619 3806 647 3859 P
749 3806 780 3861 11
804 3807 949 3875 separatur]
972 3823 992 3860 a
1010 3789 1055 3818 ⁰¹¹¹
1074 3806 1157 3873 (filius
1176 3808 1240 3863 add
1259 3825 1293 3863 aa.
1311 3789 1372 3889 3)(1

216 3889 243 3945 0
339 3889 371 3944 13
383 3890 510 3944 maiorem
523 3892 562 3945 P:
580 3891 708 3947 minorem
724 3891 766 3947 Ga
860 3907 916 3946 esse
928 3891 1056 3947 filio-16
1067 3908 1173 3947 omnem
1187 3892 1338 3963 ueritatem}

215 3977 254 4033 P’
270 3976 303 4029 in
319 3991 374 4031 ras.
392 3983 418 4031 et
439 3978 472 4031 in
489 3992 541 4046 mp.
645 3980 677 4032 14
700 3977 832 4047 sanctum]
856 3993 907 4032 om.
931 3978 958 4032 P
1060 3978 1092 4031 11
1117 3994 1186 4047 quae
1211 3980 1267 4037 Gor
1295 3978 1341 4051 qui

215 4061 244 4117 P
345 4061 377 4115 19
401 4065 510 4130 possent
530 4062 611 4118 GPo:
641 4064 746 4133 possint
763 4080 782 4117 a
883 4063 918 4117 20
940 4062 1028 4116 filium
1046 4079 1079 4116 a:
1108 4063 1182 4118 filius
1203 4065 1275 4121 GPo

214 4146 249 4201 21
267 4145 324 4216 ipae
343 4145 421 4202 6³1³:
447 4148 535 4217 ipsum
548 4148 586 4203 θ’
615 4149 701 4218 ipaio
787 4149 820 4205 22
838 4149 916 4203 nubis
928 4149 967 4202 P:
995 4165 1044 4204 om.
1059 4148 1102 4205 Go
1189 4151 1225 4206 26
1243 4151 1343 4223 spiritu

215 4235 309 4288 sanato
327 4232 355 4288 P
455 4234 488 4288 27
506 4238 575 4288 esset
595 4235 650 4290 Ga:
680 4250 736 4289 esee
755 4235 783 4291 P
883 4236 930 4289 ille
951 4234 1019 4291 G’o:
1037 4235 1080 4290 1111
1100 4234 1167 4291 θῬ
