2760 4814
448 1273 815 1386 EVGIPPH

127 1516 620 1656 EXCERPTORVM
669 1516 763 1627 EX¹
800 1515 1123 1613 OPERIBVS

274 1743 312 1838 S.
354 1740 653 1838 AVGVSTINI
694 1739 983 1839 CAPITVLA.

417 1966 485 2045 (ux
511 1965 727 2032 oourornvs
753 1965 841 2047 eu.)

31 2122 79 2186 ⁵1.
107 2123 138 2186 1.
162 2121 257 2187 Liber
280 2121 319 2186 ad
342 2120 569 2204 Hieronymum
598 2121 816 2205 presbyterum
840 2120 879 2184 de
901 2117 1057 2183 sententia
1079 2117 1196 2196 Iaeobi‚

164 2224 335 2306 quadieit:
359 2224 390 2287 si
413 2226 640 2307 totamquis
663 2226 792 2307 legem
808 2221 1049 2298 serueuerit,
1074 2220 1196 2285 offen-

163 2330 232 2392 dat
267 2331 397 2391 eutem
432 2326 469 2390 in
502 2344 589 2406 uno,
624 2328 757 2392 faetus
791 2331 852 2390 est
885 2324 1056 2390 omnium
1090 2342 1195 2400 reus;

165 2433 342 2496 cumidem
367 2431 468 2496 dieat:
497 2432 536 2495 in
558 2433 698 2496 multis
728 2431 830 2496 enim
860 2430 1100 2496 offendimus
1123 2446 1196 2491 om·

165 2555 239 2600 nes.
278 2535 309 2598 in
343 2553 402 2616 quo
435 2534 515 2598 libro
543 2533 580 2598 de
615 2537 761 2616 quattuor
796 2535 985 2610 uirtutibus,
1021 2530 1195 2615 prudentia,

29 2665 51 2695 ro
165 2639 384 2722 temperantia,
400 2637 592 2714 fortitudine,
607 2637 741 2714 iustitia,
754 2637 995 2720 diligentissime
1010 2633 1195 2717 disputauit.

61 2743 104 2807 Π.
130 2745 161 2807 2.
186 2743 268 2806 Item
285 2744 321 2805 de
337 2740 505 2823 praedietis
521 2745 670 2822 quattuor
693 2739 877 2817 uirtutibus,
902 2757 978 2822 quas
994 2739 1025 2803 in
1042 2737 1195 2820 superiori

166 2847 246 2910 libro
269 2843 429 2919 distinxit;
459 2845 492 2907 in
523 2843 604 2908 libro
627 2846 663 2908 de
686 2842 826 2907 moribus
849 2842 1000 2907 ecciesiae
1025 2842 1195 2906 catholicae

169 2949 320 3012 disserens
343 2944 382 3010 ad
405 2964 502 3011 unum
526 2964 577 3010 eas
599 2946 784 3010 mandatum
808 2944 931 3010 rettulit
955 2944 1107 3009 caritatis.

64 3052 126 3116 [ΙΙ.
150 3053 181 3116 3.
206 3055 255 3115 An
278 3051 422 3126 uirtutes,
446 3049 560 3131 quibus
576 3050 615 3114 ad
632 3049 851 3114 aeternitatem
867 3048 1021 3124 tenditur,
1038 3047 1195 3112 desiturae

36 3176 56 3214 a
168 3155 231 3218 sint
254 3173 325 3218 ourn
347 3155 385 3219 ad
409 3159 535 3220 aeterna
561 3154 768 3236 perduxerint,
797 3152 864 3233 agit
886 3151 920 3216 in
941 3151 1021 3216 libro
1045 3149 1082 3214 de
1106 3150 1197 3213 trini·

167 3267 232 3322 tate
255 3259 362 3324 XIIII.

67 3361 141 3425 1111.
164 3361 196 3426 4.
218 3363 263 3426 De
298 3364 446 3444 quattuor
480 3360 706 3439 affectionibus,
740 3378 817 3442 quas
847 3378 865 3423 a
893 3356 1039 3423 Cicerone
1073 3355 1197 3439 pertur-

167 3463 314 3544 bationes,
345 3465 384 3529 ab
412 3463 483 3529 aliis
512 3464 671 3546 passiones
695 3464 870 3546 appellatas
895 3459 1054 3541 Vergilius
1078 3455 1197 3522 homini

167 3573 291 3649 propter
321 3584 447 3631 earnem
476 3564 577 3631 inesse
608 3567 708 3649 putat,
737 3583 809 3630 oum
839 3563 888 3628 his
911 3561 1053 3628 diabolus
1076 3577 1197 3643 quoque

39 3686 61 3723 ω
167 3688 227 3734 non
257 3677 369 3745 eareat,
401 3669 454 3750 qui
484 3674 533 3732 est
561 3668 670 3751 ntique
693 3665 761 3743 sine
784 3686 895 3742 oame3
929 3671 1055 3730 sanctos
1078 3667 1196 3744 autom,

166 3774 278 3854 quibus
307 3776 411 3837 reotus
442 3775 491 3836 est
520 3789 618 3849 amor,
653 3789 759 3835 omnes
790 3771 845 3835 hos
875 3769 1054 3835 affectiones
1086 3767 1197 3849 probat

169 3882 267 3940 rectas
290 3875 413 3940 habore.
448 3894 483 3939 ex
506 3873 587 3939 libro
609 3873 646 3937 de
670 3873 799 3938 ciuitate
822 3873 872 3937 dei
895 3871 1003 3936 XIIII.

168 4062 352 4127 emolu
453 4061 622 4127 elnaem

122 4232 207 4299 Copp.
227 4230 466 4297 Ι-ΧΧΠΠΙ,
490 4248 561 4300 puae
584 4232 683 4288 desum
702 4233 734 4286 in
752 4231 811 4286 cod.
836 4231 865 4294 V,
890 4229 1008 4298 opposui
1026 4242 1059 4281 ex
1077 4225 1134 4280 eod.
1158 4225 1200 4293 G;

74 4315 281 4385 &erepentium
310 4318 465 4386 scripturae
492 4319 525 4371 io
554 4321 683 4388 capitulio
707 4317 834 4373 XXX·
845 4312 1066 4374 cuoxuvm
1087 4327 1120 4366 ex
1142 4310 1199 4365 eolo

75 4401 125 4455 oo&
150 4401 333 4459 ratmot
350 4430 384 4441 -
401 4401 419 4454 9
441 4402 471 4456 in
493 4418 546 4471 quo
562 4405 631 4465 libro
650 4407 701 4480 Μ]
727 4403 827 4460 ideireo
851 4405 959 4471 integer
977 4400 1006 4454 in
1024 4399 1073 4453 hoo
1090 4410 1198 4465 torpore

76 4487 248 4554 prelaturam
264 4487 396 4556 exemptis
413 4487 477 4555 qnia
494 4487 521 4540 in
538 4504 568 4545 eo
589 4493 615 4551 θ
722 4493 756 4549 13
774 4492 868 4546 retulit
893 4486 918 4541 0
