2760 4814
129 346 172 415 32
612 343 779 414 Eugippii

233 532 318 622 [362.
353 534 400 600 De
433 552 467 600 eo
498 535 580 617 quod
614 534 660 600 ait
692 535 851 601 dominus:
886 534 996 613 dato,
1022 536 1069 600 >et
1100 532 1184 600 dabi

231 637 356 705 uobis.

230 741 304 808 363.
327 739 375 806 De
392 758 488 806 caeco
510 740 587 806 duce
611 740 719 825 caeci]

129 843 304 911 CCCXXX.
327 844 402 911 364.
429 844 476 909 De
498 844 600 928 magis
622 843 806 911 Pharaonis.

129 946 319 1015 CCCXXXI.
343 946 416 1013 365.
443 947 602 1013 Aduersus
625 947 873 1013 mathematicos.

235 1050 320 1134 [366.
344 1049 392 1115 De
412 1049 530 1135 uerbo]

235 1155 320 1238 [367.
344 1153 446 1235 Quare
467 1153 552 1220 filins
574 1154 625 1219 dei
647 1153 680 1220 in
702 1153 828 1219 bomine
850 1153 998 1236 apparuit
1020 1156 1052 1217 et
1073 1152 1184 1236 spiritu

233 1255 400 1346 columba]

129 1360 339 1430 CCCXXXII.
361 1360 435 1427 368.
458 1361 505 1425 De
521 1371 557 1426 eo
573 1360 655 1444 quod
669 1360 819 1444 seriptum
841 1360 945 1426 estin
967 1358 1147 1444 euangelio:
1171 1378 1184 1423 s

231 1465 316 1548 ipso
338 1466 485 1544 iactum
507 1469 568 1530 est
589 1463 709 1546 nibil;
732 1468 764 1529 et
779 1466 817 1530 de
833 1464 954 1529 duebus
967 1462 1184 1548 praepositioni

130 1567 353 1636 CCCXXXIII.
377 1569 451 1647 363.
475 1567 521 1631 De
544 1586 668 1652 corpore
690 1568 809 1634 domini
831 1569 904 1651 post
925 1568 1184 1633 resurrectionem

128 1670 368 1741 CCCXXXIIIL
390 1670 464 1737 376.
487 1672 535 1737 De
556 1690 681 1755 corpore
704 1670 835 1738 animali
857 1672 888 1738 et
910 1689 1035 1753 corpore
1056 1670 1184 1754 spiritali

129 1774 330 1841 CCCXXXV.
354 1774 427 1841 371.
456 1775 571 1839 Vtrum
599 1775 787 1860 singillatim
811 1793 829 1839 6
852 1778 990 1840 creatore
1017 1774 1074 1839 deo
1097 1791 1184 1856 corpo

231 1879 415 1943 liniamento
437 1877 621 1944 formentur.

129 1980 348 2048 CCCXXXVI.
371 1980 446 2046 372.
470 1983 516 2047 De
539 1980 661 2046 animae
684 1979 872 2062 quaestione.

129 2083 366 2151 CCCXXXVII.
389 2082 463 2148 373.
486 2081 574 2162 Quod
596 2083 751 2165 baptizati
773 2101 867 2152 nona
890 2087 991 2148 morte
1013 2081 1182 2166 communi,

234 2207 253 2253 a
285 2188 440 2271 supplicio
477 2187 650 2253 liberentur
686 2191 821 2262 aeterno,
859 2205 878 2253 a
911 2205 970 2270 quo
1008 2187 1103 2253 etiam
1140 2186 1184 2270 pri

233 2292 372 2357 homines
402 2291 482 2357 dicit
509 2308 562 2373 per
591 2291 709 2356 domini
738 2292 923 2375 sangninem
952 2289 1116 2367 liberatoa3
1151 2292 1183 2353 et

232 2395 333 2461 Dauid
361 2399 487 2478 peccato
516 2394 644 2459 remisso
667 2394 750 2477 quod
772 2394 849 2461 deus
872 2411 928 2475 per
949 2393 1134 2476 prophetam
1156 2392 1185 2458 sn

232 2497 368 2562 minatus
396 2496 593 2581 impleuerit3
628 2500 659 2561 et
689 2496 726 2561 de
754 2495 904 2579 mysterio
934 2495 1056 2561 numeri
1084 2496 1186 2560 uicem

232 2600 282 2665 uel
305 2601 343 2665 de
365 2618 460 2683 supra
482 2600 600 2682 scripta
622 2601 745 2665 animae
767 2599 959 2682 quaestione.
1067 2682 1071 2692 Ι

130 2702 383 2771 CCCXXXVIII.
405 2703 478 2770 374.
499 2702 587 2785 Quae
610 2702 675 2768 sint
697 2707 823 2785 peccata
845 2702 1027 2791 nolentium.

128 2806 399 2875 CCCXXXVIIII.
434 2805 505 2872 375.
549 2806 596 2871 De
633 2824 668 2871 eo
706 2808 787 2888 quod
830 2806 984 2888 scriptum
1021 2809 1086 2870 est:
1130 2824 1186 2870 an:

233 2929 498 2993 quaecumque
534 2909 766 2993 peccauerit
802 2908 841 2974 in
874 2925 986 2995 manu
1022 2909 1186 2990 superbi

231 3016 340 3080 deum
370 3013 579 3081 exacerbat
610 3015 649 3079 et
677 3012 1017 3079 exterminabitur
1044 3014 1087 3078 de
1114 3030 1186 3096 pop

231 3137 308 3183 suo.

130 3220 268 3289 CCCXL.
291 3221 364 3286 376.
399 3222 446 3286 De
469 3238 503 3285 eo
532 3219 614 3302 quod
649 3219 801 3303 scriptum
835 3223 896 3286 est:
932 3238 1004 3285 non
1037 3217 1184 3285 morien

231 3329 367 3408 patres
389 3342 456 3409 pro
477 3323 606 3402 filiis;
637 3325 669 3389 et
690 3326 729 3391 de
750 3343 785 3390 eo
808 3322 890 3407 quod
911 3323 973 3388 ait:
995 3321 1153 3388 reddam
1178 3343 1187 3408 1

232 3430 321 3494 cata
342 3433 500 3512 patrum
522 3428 561 3492 in
583 3428 707 3493 filios.

129 3528 287 3605 CCCXLI.
310 3531 383 3598 377.
413 3529 500 3611 Quod
523 3530 663 3614 exemplo
686 3530 805 3597 domini
827 3529 1011 3613 temporalis
1033 3533 1187 3595 contemno

231 3634 275 3699 sit
297 3632 380 3699 salus
403 3635 436 3699 et
458 3620 538 3715 qnod
567 3633 601 3698 in
630 3634 704 3699 filiis
719 3633 782 3712 ¹Iob
805 3633 989 3700 resurrectio
1013 3636 1187 3699 commende

231 3738 284 3802 uel
305 3739 343 3802 de
365 3738 554 3802 sustinentia
575 3738 715 3803 eiusdem
732 3737 787 3803 Iob
803 3756 839 3803 ac
854 3737 916 3825 fine
931 3737 1067 3814 domini;
1090 3736 1188 3802 uelum

232 3840 344 3924 templi
365 3857 426 3904 non
449 3839 546 3906 fnisse
567 3842 731 3924 parietem,
755 3842 789 3906 ut
812 3841 940 3923 quidam
962 3841 1084 3906 uolunt.

197 4000 426 4092 'rnucaae
528 4025 681 4089 erere
784 4024 1030 4092 6677661666
1124 4024 1189 4107 arr

129 4109 223 4176 cere
326 4109 520 4178 6666665

181 4281 213 4335 21
232 4279 428 4349 suprascribtae
450 4280 477 4336 V
515 4337 518 4345 ,
579 4280 614 4337 25
630 4285 767 4344 exacerbet
791 4279 816 4336 V
844 4342 848 4349 ,
913 4281 949 4337 32
966 4281 1094 4338 tinemV
