2760 4814
176 273 243 341 502
664 269 828 341 Eugippli

178 463 273 545 liant,
295 462 350 546 qui
372 462 439 527 eins
462 460 546 527 modi
569 479 676 527 secum
692 459 834 527 aedificia
856 461 1061 544 portauerant
1083 460 1149 526 siue
1171 460 1216 526 ibi
1238 465 1315 527 tan·

178 568 250 634 tum
279 566 346 631 siue
367 569 399 632 et
420 565 473 630 hio
495 565 526 630 et
555 563 602 630 ibi
632 564 699 630 sino
727 564 797 630 ideo
827 562 889 640 hic,
914 567 952 630 nt
972 580 1034 629 non
1056 562 1103 628 ibi
1125 564 1312 641 saecularia,

178 669 324 759 quamuis
347 686 366 734 a
387 667 585 735 damnatione
606 666 752 747 uenialia,
782 670 1034 734 concremantem
1064 668 1171 751 ignem
1193 669 1314 733 transi·

178 774 277 839 torias
310 770 527 838 tribulationis
559 770 739 837 inueniant:
776 788 839 835 non
873 774 1033 855 redarguo,
1071 773 1145 854 quia
1177 769 1313 837 forsitan

179 895 289 942 nerum
312 875 369 940 est.
407 876 511 961 potest
544 876 657 958 quippe
684 875 723 939 ad
756 873 850 941 istam
884 874 1121 942 tribulationem
1153 874 1349 961 pertineres

178 980 274 1047 etiem
296 998 381 1046 mors
409 979 481 1064 ipsa
511 980 622 1058 caruis,
653 979 792 1062 quaeda
818 977 913 1063 primi
935 978 1058 1061 peccati
1080 978 1313 1063 perpetratione

178 1083 328 1166 concepta
350 1084 408 1163 est,
438 1084 476 1148 ut
497 1085 667 1149 secundnm
690 1080 841 1165 cuiusque
862 1080 1040 1149 aedificium
1063 1084 1198 1165 tempus,
1228 1081 1311 1166 quod

178 1206 248 1253 eam
269 1187 421 1272 sequitur,
450 1187 490 1253 ab
513 1203 695 1271 unoquoque
716 1184 882 1252 sentiatur.
919 1186 1147 1270 persecutiones
1177 1202 1311 1269 quoque,

178 1291 292 1374 quibus
322 1292 477 1375 martyres
506 1289 644 1357 coronati
673 1293 747 1354 sunt
773 1290 807 1355 et
829 1307 906 1373 quas
929 1288 1093 1374 patiuntur
1122 1288 1311 1374 quicumque

178 1394 351 1472 christiani,
381 1393 513 1477 probant
538 1393 670 1475 utraque
693 1391 835 1459 aedificia
856 1393 946 1458 uelut
973 1391 1058 1478 ignis
1087 1394 1120 1459 et
1147 1392 1211 1480 alia
1235 1410 1349 1463 eon-ao

178 1498 307 1563 sumunt
328 1516 399 1564 cum
422 1497 499 1581 ipsis
523 1496 787 1581 aedificatoribus,
816 1496 845 1562 si
867 1494 1028 1563 Christum
1051 1496 1084 1563 in
1107 1496 1151 1561 eis
1173 1514 1236 1561 non
1258 1495 1311 1561 in·

178 1600 312 1668 ueniunt
334 1601 587 1686 fundamentum
610 1599 673 1667 alie
688 1601 754 1666 sine
776 1599 862 1686 ipsis,
886 1601 913 1666 si
935 1599 1112 1679 inueniunt,
1137 1600 1213 1683 quia
1233 1599 1312 1665 licet

179 1722 252 1783 oum
273 1706 387 1770 damno
409 1704 490 1770 salui
512 1707 604 1770 eruut
632 1704 709 1788 ipsi;
738 1704 800 1772 alia
822 1721 897 1770 nero
919 1722 983 1771 non
1004 1706 1204 1780 consumunt,
1235 1703 1312 1786 quia

178 1806 256 1873 talia
277 1805 447 1890 reperiunt,
471 1826 549 1892 qnae
571 1790 718 1874 maneant
740 1809 773 1874 in
795 1810 965 1874 aeternum.
995 1807 1055 1873 erit
1073 1810 1168 1874 etiam
1190 1806 1223 1872 in
1246 1805 1310 1873 line

178 1910 295 1977 saeculi
325 1910 490 1978 tribulatio
514 1915 651 1994 tempore
674 1911 863 1991 antichristi,
894 1913 996 1995 qualis
1018 1930 1192 1997 numquam
1214 1916 1349 1978 anteana

178 2014 250 2080 fuit.
288 2033 382 2100 quam
404 2014 507 2081 multa
529 2019 622 2081 erunt
644 2018 720 2081 tunc
742 2013 883 2082 aedificia
900 2017 967 2082 siue
989 2034 1085 2082 aurea
1107 2018 1175 2082 siue
1198 2015 1311 2083 taenea

177 2137 271 2204 snper
303 2119 460 2203 optimum
493 2118 741 2200 fundamentum,
775 2118 858 2202 quod
891 2123 940 2184 est
975 2118 1116 2185 Christus
1139 2119 1237 2194 Iesus,
1273 2121 1311 2182 ut

178 2222 261 2307 ignis
284 2222 339 2289 ille
360 2223 471 2307 probet
492 2224 626 2304 utraque
648 2225 681 2287 et
698 2222 737 2287 de
759 2220 830 2286 aliis
852 2222 1014 2306 gaudium,
1037 2221 1075 2287 de
1099 2221 1170 2288 aliis
1193 2219 1311 2287 inierat

177 2328 338 2404 damnum,
356 2327 484 2392 neutros
497 2330 603 2393 tamen
617 2326 738 2410 perdat,
759 2327 793 2391 in
809 2325 921 2409 quibus
937 2325 1014 2392 lraec
1027 2326 1166 2393 inueniet
1180 2325 1310 2409 propter

178 2428 294 2495 stabile
326 2429 579 2496 fundamentum.
618 2431 805 2513 quicumque
838 2432 946 2496 autem
978 2449 1039 2496 non
1072 2430 1140 2496 dico
1171 2446 1349 2509 uxoremst

178 2532 266 2596 cuius
290 2533 385 2599 etiam
398 2531 623 2611 ‚commixtione
639 2532 743 2598 oannis
757 2535 797 2599 ad
813 2534 972 2599 carnalem
987 2535 1087 2599 utitur
1102 2532 1311 2616 uoluptatem,

178 2634 233 2700 sed
255 2634 328 2717 ipsa
347 2652 426 2718 quae
450 2633 489 2700 at
505 2635 571 2700 eius
593 2634 678 2701 modi
694 2635 953 2705 delectationibus
967 2637 1071 2703 aliem
1084 2636 1159 2702 sunt
1181 2633 1312 2701 nomina

177 2738 305 2823 pietatis
333 2738 471 2805 humano
501 2756 587 2805 more
617 2737 786 2805 carnaliter
808 2738 966 2822 diligendo
989 2738 1111 2806 Christo
1134 2737 1309 2822 anteponit,

177 2859 332 2908 nonaum
355 2841 451 2911 habet
479 2843 512 2908 in
537 2841 741 2909 fundamento
764 2843 797 2908 et
810 2842 887 2908 ‘ideo
910 2861 972 2909 non
994 2842 1177 2927 perignem
1199 2843 1310 2909 saluus

177 2945 247 3026 erit,
264 2945 326 3025 ‚sed
347 2944 455 3011 saluus
477 2963 539 3012 non
561 2944 630 3027 erit,
654 2946 728 3028 quia
749 2963 816 3012 esse
832 2963 904 3012 oum
926 2947 1082 3013 saluatore
1097 2962 1159 3011 non
1180 2946 1347 3027 poterit„

177 3048 292 3133 quiete
322 3048 381 3114 hec
401 3067 434 3113 re
456 3047 651 3132 apertissime
680 3048 810 3133 loquens
840 3049 902 3115 ait:
936 3051 1002 3134 qui
1026 3052 1133 3115 amat
1153 3049 1311 3134 patrem

174 3154 246 3222 aut
281 3151 454 3237 matrem-
480 3151 714 3237 plusquam
746 3170 817 3233 me,
856 3171 928 3221 non
961 3153 1020 3221 est
1052 3171 1113 3219 me
1145 3150 1310 3239 dignum

279 3380 545 3450 censeamur
577 3418 581 3425 .
704 3414 707 3421 ,

226 3594 244 3649 2
262 3595 408 3651 saecularia
425 3584 492 3675 'TVr
516 3594 545 3649 in
560 3585 735 3663 'illo'saeculo
752 3608 769 3650 o
854 3596 872 3650 3
889 3595 916 3666 a]
934 3611 984 3650 om.
1001 3610 1023 3661 on
1104 3592 1206 3649 uenmll
1224 3613 1241 3652 c

175 3684 194 3741 8
220 3697 279 3737 eam
307 3678 360 3738 Tor
389 3699 421 3738 ea
450 3682 477 3739 V
535 3754 539 3763 Ι
575 3674 776 3754 onoqnoque'o
883 3683 900 3738 9
928 3698 994 3754 quse
1025 3680 1090 3739 TV:
1119 3682 1198 3752 quasi
1225 3701 1241 3739 o

176 3768 209 3827 12
224 3767 435 3840 ,fundamentum
450 3772 494 3838 (sn
510 3769 542 3825 io
558 3773 626 3837 sca)
645 3769 672 3823 Τ
767 3770 824 3824 sine
842 3767 908 3825 TV:
935 3769 962 3824 in
980 3787 997 3825 o
1101 3770 1135 3825 14
1152 3769 1313 3840 repperiunt

167 3850 220 3919 ,Vc
323 3857 356 3909 15
373 3850 574 3926 temporibuso
667 3851 700 3912 18
716 3854 854 3926 gandium,
873 3856 905 3913 tle
923 3856 995 3927 aliis]
1014 3873 1099 3914 orac
1191 3855 1312 3921 muxo-

168 3932 457 4015 'rank-uoluptatem]
475 3936 638 4015 scepsis.
656 3948 673 3998 1
689 3943 722 3998 in
738 3944 828 4013 spatio
845 3959 936 3998 cocco
953 3944 1047 4001 relicto
1070 3943 1097 3999 V
1187 3942 1222 4001 21
1240 3960 1313 4000 ccm-

167 4023 346 4085 'mistioneT
440 4028 475 4082 22
492 4030 550 4084 eius
570 4029 607 4085 V:
633 4026 715 4084 huius
736 4030 775 4086 To
873 4029 1013 4085 nominee
1116 4030 1151 4085 24
1167 4029 1238 4100 enm]
1258 4044 1313 4085 osa

176 4110 252 4184 cpe.
349 4115 384 4172 26
401 4114 625 4187 sed-nonoris]
644 4131 729 4172 oruc
826 4117 890 4186 quia
912 4112 967 4173 Voi
992 4114 1084 4185 qniT
1129 4180 1131 4185 ,
1178 4115 1212 4172 26
1231 4110 1313 4187 aper·

174 4198 291 4271 tissime]
312 4200 346 4256 Ρ
364 4202 395 4256 ia
406 4215 475 4265 ros.;
502 4192 686 4272 apperti'ssime
705 4200 732 4257 V
823 4200 858 4257 27
876 4204 925 4256 ant
942 4201 1066 4272 matrem]
1088 4202 1124 4258 Ρ
1141 4202 1174 4256 ia
1185 4218 1239 4259 ras.
