2760 4814
131 290 195 358 466
614 283 780 353 Eugippii

134 480 230 545 etiem
263 476 364 561 gratis
399 475 467 540 odit
502 472 673 539 seruientes
707 476 774 539 deo.
809 475 845 537 et
879 473 1044 552 clausit,
1078 471 1193 558 inquit,
1228 474 1266 538 et

132 581 320 666 signauit
341 598 460 663 super
483 596 584 659 eum,
607 582 649 642 ut
672 595 746 642 non
768 562 980 642 seduceret
1002 578 1079 642 iam
1102 578 1264 662 gentes,

132 688 253 752 donec
297 682 496 749 finiantur
533 680 645 747 mille
683 682 787 746 anni.
840 680 991 747 clausit
1025 699 1144 764 super
1180 700 1266 746 eum

132 793 252 858 dictum
284 787 332 853 est
365 786 545 874 „interdixit
573 785 612 862 ei,
646 804 686 850 ne
707 789 811 868 posset
834 783 946 863 exire“,
980 785 1013 851 id
1047 784 1096 849 est
1127 784 1265 850 uetitum

132 892 319 977 transgredi.
371 890 553 975 signauit
590 890 697 955 antem
733 890 815 971 qnod
851 888 914 965 ait,
958 888 1150 972 significasse
1186 888 1299 953 mihis

132 999 266 1075 uidetur,
291 995 366 1079 qnia
388 995 549 1061 occuitum
572 1011 639 1058 asse
668 992 769 1058 ualuit
800 992 854 1075 qui
876 993 1054 1075 pertineant
1076 992 1116 1056 ad
1139 996 1265 1075 partem

132 1100 249 1168 diaboli
279 1102 311 1165 et
339 1098 395 1183 qui
429 1116 489 1163 non
519 1095 708 1180 pertineant,
746 1096 804 1161 hoc
837 1097 951 1180 quippe
983 1097 1016 1161 in
1046 1095 1168 1161 saeculo
1203 1096 1265 1161 isto

132 1223 258 1287 prorsus
280 1203 369 1282 latet,
398 1200 473 1284 quia
494 1203 526 1266 et
548 1199 602 1282 qui
625 1199 750 1265 uidetur
772 1202 855 1264 stare
878 1200 985 1264 utrum
1006 1200 1049 1264 sit
1071 1217 1208 1280 casurus,
1232 1200 1265 1263 et

132 1307 185 1390 qui
216 1305 343 1371 uidetur
374 1304 474 1369 iacere
497 1307 605 1368 utrum
627 1302 671 1368 sit
692 1306 922 1368 resurrecturus
946 1303 1103 1368 incertum
1126 1306 1183 1368 est.
1224 1302 1265 1366 ab

132 1410 176 1475 eis
209 1412 316 1474 autem
348 1408 495 1490 gentibus
529 1407 712 1472 seducendis
746 1406 839 1472 huius
873 1406 1035 1472 interdicti
1071 1405 1196 1471 uinculo
1232 1409 1265 1470 et
1275 1428 1302 1470 ιο

132 1513 268 1577 claustro
290 1509 433 1577 diabolus
456 1509 639 1592 prohibetur
661 1511 755 1592 atque
777 1509 951 1592 cohibetur,
974 1528 1051 1595 quas
1074 1508 1266 1593 pertinentes

131 1616 171 1680 ad
196 1612 357 1679 Christum
391 1611 563 1678 seducebat
594 1613 687 1679 antea
720 1614 771 1677 uel
805 1613 941 1679 tenebat.
979 1614 1035 1679 has
1069 1613 1154 1678 enim
1186 1612 1265 1677 dens

129 1715 227 1799 elegit
258 1718 331 1780 ante
363 1715 473 1781 mundi
504 1715 763 1782 constitutionem
789 1734 894 1782 eruere
917 1717 955 1781 de
988 1718 1142 1800 potestate
1175 1716 1266 1782 tene·

132 1819 258 1884 tranum
293 1817 325 1882 et
358 1817 529 1884 transferre
561 1820 594 1884 in
627 1838 756 1903 regnum
795 1819 854 1884 filii
887 1821 1027 1885 caritatis
1060 1836 1144 1898 snae,
1182 1819 1266 1884 sicam

131 1919 291 2002 apostolus
324 1920 410 1987 dicit.
447 1940 520 1986 nam
550 1924 693 1987 seducere
726 1922 818 1988 illum
847 1925 957 2007 gentes
992 1923 1089 1988 etiam
1121 1941 1205 1988 nunc
1232 1922 1302 1987 etm

130 2041 236 2089 seeum
267 2024 391 2092 trahere
422 2025 455 2088 in
487 2028 648 2091 aeternam
675 2045 816 2110 poenam,
850 2027 906 2092 sed
928 2046 989 2093 non
1010 2025 1265 2109 praedestinatas

130 2126 164 2191 in
186 2129 347 2194 aeternam
379 2130 481 2195 uitam
514 2130 584 2214 quis
617 2129 718 2195 fidelis
749 2131 897 2214 ignorat?
933 2148 992 2197 nec
1024 2132 1150 2195 moneat
1180 2130 1265 2212 qnod

129 2247 225 2313 saepe
255 2234 398 2300 diabolus
431 2233 555 2300 seducit
588 2235 683 2301 etiam
717 2235 789 2301 illos
830 2235 883 2317 qui
923 2234 1100 2319 regenerati
1132 2233 1198 2298 iam
1232 2237 1265 2301 in

129 2332 254 2402 Christo
287 2338 354 2402 uias
386 2337 605 2422 ingrediuntur
638 2338 697 2403 dei.
742 2339 858 2404 nouit
887 2337 971 2404 enim
994 2335 1172 2403 dominus
1195 2338 1265 2419 qni

130 2443 224 2504 sunt
254 2439 358 2523 eins3
392 2459 428 2505 ex
456 2440 506 2506 his
534 2441 569 2506 in
590 2442 751 2507 aeternam
773 2443 1005 2507 damnationem
1027 2439 1184 2505 neminem
1207 2440 1302 2507 illesa

129 2543 259 2607 seducit.
297 2543 344 2608 sic
380 2543 464 2608 enim
501 2562 552 2609 eos
585 2544 676 2609 nouit
705 2544 849 2611 dominns
880 2547 918 2611 nt
946 2543 1031 2622 dens,
1066 2561 1159 2626 quem
1180 2543 1265 2609 nihil

130 2642 210 2709 latet
239 2645 337 2710 etiam
359 2646 547 2726 futurorum,
577 2667 638 2713 non
660 2649 696 2713 nt
718 2647 822 2727 homo,
851 2648 904 2731 qni
927 2648 1087 2713 hominem
1109 2647 1151 2711 ad
1173 2665 1265 2730 pras·

128 2764 199 2812 sens
222 2746 309 2814 uidet
331 2784 374 2797 -
396 2750 424 2813 si
445 2751 552 2815 tamen
574 2748 662 2816 uidet
684 2751 773 2816 cuius
803 2767 855 2816 cer
889 2768 951 2816 non
986 2750 1072 2816 uidet
1094 2785 1137 2798 -
1160 2750 1264 2832 qualis

128 2854 237 2917 antem
259 2855 369 2936 postea
391 2852 435 2917 sit
455 2852 581 2919 futurus
602 2871 662 2920 nec
682 2872 715 2918 se
736 2853 840 2937 ipsum
862 2855 957 2921 uidet.

234 3072 267 3128 18
284 3071 399 3144 ciltph.
419 3074 478 3141 1,4
557 3074 591 3128 14
607 3073 641 3132 ef.
655 3072 756 3130 Oolcsr.
777 3077 801 3142 1,
820 3075 854 3130 13
932 3073 965 3130 19
982 3073 1095 3130 HTim.
1114 3073 1139 3140 2,
1159 3074 1192 3130 19

182 3280 303 3334 lelnsit
328 3281 355 3337 Τ
455 3281 578 3337 delusit
604 3282 630 3336 T
729 3281 904 3337 dne-titum
926 3281 952 3335 Τ
1051 3281 1127 3336 tait
1148 3280 1186 3337 V:
1214 3283 1263 3338 ad-

128 3363 200 3419 didit
217 3365 287 3422 PTc
382 3365 464 3436 tqui
485 3366 548 3422 TV:
575 3382 662 3436 qnae
758 3366 839 3436 iqui
858 3366 922 3423 TV:
949 3382 1035 3436 quen
1131 3367 1194 3422 8et
1214 3369 1262 3438 qui

128 3449 237 3505 uidetur
254 3450 592 3524 iecere-resurrecturae]
611 3469 661 3508 cm.
671 3444 696 3507 'a
783 3453 800 3506 9
817 3455 1012 3508 resurrecturus
1028 3452 1065 3507 V:
1091 3456 1263 3510 surrecturus

131 3536 158 3591 Τ
257 3537 293 3592 10
316 3536 460 3594 interdicte
486 3555 503 3594 c
607 3538 639 3594 15
667 3538 750 3594 etiam
779 3538 843 3594 TV:
878 3542 920 3594 eet
945 3538 999 3593 iam
1025 3550 1041 3594 c
1147 3539 1179 3593 18
1206 3540 1263 3595 iam

131 3621 195 3677 Νι
225 3623 343 3678 etiams
