2760 4814
186 336 251 401 614
670 329 834 400 Eugippii

184 523 291 606 plinae
324 523 381 605 sit,
420 524 454 587 nt
488 540 585 604 neque
618 521 655 586 de
690 522 872 605 cuiusquam
908 521 1097 586 correctione
1133 522 1322 604 desperetur

189 642 288 706 nequa
321 627 465 707 cuiquam
500 624 674 709 paenitendi
709 624 812 690 aditus
847 624 1085 690 intercludatur.
1131 624 1170 688 de
1203 625 1317 707 quibus

188 727 308 793 duobus
330 731 501 812 generibus,
529 746 605 811 quae
628 730 729 794 solent
752 727 867 792 habere
890 745 1034 811 magnam
1058 728 1315 804 controuersiam,

186 832 262 896 satis
285 833 488 897 tractuuimus
511 831 640 914 etquid
663 829 754 896 nobis
776 830 915 913 placeret
930 828 1134 906 ostendimus,
1157 833 1194 894 ut
1216 831 1315 896 susci·

187 934 306 1017 piendis
329 933 643 1013 incommoditatibus,
667 952 745 1016 quaa
769 934 896 999 honeste
920 952 956 999 ac
978 933 1103 999 fortiter
1127 934 1312 1012 tolerantur,
1334 958 1351 1000 e

187 1038 264 1105 haec
297 1057 416 1124 quoque
449 1058 563 1124 genera
595 1038 774 1104 deuitentur
808 1058 827 1104 a
859 1039 991 1105 fortibus
1027 1040 1059 1103 et
1097 1036 1245 1103 fidelibus
1282 1038 1314 1102 et

187 1142 350 1208 ueracibus
372 1142 449 1207 uiris
472 1160 507 1207 ao
530 1141 664 1207 feminis.

229 1244 301 1310 Non
324 1264 395 1327 ergo
418 1247 631 1311 mentiendum
654 1245 825 1328 quaerenti,
850 1247 902 1312 ubi
925 1244 966 1311 sit
986 1246 1038 1329 qui
1061 1265 1094 1311 ee
1109 1244 1181 1311 fidei
1206 1242 1311 1310 coins·

186 1348 269 1431 piam
292 1349 491 1425 commiserit,
514 1352 566 1415 sed
590 1349 700 1415 lortius
724 1348 986 1432 respondendum:
1012 1367 1089 1432 „nec
1110 1350 1238 1431 prodam
1256 1365 1311 1411 nec

188 1450 353 1516 mentiar“.
378 1451 453 1517 fecit
476 1452 533 1517 boc
556 1451 714 1536 opiscopus
738 1455 892 1534 quondam
909 1452 1129 1536 Thagastensis
1153 1451 1340 1525 ecolesimo

188 1554 308 1618 llirmus
329 1554 461 1630 nomine,
484 1554 600 1620 firmior
622 1555 793 1620 uoluntate.
829 1574 899 1619 nam
916 1573 985 1619 cum
1002 1556 1040 1620 ab
1057 1573 1091 1620 eo
1113 1556 1310 1636 quaereretur

185 1657 277 1723 bomo
307 1657 391 1721 iussu
421 1658 616 1738 imperatoris
647 1677 702 1740 per
726 1660 916 1742 apparitores
940 1661 978 1723 ab
1003 1677 1038 1723 eo
1066 1660 1186 1736 missos,
1219 1674 1309 1739 quem

186 1759 225 1825 ad
263 1776 296 1824 se
334 1759 563 1844 confugientem
603 1759 769 1843 diligentia
806 1763 923 1842 quantu
959 1760 1083 1843 poterat
1119 1757 1308 1833 occultabat,

186 1862 345 1945 respoudit
378 1861 597 1944 quaerentibus
631 1879 688 1926 nec
719 1861 845 1926 mentiri
879 1881 912 1927 se
940 1879 1029 1944 posse
1063 1880 1118 1926 nec
1153 1861 1308 1927 bominem

186 1965 324 2046 prodere,
353 1983 522 2050 passusque
551 1968 615 2029 tam
645 1965 745 2029 multa
772 1966 927 2030 tormenta
949 1967 1086 2047 corporis
1108 2001 1152 2011 -
1173 1967 1372 2030 nondnm15

186 2067 269 2133 enim
292 2070 381 2134 erant
410 2069 610 2152 imperatores
633 2067 795 2133 christiani
822 2068 1054 2152 -permansit
1081 2067 1113 2131 in
1143 2067 1306 2133 sententia.

185 2171 296 2236 deiude
318 2173 357 2237 ad
379 2172 600 2253 imperatorem
624 2172 735 2237 ductus
761 2190 858 2254 usque
881 2172 956 2236 adeo
980 2170 1132 2236 mirabilis
1154 2169 1308 2254 apparuit,

185 2274 222 2338 ut
243 2273 308 2356 ipse
332 2273 460 2356 homini,
483 2293 574 2358 quem
590 2278 745 2351 seruabat,
764 2275 995 2358 indulgentiam
1011 2273 1079 2338 sine
1095 2273 1161 2339 ulla
1177 2272 1309 2338 difficul-

184 2378 250 2442 tate
286 2375 475 2460 impetraret.
520 2377 593 2459 quid
631 2379 689 2443 boc
726 2378 792 2442 fieri
826 2379 931 2460 potest
965 2379 1075 2442 fortius
1109 2382 1205 2459 atque
1240 2393 1308 2440 con·

184 2480 344 2544 stantius?
1317 2492 1372 2547 ια

228 2579 382 2647 Οιιιιιιιιιι
406 2584 454 2646 ιιι
476 2601 573 2664 genus
595 2582 759 2661 mendacii,
782 2587 861 2667 quod
885 2587 917 2650 ιι
939 2583 1017 2649 nulli
1033 2583 1121 2648 obest
1143 2586 1174 2647 ιι
1190 2582 1230 2647 ad
1252 2581 1309 2646 boc

185 2683 322 2767 prodest,
345 2685 382 2748 ut
403 2684 441 2751 ab
464 2687 663 2753 immunditia
686 2688 836 2772 corporali
858 2690 994 2771 aliquem
1018 2689 1153 2752 tueatur.

226 2803 296 2870 Non
320 2803 419 2889 igitur
440 2807 655 2872 mentiendum
679 2807 712 2872 in
731 2807 873 2873 doctrina
893 2807 1037 2891 piatatis,
1060 2824 1211 2891 magnum
1226 2807 1310 2871 euim

184 2908 287 2973 scelus
317 2911 365 2973 est
394 2911 425 2973 et
454 2909 589 2993 primum
621 2928 719 2993 genus
748 2911 941 2978 detestabilis
971 2910 1135 2977 mendacii.
1172 2910 1312 2975 nonest

184 3011 399 3076 mentiendum
422 3012 554 3078 secundo
576 3032 697 3097 genere,
728 3013 802 3097 quia
822 3014 902 3079 nulli
932 3013 1074 3080 iacienda
1105 3013 1154 3077 est
1182 3011 1346 3078 iniuria.»

183 3134 244 3180 uon
267 3119 315 3181 est
337 3115 549 3181 mentiendum
583 3115 678 3181 tertio
705 3135 825 3201 genere,
861 3117 934 3200 quia
963 3117 1044 3183 nulli
1075 3134 1145 3182 cum
1176 3115 1309 3181 alterius

182 3218 299 3283 iniuria
320 3219 544 3285 consulendum
566 3222 624 3286 est.
664 3238 723 3285 non
748 3221 796 3286 est
817 3220 1034 3286 mentiendum
1061 3223 1172 3301 quarto
1193 3237 1309 3302 genero

235 3455 248 3510 1
268 3454 417 3527 disparetur
433 3457 502 3515 PVo
588 3456 605 3512 2
623 3456 720 3528 adytus
741 3456 768 3510 V
850 3457 868 3512 4
886 3458 990 3528 placere
1006 3458 1033 3512 V
1056 3456 1182 3528 placeret
1200 3455 1240 3510 Ρ·

181 3542 200 3595 b
222 3540 350 3597 honestae
372 3543 399 3600 V
497 3545 539 3616 ac]
558 3543 609 3599 bac
626 3543 655 3598 P
756 3544 920 3599 colamnam
938 3545 959 3613 (l
977 3545 1043 3613 rua.)
1067 3543 1096 3598 P
1195 3542 1213 3597 6
1235 3542 1311 3596 deui-

182 3628 286 3698 tentur]
308 3629 463 3684 debitentur
484 3629 512 3684 V
537 3628 692 3684 diuiduntur
713 3628 750 3683 ΡΙ
854 3630 870 3683 'l
896 3630 1018 3684 foeminis
1045 3629 1073 3684 V
1172 3628 1206 3683 10
1232 3631 1312 3698 tagn-

182 3713 279 3768 stousis
306 3715 360 3771 Pa
390 3718 554 3786 tagastinscs
582 3715 618 3772 P¹
736 3717 764 3770 ll
794 3715 912 3787 Firmus]
939 3715 1044 3770 firmius
1070 3732 1086 3771 o
1204 3713 1237 3769 12
1263 3730 1312 3784 per

181 3800 354 3870 apparitores]
372 3816 422 3855 our.
440 3817 457 3856 o
557 3802 718 3873 apparitoris
735 3801 773 3856 P¹
876 3802 973 3857 missus
995 3801 1051 3857 P¹o
1156 3801 1188 3856 13
1207 3807 1313 3870 quanto

182 3923 208 3985 (o
225 3920 258 3975 ιἰι
275 3936 292 3975 a
312 3926 394 3989 corr.)
418 3922 445 3977 P
548 3924 581 3978 14
603 3925 717 3979 mentire
739 3923 778 3979 P¹
881 3925 914 3979 16
936 3926 1015 3980 eraut
1037 3924 1106 3978 enirn
1130 3939 1147 3977 o
1252 3896 1314 3978 ara't

180 4007 209 4074 (u
227 4005 292 4062 cdd.
308 4023 343 4061 ιιι.
360 4009 390 4077 2)
410 4007 439 4062 P
548 4009 716 4080 imperatoris
740 4010 779 4065 Ρι
855 4046 859 4051 -
895 4009 927 4064 17
950 4008 1083 4063 mirabilis
1106 4007 1171 4063 PV:
1198 4008 1312 4063 misera·

178 4090 276 4147 biliso
375 4093 409 4148 18
425 4093 512 4164 ipsis
609 4096 667 4150 sinc
685 4095 751 4166 ulls]
770 4110 820 4151 om.
838 4094 875 4150 ΡΙ
976 4095 1008 4149 19
1026 4094 1103 4164 qnid]
1121 4093 1138 4148 d
1156 4092 1222 4147 odd
1240 4111 1276 4148 ιιι.
1290 4097 1315 4148 2

179 4177 221 4246 P,
244 4179 341 4248 quiae
443 4179 478 4232 23
495 4181 575 4251 euim]
593 4196 643 4235 om.
662 4180 717 4237 P¹o
815 4181 849 4235 25
867 4181 972 4250 gauere]
990 4196 1052 4248 gera
1070 4180 1098 4236 P
1192 4178 1226 4232 ab
1247 4195 1314 4234 cou-

179 4265 317 4322 aolendum
339 4265 366 4322 V
465 4266 654 4322 consulendum
672 4269 734 4336 (ona
752 4269 806 4337 est)
823 4268 861 4323 Ρι
