<?xml version="1.0" encoding="UTF-8"?>
<!DOCTYPE html PUBLIC "-//W3C//DTD XHTML 1.0 Transitional//EN"
    "http://www.w3.org/TR/xhtml1/DTD/xhtml1-transitional.dtd">
<html xmlns="http://www.w3.org/1999/xhtml" xml:lang="en" lang="en">
 <head>
  <title>
</title>
<meta http-equiv="Content-Type" content="text/html;charset=utf-8" />
  <meta name='ocr-system' content='tesseract 3.04.00' />
  <meta name='ocr-capabilities' content='ocr_page ocr_carea ocr_par ocr_line ocrx_word'/>
</head>
<body>
  <div class='ocr_page' id='page_1' title='image "./evgippiiexcerpt00kngoog/evgippiiexcerpt00kngoog_0120.png"; bbox 0 0 2760 4814; ppageno 0'>
   <div class='ocr_carea' id='block_1_1' title="bbox 307 536 1202 609">
    <p class='ocr_par' dir='ltr' id='par_1_1' title="bbox 307 536 1202 609">
     <span class='ocr_line' id='line_1_1' title="bbox 307 536 1202 609; baseline 0.007 -18"><span class='ocrx_word' id='word_1_1' title='bbox 307 536 473 607; x_wconf 79' lang='lat' dir='ltr'><strong>llxcsrpta</strong></span> <span class='ocrx_word' id='word_1_2' title='bbox 489 551 525 590; x_wconf 83' lang='lat' dir='ltr'><strong>er</strong></span> <span class='ocrx_word' id='word_1_3' title='bbox 542 552 614 607; x_wconf 89' lang='lat' dir='ltr'><strong>opp.</strong></span> <span class='ocrx_word' id='word_1_4' title='bbox 633 536 660 591; x_wconf 86' lang='lat' dir='ltr'><strong>S.</strong></span> <span class='ocrx_word' id='word_1_5' title='bbox 677 537 867 608; x_wconf 79' lang='lat' dir='ltr'><strong>Augustini</strong></span> <span class='ocrx_word' id='word_1_6' title='bbox 890 539 962 595; x_wconf 89' lang='lat' dir='ltr'><strong>VII..</strong></span> <span class='ocrx_word' id='word_1_7' title='bbox 1160 543 1202 609; x_wconf 76' lang='grc'><strong>79</strong></span> 
     </span>
    </p>
   </div>
   <div class='ocr_carea' id='block_1_2' title="bbox 31 728 1204 1520">
    <p class='ocr_par' dir='ltr' id='par_1_2' title="bbox 31 728 1204 1520">
     <span class='ocr_line' id='line_1_2' title="bbox 56 728 1201 815; baseline 0.004 -22"><span class='ocrx_word' id='word_1_8' title='bbox 56 729 192 812; x_wconf 81' lang='lat' dir='ltr'><strong>angelos</strong></span> <span class='ocrx_word' id='word_1_9' title='bbox 215 729 353 794; x_wconf 87' lang='lat' dir='ltr'><strong>mansit:</strong></span> <span class='ocrx_word' id='word_1_10' title='bbox 376 728 461 794; x_wconf 87' lang='lat' dir='ltr'><strong>idem</strong></span> <span class='ocrx_word' id='word_1_11' title='bbox 483 729 516 794; x_wconf 95' lang='lat' dir='ltr'><strong>in</strong></span> <span class='ocrx_word' id='word_1_12' title='bbox 540 728 738 795; x_wconf 84' lang='lat' dir='ltr'><strong>inferioribus</strong></span> <span class='ocrx_word' id='word_1_13' title='bbox 753 731 807 796; x_wconf 92' lang='lat' dir='ltr'><strong>uia</strong></span> <span class='ocrx_word' id='word_1_14' title='bbox 821 731 907 796; x_wconf 90' lang='lat' dir='ltr'><strong>uitae</strong></span> <span class='ocrx_word' id='word_1_15' title='bbox 930 733 983 814; x_wconf 91' lang='lat' dir='ltr'><strong>qui</strong></span> <span class='ocrx_word' id='word_1_16' title='bbox 1009 733 1042 796; x_wconf 90' lang='lat' dir='ltr'><strong>iu</strong></span> <span class='ocrx_word' id='word_1_17' title='bbox 1061 734 1201 815; x_wconf 88' lang='lat' dir='ltr'><strong>superio·</strong></span> 
     </span>
     <span class='ocr_line' id='line_1_3' title="bbox 55 832 1203 916; baseline 0.005 -20"><span class='ocrx_word' id='word_1_18' title='bbox 55 833 146 897; x_wconf 88' lang='lat' dir='ltr'><strong>ribus</strong></span> <span class='ocrx_word' id='word_1_19' title='bbox 177 832 256 898; x_wconf 83' lang='lat' dir='ltr'><strong>nita</strong></span> <span class='ocrx_word' id='word_1_20' title='bbox 294 850 355 897; x_wconf 90' lang='lat' dir='ltr'><strong>non</strong></span> <span class='ocrx_word' id='word_1_21' title='bbox 385 832 470 897; x_wconf 89' lang='lat' dir='ltr'><strong>enim</strong></span> <span class='ocrx_word' id='word_1_22' title='bbox 503 851 614 898; x_wconf 90' lang='lat' dir='ltr'><strong>uerum</strong></span> <span class='ocrx_word' id='word_1_23' title='bbox 644 837 692 898; x_wconf 87' lang='lat' dir='ltr'><strong>est</strong></span> <span class='ocrx_word' id='word_1_24' title='bbox 723 836 805 916; x_wconf 90' lang='lat' dir='ltr'><strong>quod</strong></span> <span class='ocrx_word' id='word_1_25' title='bbox 839 836 923 900; x_wconf 92' lang='lat' dir='ltr'><strong>idem</strong></span> <span class='ocrx_word' id='word_1_26' title='bbox 953 835 1134 901; x_wconf 91' lang='lat' dir='ltr'><strong>Platonicus</strong></span> <span class='ocrx_word' id='word_1_27' title='bbox 1157 838 1203 903; x_wconf 89' lang='lat' dir='ltr'><strong>ait</strong></span> 
     </span>
     <span class='ocr_line' id='line_1_4' title="bbox 55 935 1201 1024; baseline 0.004 -24"><span class='ocrx_word' id='word_1_28' title='bbox 55 935 234 1002; x_wconf 75' lang='lat' dir='ltr'><strong>Platonem</strong></span> <span class='ocrx_word' id='word_1_29' title='bbox 256 937 386 1001; x_wconf 81' lang='lat' dir='ltr'>dixisse:</span> <span class='ocrx_word' id='word_1_30' title='bbox 410 937 517 1002; x_wconf 89' lang='lat' dir='ltr'><strong>nullus</strong></span> <span class='ocrx_word' id='word_1_31' title='bbox 539 939 617 1002; x_wconf 89' lang='lat' dir='ltr'><strong>deus</strong></span> <span class='ocrx_word' id='word_1_32' title='bbox 640 940 794 1003; x_wconf 87' lang='lat' dir='ltr'><strong>miscetur</strong></span> <span class='ocrx_word' id='word_1_33' title='bbox 815 939 948 1018; x_wconf 82' lang='lat' dir='ltr'><strong>hemini3</strong></span> <span class='ocrx_word' id='word_1_34' title='bbox 978 944 1010 1004; x_wconf 87' lang='lat' dir='ltr'><strong>et</strong></span> <span class='ocrx_word' id='word_1_35' title='bbox 1032 941 1090 1004; x_wconf 88' lang='lat' dir='ltr'><strong>hec</strong></span> <span class='ocrx_word' id='word_1_36' title='bbox 1112 959 1201 1024; x_wconf 84' lang='lat' dir='ltr'><strong>prae-</strong></span> 
     </span>
     <span class='ocr_line' id='line_1_5' title="bbox 53 1040 1204 1124; baseline 0.003 -19"><span class='ocrx_word' id='word_1_37' title='bbox 53 1041 192 1122; x_wconf 80' lang='lat' dir='ltr'><strong>cipuum</strong></span> <span class='ocrx_word' id='word_1_38' title='bbox 229 1058 336 1105; x_wconf 86' lang='lat' dir='ltr'><strong>eorum</strong></span> <span class='ocrx_word' id='word_1_39' title='bbox 369 1040 578 1105; x_wconf 88' lang='lat' dir='ltr'><strong>sublimitatis</strong></span> <span class='ocrx_word' id='word_1_40' title='bbox 613 1043 659 1107; x_wconf 88' lang='lat' dir='ltr'><strong>ait</strong></span> <span class='ocrx_word' id='word_1_41' title='bbox 693 1060 759 1106; x_wconf 90' lang='lat' dir='ltr'><strong>esea</strong></span> <span class='ocrx_word' id='word_1_42' title='bbox 800 1043 957 1124; x_wconf 80' lang='lat' dir='ltr'><strong>specimen</strong></span> <span class='ocrx_word' id='word_1_43' title='bbox 995 1044 1076 1124; x_wconf 93' lang='lat' dir='ltr'><strong>quod</strong></span> <span class='ocrx_word' id='word_1_44' title='bbox 1116 1045 1204 1109; x_wconf 87' lang='lat' dir='ltr'><strong>nulla</strong></span> 
     </span>
     <span class='ocr_line' id='line_1_6' title="bbox 31 1143 1201 1228; baseline 0.006 -25"><span class='ocrx_word' id='word_1_45' title='bbox 31 1143 287 1209; x_wconf 63' lang='lat' dir='ltr'><strong>attrectatione</strong></span> <span class='ocrx_word' id='word_1_46' title='bbox 309 1143 471 1209; x_wconf 87' lang='lat' dir='ltr'><strong>hominum</strong></span> <span class='ocrx_word' id='word_1_47' title='bbox 502 1146 764 1210; x_wconf 83' lang='lat' dir='ltr'><strong>contaminantur.</strong></span> <span class='ocrx_word' id='word_1_48' title='bbox 802 1163 876 1228; x_wconf 85' lang='lat' dir='ltr'><strong>argo</strong></span> <span class='ocrx_word' id='word_1_49' title='bbox 904 1148 1071 1212; x_wconf 89' lang='lat' dir='ltr'><strong>daemones</strong></span> <span class='ocrx_word' id='word_1_50' title='bbox 1094 1149 1201 1210; x_wconf 86' lang='lat' dir='ltr'><strong>eonta-</strong></span> 
     </span>
     <span class='ocr_line' id='line_1_7' title="bbox 54 1246 1201 1331; baseline 0.002 -20"><span class='ocrx_word' id='word_1_51' title='bbox 54 1246 181 1311; x_wconf 81' lang='lat' dir='ltr'><strong>minari</strong></span> <span class='ocrx_word' id='word_1_52' title='bbox 211 1246 338 1331; x_wconf 84' lang='lat' dir='ltr'><strong>fatetur,</strong></span> <span class='ocrx_word' id='word_1_53' title='bbox 367 1248 400 1312; x_wconf 91' lang='lat' dir='ltr'><strong>et</strong></span> <span class='ocrx_word' id='word_1_54' title='bbox 418 1247 489 1311; x_wconf 92' lang='lat' dir='ltr'><strong>ideo</strong></span> <span class='ocrx_word' id='word_1_55' title='bbox 511 1266 563 1313; x_wconf 88' lang='lat' dir='ltr'><strong>eos</strong></span> <span class='ocrx_word' id='word_1_56' title='bbox 586 1266 605 1312; x_wconf 86' lang='lat' dir='ltr'><strong>a</strong></span> <span class='ocrx_word' id='word_1_57' title='bbox 627 1248 738 1330; x_wconf 89' lang='lat' dir='ltr'><strong>quibus</strong></span> <span class='ocrx_word' id='word_1_58' title='bbox 767 1250 1022 1314; x_wconf 87' lang='lat' dir='ltr'><strong>contaminantur</strong></span> <span class='ocrx_word' id='word_1_59' title='bbox 1050 1248 1201 1313; x_wconf 91' lang='lat' dir='ltr'><strong>mundare</strong></span> 
     </span>
     <span class='ocr_line' id='line_1_8' title="bbox 54 1350 1201 1434; baseline -0.001 -18"><span class='ocrx_word' id='word_1_60' title='bbox 54 1368 121 1416; x_wconf 93' lang='lat' dir='ltr'><strong>non</strong></span> <span class='ocrx_word' id='word_1_61' title='bbox 156 1354 289 1432; x_wconf 84' lang='lat' dir='ltr'><strong>possunt</strong></span> <span class='ocrx_word' id='word_1_62' title='bbox 321 1369 490 1433; x_wconf 87' lang='lat' dir='ltr'><strong>omnesque</strong></span> <span class='ocrx_word' id='word_1_63' title='bbox 524 1351 679 1417; x_wconf 88' lang='lat' dir='ltr'>immundi</span> <span class='ocrx_word' id='word_1_64' title='bbox 712 1351 830 1434; x_wconf 88' lang='lat' dir='ltr'><strong>pariter</strong></span> <span class='ocrx_word' id='word_1_65' title='bbox 856 1350 944 1427; x_wconf 85' lang='lat' dir='ltr'><strong>fiunt,</strong></span> <span class='ocrx_word' id='word_1_66' title='bbox 975 1353 1008 1415; x_wconf 91' lang='lat' dir='ltr'><strong>et</strong></span> <span class='ocrx_word' id='word_1_67' title='bbox 1037 1354 1201 1417; x_wconf 90' lang='lat' dir='ltr'><strong>daemones</strong></span> 
     </span>
     <span class='ocr_line' id='line_1_9' title="bbox 53 1452 1047 1520; baseline -0.002 -2"><span class='ocrx_word' id='word_1_68' title='bbox 53 1454 314 1519; x_wconf 85' lang='lat' dir='ltr'><strong>contrectatione</strong></span> <span class='ocrx_word' id='word_1_69' title='bbox 336 1452 498 1519; x_wconf 89' lang='lat' dir='ltr'><strong>hominum</strong></span> <span class='ocrx_word' id='word_1_70' title='bbox 521 1456 552 1519; x_wconf 91' lang='lat' dir='ltr'><strong>et</strong></span> <span class='ocrx_word' id='word_1_71' title='bbox 574 1455 715 1520; x_wconf 88' lang='lat' dir='ltr'><strong>homines</strong></span> <span class='ocrx_word' id='word_1_72' title='bbox 737 1455 824 1520; x_wconf 86' lang='lat' dir='ltr'><strong>cultu</strong></span> <span class='ocrx_word' id='word_1_73' title='bbox 849 1455 1047 1520; x_wconf 87' lang='lat' dir='ltr'><strong>daemonum.</strong></span> 
     </span>
    </p>
   </div>
   <div class='ocr_carea' id='block_1_3' title="bbox 23 1726 1126 1878">
    <p class='ocr_par' dir='ltr' id='par_1_3' title="bbox 23 1726 1126 1878">
     <span class='ocr_line' id='line_1_10' title="bbox 138 1726 1126 1776; baseline 0.003 -3"><span class='ocrx_word' id='word_1_74' title='bbox 138 1727 187 1773; x_wconf 79' lang='lat' dir='ltr'><strong>Ex</strong></span> <span class='ocrx_word' id='word_1_75' title='bbox 211 1726 316 1774; x_wconf 84' lang='lat' dir='ltr'>LIBRO</span> <span class='ocrx_word' id='word_1_76' title='bbox 339 1727 386 1773; x_wconf 79' lang='lat' dir='ltr'><strong>DE</strong></span> <span class='ocrx_word' id='word_1_77' title='bbox 408 1726 591 1774; x_wconf 78' lang='lat' dir='ltr'>TRINITATE</span> <span class='ocrx_word' id='word_1_78' title='bbox 613 1728 677 1774; x_wconf 91' lang='lat'>1111.</span> <span class='ocrx_word' id='word_1_79' title='bbox 702 1727 748 1774; x_wconf 81' lang='lat' dir='ltr'><strong>DE</strong></span> <span class='ocrx_word' id='word_1_80' title='bbox 771 1727 891 1776; x_wconf 78' lang='lat' dir='ltr'><em>EODEM</em></span> <span class='ocrx_word' id='word_1_81' title='bbox 915 1728 1126 1776; x_wconf 83' lang='lat' dir='ltr'><strong>MEDIATOlllS</strong></span> 
     </span>
     <span class='ocr_line' id='line_1_11' title="bbox 23 1829 752 1878; baseline 0.011 -8"><span class='ocrx_word' id='word_1_82' title='bbox 23 1833 49 1870; x_wconf 82' lang='grc' dir='ltr'><strong>ιο</strong></span> <span class='ocrx_word' id='word_1_83' title='bbox 514 1829 752 1878; x_wconf 79' lang='lat' dir='ltr'>SACRAMENTO.</span> 
     </span>
    </p>
   </div>
   <div class='ocr_carea' id='block_1_4' title="bbox 60 1966 1256 2261">
    <p class='ocr_par' dir='ltr' id='par_1_4' title="bbox 60 1966 1256 2261">
     <span class='ocr_line' id='line_1_12' title="bbox 104 1966 1256 2052; baseline -0.003 -18"><span class='ocrx_word' id='word_1_84' title='bbox 104 1967 189 2046; x_wconf 82' lang='lat' dir='ltr'><strong>Quia</strong></span> <span class='ocrx_word' id='word_1_85' title='bbox 220 1968 318 2052; x_wconf 86' lang='lat' dir='ltr'><strong>igitur</strong></span> <span class='ocrx_word' id='word_1_86' title='bbox 340 1968 381 2034; x_wconf 89' lang='lat' dir='ltr'><strong>ad</strong></span> <span class='ocrx_word' id='word_1_87' title='bbox 408 1970 536 2034; x_wconf 86' lang='lat' dir='ltr'><strong>aeterna</strong></span> <span class='ocrx_word' id='word_1_88' title='bbox 567 1968 757 2051; x_wconf 86' lang='lat' dir='ltr'><strong>capessenda</strong></span> <span class='ocrx_word' id='word_1_89' title='bbox 779 1968 880 2034; x_wconf 92' lang='lat' dir='ltr'><strong>idonei</strong></span> <span class='ocrx_word' id='word_1_90' title='bbox 903 1985 963 2033; x_wconf 92' lang='lat' dir='ltr'><strong>non</strong></span> <span class='ocrx_word' id='word_1_91' title='bbox 987 1988 1110 2034; x_wconf 88' lang='lat' dir='ltr'><strong>eramus</strong></span> <span class='ocrx_word' id='word_1_92' title='bbox 1135 1986 1201 2033; x_wconf 89' lang='lat' dir='ltr'><strong>sor·</strong></span> <span class='ocrx_word' id='word_1_93' title='bbox 1223 1966 1256 2031; x_wconf 77' lang='lat'><strong>7·</strong></span> 
     </span>
     <span class='ocr_line' id='line_1_13' title="bbox 60 2072 1202 2155; baseline -0.001 -18"><span class='ocrx_word' id='word_1_94' title='bbox 60 2073 180 2154; x_wconf 83' lang='lat' dir='ltr'><strong>dasque</strong></span> <span class='ocrx_word' id='word_1_95' title='bbox 220 2075 418 2153; x_wconf 85' lang='lat' dir='ltr'><strong>peccatorum</strong></span> <span class='ocrx_word' id='word_1_96' title='bbox 458 2089 512 2136; x_wconf 91' lang='lat' dir='ltr'><strong>nes</strong></span> <span class='ocrx_word' id='word_1_97' title='bbox 548 2072 798 2154; x_wconf 87' lang='lat' dir='ltr'><strong>praegrauabant</strong></span> <span class='ocrx_word' id='word_1_98' title='bbox 834 2072 1057 2155; x_wconf 89' lang='lat' dir='ltr'><strong>temporalium</strong></span> <span class='ocrx_word' id='word_1_99' title='bbox 1095 2092 1202 2137; x_wconf 93' lang='lat' dir='ltr'><strong>rerum</strong></span> 
     </span>
     <span class='ocr_line' id='line_1_14' title="bbox 60 2176 1200 2261; baseline 0.001 -21"><span class='ocrx_word' id='word_1_100' title='bbox 60 2192 170 2240; x_wconf 77' lang='lat' dir='ltr'><strong>amore</strong></span> <span class='ocrx_word' id='word_1_101' title='bbox 192 2178 370 2240; x_wconf 86' lang='lat' dir='ltr'><strong>contractae</strong></span> <span class='ocrx_word' id='word_1_102' title='bbox 386 2179 417 2239; x_wconf 91' lang='lat' dir='ltr'><strong>et</strong></span> <span class='ocrx_word' id='word_1_103' title='bbox 433 2177 472 2239; x_wconf 94' lang='lat' dir='ltr'><strong>de</strong></span> <span class='ocrx_word' id='word_1_104' title='bbox 489 2176 659 2258; x_wconf 78' lang='lat' dir='ltr'><strong>propagine</strong></span> <span class='ocrx_word' id='word_1_105' title='bbox 675 2176 878 2242; x_wconf 82' lang='lat' dir='ltr'><strong>mortalitatis</strong></span> <span class='ocrx_word' id='word_1_106' title='bbox 894 2180 1057 2261; x_wconf 88' lang='lat' dir='ltr'><strong>tamquam</strong></span> <span class='ocrx_word' id='word_1_107' title='bbox 1073 2182 1200 2242; x_wconf 88' lang='lat' dir='ltr'><strong>natura-</strong></span> 
     </span>
    </p>
   </div>
   <div class='ocr_carea' id='block_1_5' title="bbox 30 2278 1204 3401">
    <p class='ocr_par' dir='ltr' id='par_1_5' title="bbox 30 2278 1204 3401">
     <span class='ocr_line' id='line_1_15' title="bbox 61 2278 1201 2364; baseline 0.001 -20"><span class='ocrx_word' id='word_1_108' title='bbox 61 2278 138 2344; x_wconf 87' lang='lat' dir='ltr'><strong>liter</strong></span> <span class='ocrx_word' id='word_1_109' title='bbox 160 2278 300 2355; x_wconf 80' lang='lat' dir='ltr'><strong>inolitae,</strong></span> <span class='ocrx_word' id='word_1_110' title='bbox 323 2278 477 2361; x_wconf 88' lang='lat' dir='ltr'><strong>purgandi</strong></span> <span class='ocrx_word' id='word_1_111' title='bbox 507 2297 640 2344; x_wconf 85' lang='lat' dir='ltr'><strong>eramus.</strong></span> <span class='ocrx_word' id='word_1_112' title='bbox 678 2279 804 2364; x_wconf 86' lang='lat' dir='ltr'><strong>purgari</strong></span> <span class='ocrx_word' id='word_1_113' title='bbox 831 2284 939 2345; x_wconf 91' lang='lat' dir='ltr'><strong>autem</strong></span> <span class='ocrx_word' id='word_1_114' title='bbox 962 2286 998 2345; x_wconf 94' lang='lat' dir='ltr'><strong>ut</strong></span> <span class='ocrx_word' id='word_1_115' title='bbox 1020 2285 1201 2362; x_wconf 85' lang='lat' dir='ltr'><strong>contempe-</strong></span> 
     </span>
     <span class='ocr_line' id='line_1_16' title="bbox 30 2382 1200 2466; baseline 0.003 -22"><span class='ocrx_word' id='word_1_116' title='bbox 30 2401 209 2446; x_wconf 72' lang='lat' dir='ltr'><strong>amemur</strong></span> <span class='ocrx_word' id='word_1_117' title='bbox 237 2383 373 2446; x_wconf 86' lang='lat' dir='ltr'><strong>aeternis</strong></span> <span class='ocrx_word' id='word_1_118' title='bbox 403 2399 464 2447; x_wconf 93' lang='lat' dir='ltr'><strong>non</strong></span> <span class='ocrx_word' id='word_1_119' title='bbox 487 2382 548 2447; x_wconf 91' lang='lat' dir='ltr'><strong>nisi</strong></span> <span class='ocrx_word' id='word_1_120' title='bbox 569 2401 624 2464; x_wconf 91' lang='lat' dir='ltr'><strong>per</strong></span> <span class='ocrx_word' id='word_1_121' title='bbox 650 2384 835 2466; x_wconf 87' lang='lat' dir='ltr'><strong>temporalia</strong></span> <span class='ocrx_word' id='word_1_122' title='bbox 858 2400 1031 2464; x_wconf 85' lang='lat' dir='ltr'><strong>possemne,</strong></span> <span class='ocrx_word' id='word_1_123' title='bbox 1055 2382 1200 2465; x_wconf 87' lang='lat' dir='ltr'><strong>qualibus</strong></span> 
     </span>
     <span class='ocr_line' id='line_1_17' title="bbox 64 2486 1201 2568; baseline -0.001 -18"><span class='ocrx_word' id='word_1_124' title='bbox 64 2488 129 2550; x_wconf 87' lang='lat' dir='ltr'><strong>iarn</strong></span> <span class='ocrx_word' id='word_1_125' title='bbox 151 2487 378 2568; x_wconf 89' lang='lat' dir='ltr'><strong>contemperati</strong></span> <span class='ocrx_word' id='word_1_126' title='bbox 399 2486 594 2551; x_wconf 88' lang='lat' dir='ltr'><strong>tenebamur.</strong></span> <span class='ocrx_word' id='word_1_127' title='bbox 624 2486 743 2552; x_wconf 84' lang='lat' dir='ltr'><strong>sanitas</strong></span> <span class='ocrx_word' id='word_1_128' title='bbox 760 2487 844 2551; x_wconf 91' lang='lat' dir='ltr'><strong>enim</strong></span> <span class='ocrx_word' id='word_1_129' title='bbox 861 2505 880 2552; x_wconf 92' lang='lat' dir='ltr'><strong>a</strong></span> <span class='ocrx_word' id='word_1_130' title='bbox 898 2486 1005 2551; x_wconf 90' lang='lat' dir='ltr'><strong>morbo</strong></span> <span class='ocrx_word' id='word_1_131' title='bbox 1028 2487 1201 2567; x_wconf 91' lang='lat' dir='ltr'><strong>plurimum</strong></span> 
     </span>
     <span class='ocr_line' id='line_1_18' title="bbox 63 2589 1201 2672; baseline -0.001 -17"><span class='ocrx_word' id='word_1_132' title='bbox 63 2589 173 2667; x_wconf 85' lang='lat' dir='ltr'><strong>distat,</strong></span> <span class='ocrx_word' id='word_1_133' title='bbox 205 2590 260 2654; x_wconf 87' lang='lat' dir='ltr'><strong>sed</strong></span> <span class='ocrx_word' id='word_1_134' title='bbox 287 2589 350 2655; x_wconf 89' lang='lat' dir='ltr'><strong>nisi</strong></span> <span class='ocrx_word' id='word_1_135' title='bbox 379 2590 538 2655; x_wconf 85' lang='lat' dir='ltr'><strong>medicina</strong></span> <span class='ocrx_word' id='word_1_136' title='bbox 569 2591 738 2656; x_wconf 87' lang='lat' dir='ltr'><strong>curationis</strong></span> <span class='ocrx_word' id='word_1_137' title='bbox 761 2591 794 2655; x_wconf 90' lang='lat' dir='ltr'><strong>in</strong></span> <span class='ocrx_word' id='word_1_138' title='bbox 816 2590 925 2656; x_wconf 93' lang='lat' dir='ltr'><strong>morbo</strong></span> <span class='ocrx_word' id='word_1_139' title='bbox 950 2591 1111 2672; x_wconf 83' lang='lat' dir='ltr'><strong>congruat,</strong></span> <span class='ocrx_word' id='word_1_140' title='bbox 1140 2608 1201 2654; x_wconf 94' lang='lat' dir='ltr'><strong>non</strong></span> 
     </span>
     <span class='ocr_line' id='line_1_19' title="bbox 65 2694 1199 2778; baseline -0.002 -19"><span class='ocrx_word' id='word_1_141' title='bbox 65 2694 212 2776; x_wconf 83' lang='lat' dir='ltr'><strong>perducit</strong></span> <span class='ocrx_word' id='word_1_142' title='bbox 232 2697 272 2759; x_wconf 91' lang='lat' dir='ltr'><strong>ad</strong></span> <span class='ocrx_word' id='word_1_143' title='bbox 294 2695 472 2759; x_wconf 89' lang='lat' dir='ltr'><strong>sanitatem.</strong></span> <span class='ocrx_word' id='word_1_144' title='bbox 502 2695 631 2760; x_wconf 91' lang='lat' dir='ltr'><strong>inutilia</strong></span> <span class='ocrx_word' id='word_1_145' title='bbox 652 2696 841 2778; x_wconf 88' lang='lat' dir='ltr'><strong>temporalia</strong></span> <span class='ocrx_word' id='word_1_146' title='bbox 863 2694 1023 2777; x_wconf 88' lang='lat' dir='ltr'><strong>decipiunt</strong></span> <span class='ocrx_word' id='word_1_147' title='bbox 1047 2697 1199 2778; x_wconf 85' lang='lat' dir='ltr'><strong>aegrotos,</strong></span> 
     </span>
     <span class='ocr_line' id='line_1_20' title="bbox 65 2797 1202 2880; baseline 0 -17"><span class='ocrx_word' id='word_1_148' title='bbox 65 2798 159 2863; x_wconf 80' lang='lat' dir='ltr'><strong>utilia</strong></span> <span class='ocrx_word' id='word_1_149' title='bbox 190 2798 378 2879; x_wconf 80' lang='lat' dir='ltr'><strong>temporalia</strong></span> <span class='ocrx_word' id='word_1_150' title='bbox 405 2798 583 2880; x_wconf 86' lang='lat' dir='ltr'><strong>suscipiunt</strong></span> <span class='ocrx_word' id='word_1_151' title='bbox 613 2799 764 2864; x_wconf 86' lang='lat' dir='ltr'><strong>sanandos</strong></span> <span class='ocrx_word' id='word_1_152' title='bbox 788 2801 821 2862; x_wconf 89' lang='lat' dir='ltr'><strong>et</strong></span> <span class='ocrx_word' id='word_1_153' title='bbox 843 2797 993 2863; x_wconf 87' lang='lat' dir='ltr'><strong>traiciunt</strong></span> <span class='ocrx_word' id='word_1_154' title='bbox 1014 2798 1054 2862; x_wconf 91' lang='lat' dir='ltr'><strong>ad</strong></span> <span class='ocrx_word' id='word_1_155' title='bbox 1077 2800 1202 2863; x_wconf 84' lang='lat' dir='ltr'><strong>aeterna</strong></span> 
     </span>
     <span class='ocr_line' id='line_1_21' title="bbox 33 2902 1201 2985; baseline -0.002 -17"><span class='ocrx_word' id='word_1_156' title='bbox 33 2907 204 2968; x_wconf 68' lang='lat' dir='ltr'><strong>»sanatos</strong></span> <span class='ocrx_word' id='word_1_157' title='bbox 234 2921 323 2967; x_wconf 91' lang='lat' dir='ltr'><strong>mane</strong></span> <span class='ocrx_word' id='word_1_158' title='bbox 347 2908 452 2967; x_wconf 88' lang='lat' dir='ltr'><strong>autem</strong></span> <span class='ocrx_word' id='word_1_159' title='bbox 475 2902 639 2967; x_wconf 90' lang='lat' dir='ltr'><strong>rationalis</strong></span> <span class='ocrx_word' id='word_1_160' title='bbox 655 2903 736 2966; x_wconf 88' lang='lat' dir='ltr'><strong>sicut</strong></span> <span class='ocrx_word' id='word_1_161' title='bbox 758 2906 893 2985; x_wconf 85' lang='lat' dir='ltr'><strong>purgata</strong></span> <span class='ocrx_word' id='word_1_162' title='bbox 907 2902 1201 2983; x_wconf 89' lang='lat' dir='ltr'><strong>contemplationem</strong></span> 
     </span>
     <span class='ocr_line' id='line_1_22' title="bbox 65 3004 1203 3089; baseline 0 -20"><span class='ocrx_word' id='word_1_163' title='bbox 65 3006 159 3071; x_wconf 85' lang='lat' dir='ltr'><strong>debat</strong></span> <span class='ocrx_word' id='word_1_164' title='bbox 181 3006 276 3071; x_wconf 90' lang='lat' dir='ltr'><strong>rebus</strong></span> <span class='ocrx_word' id='word_1_165' title='bbox 299 3008 443 3088; x_wconf 85' lang='lat' dir='ltr'><strong>aeternis,</strong></span> <span class='ocrx_word' id='word_1_166' title='bbox 473 3007 519 3071; x_wconf 87' lang='lat' dir='ltr'><strong>sie</strong></span> <span class='ocrx_word' id='word_1_167' title='bbox 540 3007 706 3089; x_wconf 87' lang='lat' dir='ltr'><strong>purganda</strong></span> <span class='ocrx_word' id='word_1_168' title='bbox 732 3006 958 3088; x_wconf 82' lang='lat' dir='ltr'><strong>temporalibus</strong></span> <span class='ocrx_word' id='word_1_169' title='bbox 980 3004 1085 3071; x_wconf 91' lang='lat' dir='ltr'><strong>fidem.</strong></span> <span class='ocrx_word' id='word_1_170' title='bbox 1124 3005 1203 3069; x_wconf 83' lang='lat' dir='ltr'><strong>dixit</strong></span> 
     </span>
     <span class='ocr_line' id='line_1_23' title="bbox 64 3107 1202 3194; baseline -0.001 -20"><span class='ocrx_word' id='word_1_171' title='bbox 64 3110 197 3192; x_wconf 79' lang='lat' dir='ltr'><strong>qnidam</strong></span> <span class='ocrx_word' id='word_1_172' title='bbox 226 3109 355 3175; x_wconf 91' lang='lat' dir='ltr'><strong>illorum</strong></span> <span class='ocrx_word' id='word_1_173' title='bbox 384 3112 437 3194; x_wconf 88' lang='lat' dir='ltr'><strong>qui</strong></span> <span class='ocrx_word' id='word_1_174' title='bbox 467 3112 624 3191; x_wconf 88' lang='lat' dir='ltr'><strong>quondam</strong></span> <span class='ocrx_word' id='word_1_175' title='bbox 650 3110 733 3190; x_wconf 89' lang='lat' dir='ltr'><strong>apud</strong></span> <span class='ocrx_word' id='word_1_176' title='bbox 755 3107 888 3174; x_wconf 80' lang='lat' dir='ltr'><strong>Graecos</strong></span> <span class='ocrx_word' id='word_1_177' title='bbox 917 3110 1073 3192; x_wconf 88' lang='lat' dir='ltr'><strong>sapientes</strong></span> <span class='ocrx_word' id='word_1_178' title='bbox 1102 3108 1202 3173; x_wconf 89' lang='lat' dir='ltr'><strong>habiti</strong></span> 
     </span>
     <span class='ocr_line' id='line_1_24' title="bbox 65 3214 1202 3296; baseline -0.003 -18"><span class='ocrx_word' id='word_1_179' title='bbox 65 3223 160 3279; x_wconf 87' lang='lat' dir='ltr'><strong>snnt:</strong></span> <span class='ocrx_word' id='word_1_180' title='bbox 207 3219 360 3295; x_wconf 84' lang='lat' dir='ltr'><strong>quantum</strong></span> <span class='ocrx_word' id='word_1_181' title='bbox 397 3214 436 3279; x_wconf 91' lang='lat' dir='ltr'><strong>ad</strong></span> <span class='ocrx_word' id='word_1_182' title='bbox 471 3214 505 3280; x_wconf 95' lang='lat' dir='ltr'><strong>id</strong></span> <span class='ocrx_word' id='word_1_183' title='bbox 548 3214 629 3296; x_wconf 89' lang='lat' dir='ltr'><strong>qnod</strong></span> <span class='ocrx_word' id='word_1_184' title='bbox 666 3215 768 3278; x_wconf 91' lang='lat' dir='ltr'><strong>ortum</strong></span> <span class='ocrx_word' id='word_1_185' title='bbox 806 3215 854 3279; x_wconf 89' lang='lat' dir='ltr'><strong>eet</strong></span> <span class='ocrx_word' id='word_1_186' title='bbox 890 3214 1060 3278; x_wconf 89' lang='lat' dir='ltr'><strong>aeternitas</strong></span> <span class='ocrx_word' id='word_1_187' title='bbox 1107 3214 1202 3293; x_wconf 87' lang='lat' dir='ltr'><strong>ualet,</strong></span> 
     </span>
     <span class='ocr_line' id='line_1_25' title="bbox 65 3316 1204 3401; baseline 0 -21"><span class='ocrx_word' id='word_1_188' title='bbox 65 3322 193 3381; x_wconf 57' lang='lat' dir='ltr'><strong>tntum</strong></span> <span class='ocrx_word' id='word_1_189' title='bbox 231 3317 271 3382; x_wconf 93' lang='lat' dir='ltr'><strong>ad</strong></span> <span class='ocrx_word' id='word_1_190' title='bbox 308 3317 404 3383; x_wconf 81' lang='lat' dir='ltr'><strong>fidem</strong></span> <span class='ocrx_word' id='word_1_191' title='bbox 437 3317 561 3383; x_wconf 84' lang='lat' dir='ltr'><strong>ueritas.</strong></span> <span class='ocrx_word' id='word_1_192' title='bbox 607 3321 640 3382; x_wconf 88' lang='lat' dir='ltr'><strong>et</strong></span> <span class='ocrx_word' id='word_1_193' title='bbox 672 3318 811 3401; x_wconf 86' lang='lat' dir='ltr'><strong>prolecto</strong></span> <span class='ocrx_word' id='word_1_194' title='bbox 844 3317 894 3382; x_wconf 91' lang='lat' dir='ltr'><strong>est</strong></span> <span class='ocrx_word' id='word_1_195' title='bbox 927 3335 1001 3382; x_wconf 88' lang='lat' dir='ltr'><strong>uera</strong></span> <span class='ocrx_word' id='word_1_196' title='bbox 1033 3316 1204 3397; x_wconf 83' lang='lat' dir='ltr'><strong>sententia3</strong></span> 
     </span>
    </p>
   </div>
   <div class='ocr_carea' id='block_1_6' title="bbox 169 3519 1133 3590">
    <p class='ocr_par' dir='ltr' id='par_1_6' title="bbox 169 3519 1133 3590">
     <span class='ocr_line' id='line_1_26' title="bbox 169 3519 1133 3590; baseline 0.001 -17"><span class='ocrx_word' id='word_1_197' title='bbox 169 3520 245 3573; x_wconf 76' lang='lat' dir='ltr'><strong>ane</strong></span> <span class='ocrx_word' id='word_1_198' title='bbox 262 3519 311 3574; x_wconf 87' lang='lat' dir='ltr'><strong>dao</strong></span> <span class='ocrx_word' id='word_1_199' title='bbox 328 3520 398 3575; x_wconf 79' lang='lat' dir='ltr'><strong>Soet.</strong></span> <span class='ocrx_word' id='word_1_200' title='bbox 417 3520 490 3589; x_wconf 74' lang='lat' dir='ltr'><strong>ple</strong></span> <span class='ocrx_word' id='word_1_201' title='bbox 586 3520 622 3573; x_wconf 81' lang='lat'><strong>23</strong></span> <span class='ocrx_word' id='word_1_202' title='bbox 639 3519 718 3574; x_wconf 90' lang='lat' dir='ltr'><strong>Plato</strong></span> <span class='ocrx_word' id='word_1_203' title='bbox 736 3521 806 3575; x_wconf 89' lang='lat' dir='ltr'><strong>Tim.</strong></span> <span class='ocrx_word' id='word_1_204' title='bbox 824 3538 851 3590; x_wconf 88' lang='lat' dir='ltr'><strong>p.</strong></span> <span class='ocrx_word' id='word_1_205' title='bbox 864 3520 920 3574; x_wconf 79' lang='lat'><strong>290</strong></span> <span class='ocrx_word' id='word_1_206' title='bbox 955 3521 1009 3574; x_wconf 80' lang='lat' dir='ltr'><strong>Cic.</strong></span> <span class='ocrx_word' id='word_1_207' title='bbox 1028 3519 1133 3574; x_wconf 72' lang='lat' dir='ltr'><strong>Time</strong></span> 
     </span>
    </p>
   </div>
   <div class='ocr_carea' id='block_1_7' title="bbox 67 3707 1209 4504">
    <p class='ocr_par' dir='ltr' id='par_1_7' title="bbox 67 3707 1209 4504">
     <span class='ocr_line' id='line_1_27' title="bbox 117 3707 1137 3777; baseline -0.002 -15"><span class='ocrx_word' id='word_1_208' title='bbox 117 3709 135 3762; x_wconf 85' lang='grc'><strong>2</strong></span> <span class='ocrx_word' id='word_1_209' title='bbox 153 3708 325 3777; x_wconf 82' lang='lat' dir='ltr'><strong>plantonioua</strong></span> <span class='ocrx_word' id='word_1_210' title='bbox 343 3708 380 3761; x_wconf 80' lang='grc' dir='ltr'><strong>Ρ·</strong></span> <span class='ocrx_word' id='word_1_211' title='bbox 467 3710 484 3764; x_wconf 85' lang='lat'><strong>5</strong></span> <span class='ocrx_word' id='word_1_212' title='bbox 501 3707 701 3762; x_wconf 82' lang='lat' dir='ltr'><strong>adtrectatione</strong></span> <span class='ocrx_word' id='word_1_213' title='bbox 713 3711 774 3773; x_wconf 88' lang='lat' dir='ltr'><strong>(att.</strong></span> <span class='ocrx_word' id='word_1_214' title='bbox 787 3714 814 3776; x_wconf 82' lang='lat' dir='ltr'><strong>v)</strong></span> <span class='ocrx_word' id='word_1_215' title='bbox 830 3710 885 3764; x_wconf 80' lang='lat' dir='ltr'><strong>G&#39;o</strong></span> <span class='ocrx_word' id='word_1_216' title='bbox 910 3708 1092 3762; x_wconf 81' lang='lat' dir='ltr'><strong>adsectatione</strong></span> <span class='ocrx_word' id='word_1_217' title='bbox 1110 3707 1137 3760; x_wconf 93' lang='lat' dir='ltr'><em>P</em></span> 
     </span>
     <span class='ocr_line' id='line_1_28' title="bbox 67 3794 1206 3862; baseline 0.001 -16"><span class='ocrx_word' id='word_1_218' title='bbox 67 3795 250 3847; x_wconf 74' lang='lat' dir='ltr'><strong>wntammare</strong></span> <span class='ocrx_word' id='word_1_219' title='bbox 278 3794 314 3848; x_wconf 85' lang='grc' dir='ltr'><strong>Ρ1</strong></span> <span class='ocrx_word' id='word_1_220' title='bbox 419 3795 435 3847; x_wconf 87' lang='lat'>6</span> <span class='ocrx_word' id='word_1_221' title='bbox 463 3795 587 3849; x_wconf 87' lang='lat' dir='ltr'><strong>latentur</strong></span> <span class='ocrx_word' id='word_1_222' title='bbox 615 3794 654 3847; x_wconf 76' lang='grc' dir='ltr'><strong>Ρι</strong></span> <span class='ocrx_word' id='word_1_223' title='bbox 762 3795 777 3847; x_wconf 82' lang='lat' dir='ltr'><strong>l</strong></span> <span class='ocrx_word' id='word_1_224' title='bbox 806 3796 944 3862; x_wconf 89' lang='lat' dir='ltr'><strong>omnisque</strong></span> <span class='ocrx_word' id='word_1_225' title='bbox 970 3794 1000 3846; x_wconf 90' lang='lat' dir='ltr'><em>D</em></span> <span class='ocrx_word' id='word_1_226' title='bbox 1104 3794 1206 3847; x_wconf 88' lang='lat' dir='ltr'><strong>inmodi</strong></span> 
     </span>
     <span class='ocr_line' id='line_1_29' title="bbox 68 3881 1207 3950; baseline 0 -14"><span class='ocrx_word' id='word_1_227' title='bbox 68 3882 107 3936; x_wconf 71' lang='grc' dir='ltr'><strong>θ’</strong></span> <span class='ocrx_word' id='word_1_228' title='bbox 212 3883 460 3936; x_wconf 79' lang='lat' dir='ltr'><strong>Sccntraotatione</strong></span> <span class='ocrx_word' id='word_1_229' title='bbox 478 3883 509 3938; x_wconf 88' lang='lat' dir='ltr'><em>D</em></span> <span class='ocrx_word' id='word_1_230' title='bbox 538 3882 721 3937; x_wconf 85' lang='lat' dir='ltr'><strong>contractione</strong></span> <span class='ocrx_word' id='word_1_231' title='bbox 740 3883 768 3936; x_wconf 93' lang='lat' dir='ltr'><strong><em>P</em></strong></span> <span class='ocrx_word' id='word_1_232' title='bbox 862 3882 914 3935; x_wconf 86' lang='lat' dir='ltr'><strong>llic</strong></span> <span class='ocrx_word' id='word_1_233' title='bbox 932 3882 1073 3950; x_wconf 87' lang='lat' dir='ltr'><strong>legendnm</strong></span> <span class='ocrx_word' id='word_1_234' title='bbox 1092 3881 1207 3936; x_wconf 90' lang='lat' dir='ltr'><strong>titulum</strong></span> 
     </span>
     <span class='ocr_line' id='line_1_30' title="bbox 68 3966 1207 4037; baseline 0.001 -15"><span class='ocrx_word' id='word_1_235' title='bbox 68 3967 236 4023; x_wconf 75' lang='lat' dir='ltr'><strong>oexxxm</strong></span> <span class='ocrx_word' id='word_1_236' title='bbox 254 3984 337 4037; x_wconf 86' lang='lat' dir='ltr'><strong>usque</strong></span> <span class='ocrx_word' id='word_1_237' title='bbox 354 3969 389 4022; x_wconf 91' lang='lat' dir='ltr'><strong>ad</strong></span> <span class='ocrx_word' id='word_1_238' title='bbox 406 3968 485 4022; x_wconf 88' lang='lat' dir='ltr'><strong>finem</strong></span> <span class='ocrx_word' id='word_1_239' title='bbox 503 3966 581 4023; x_wconf 90' lang='lat' dir='ltr'><strong>tituli</strong></span> <span class='ocrx_word' id='word_1_240' title='bbox 599 3968 690 4025; x_wconf 82' lang='lat' dir='ltr'>CCXL</span> <span class='ocrx_word' id='word_1_241' title='bbox 709 3967 775 4023; x_wconf 72' lang='lat' dir='ltr'><strong>aad.</strong></span> <span class='ocrx_word' id='word_1_242' title='bbox 794 3969 860 4023; x_wconf 83' lang='lat' dir='ltr'><strong>MV</strong></span> <span class='ocrx_word' id='word_1_243' title='bbox 954 3968 970 4020; x_wconf 84' lang='lat'>9</span> <span class='ocrx_word' id='word_1_244' title='bbox 989 3983 1048 4036; x_wconf 74' lang='lat' dir='ltr'><strong>cop.</strong></span> <span class='ocrx_word' id='word_1_245' title='bbox 1067 3967 1130 4021; x_wconf 76' lang='lat' dir='ltr'><strong>xvi</strong></span> <span class='ocrx_word' id='word_1_246' title='bbox 1148 3967 1207 4023; x_wconf 75' lang='lat' dir='ltr'><strong>De</strong></span> 
     </span>
     <span class='ocr_line' id='line_1_31' title="bbox 70 4052 1206 4131; baseline -0.004 -22"><span class='ocrx_word' id='word_1_247' title='bbox 70 4054 150 4118; x_wconf 68' lang='lat' dir='ltr'><strong>Parc</strong></span> <span class='ocrx_word' id='word_1_248' title='bbox 170 4069 284 4109; x_wconf 63' lang='lat' dir='ltr'><strong>murno</strong></span> <span class='ocrx_word' id='word_1_249' title='bbox 301 4061 376 4109; x_wconf 69' lang='lat' dir='ltr'><strong>cara</strong></span> <span class='ocrx_word' id='word_1_250' title='bbox 392 4056 424 4108; x_wconf 78' lang='lat' dir='ltr'><strong>in</strong></span> <span class='ocrx_word' id='word_1_251' title='bbox 441 4053 507 4108; x_wconf 84' lang='lat' dir='ltr'><strong>MV</strong></span> <span class='ocrx_word' id='word_1_252' title='bbox 591 4057 624 4111; x_wconf 92' lang='lat'><strong>10</strong></span> <span class='ocrx_word' id='word_1_253' title='bbox 636 4062 704 4131; x_wconf 71' lang='lat' dir='ltr'><strong>post</strong></span> <span class='ocrx_word' id='word_1_254' title='bbox 715 4060 882 4110; x_wconf 83' lang='lat' dir='ltr'><strong>sacramento</strong></span> <span class='ocrx_word' id='word_1_255' title='bbox 895 4053 960 4107; x_wconf 82' lang='lat' dir='ltr'><strong>odd.</strong></span> <span class='ocrx_word' id='word_1_256' title='bbox 982 4053 1017 4107; x_wconf 74' lang='grc' dir='ltr'><strong>Τε</strong></span> <span class='ocrx_word' id='word_1_257' title='bbox 1044 4052 1076 4106; x_wconf 91' lang='lat' dir='ltr'><strong>de</strong></span> <span class='ocrx_word' id='word_1_258' title='bbox 1088 4053 1141 4106; x_wconf 89' lang='lat' dir='ltr'><strong>ilde</strong></span> <span class='ocrx_word' id='word_1_259' title='bbox 1153 4068 1206 4121; x_wconf 87' lang='lat' dir='ltr'><strong>qua</strong></span> 
     </span>
     <span class='ocr_line' id='line_1_32' title="bbox 68 4138 1207 4218; baseline -0.002 -25"><span class='ocrx_word' id='word_1_260' title='bbox 68 4140 203 4193; x_wconf 69' lang='lat' dir='ltr'><strong>cadimus</strong></span> <span class='ocrx_word' id='word_1_261' title='bbox 221 4140 406 4209; x_wconf 74' lang='lat' dir='ltr'><strong>temporaliter</strong></span> <span class='ocrx_word' id='word_1_262' title='bbox 425 4146 503 4208; x_wconf 85' lang='lat' dir='ltr'><strong>gesta</strong></span> <span class='ocrx_word' id='word_1_263' title='bbox 514 4142 542 4194; x_wconf 90' lang='lat' dir='ltr'><strong>et</strong></span> <span class='ocrx_word' id='word_1_264' title='bbox 552 4144 664 4208; x_wconf 57' lang='lat' dir='ltr'><strong>ueritate</strong></span> <span class='ocrx_word' id='word_1_265' title='bbox 677 4157 750 4218; x_wconf 85' lang='lat' dir='ltr'><strong>quae</strong></span> <span class='ocrx_word' id='word_1_266' title='bbox 762 4140 852 4194; x_wconf 84' lang='lat' dir='ltr'><strong>reddit</strong></span> <span class='ocrx_word' id='word_1_267' title='bbox 864 4142 974 4193; x_wconf 86' lang='lat' dir='ltr'><strong>aeterna</strong></span> <span class='ocrx_word' id='word_1_268' title='bbox 1081 4138 1114 4192; x_wconf 93' lang='grc'><strong>12</strong></span> <span class='ocrx_word' id='word_1_269' title='bbox 1131 4154 1207 4206; x_wconf 87' lang='lat' dir='ltr'><strong>prae·</strong></span> 
     </span>
     <span class='ocr_line' id='line_1_33' title="bbox 70 4223 1141 4303; baseline -0.003 -23"><span class='ocrx_word' id='word_1_270' title='bbox 70 4229 187 4292; x_wconf 77' lang='lat' dir='ltr'><strong>granant</strong></span> <span class='ocrx_word' id='word_1_271' title='bbox 206 4226 285 4280; x_wconf 78' lang='lat' dir='ltr'><strong>GP&#39;s</strong></span> <span class='ocrx_word' id='word_1_272' title='bbox 313 4225 494 4296; x_wconf 76' lang='lat' dir='ltr'><strong>pmgrabant</strong></span> <span class='ocrx_word' id='word_1_273' title='bbox 511 4225 541 4279; x_wconf 91' lang='lat' dir='ltr'><em>D</em></span> <span class='ocrx_word' id='word_1_274' title='bbox 638 4241 673 4303; x_wconf 79' lang='lat'><strong>13</strong></span> <span class='ocrx_word' id='word_1_275' title='bbox 698 4227 836 4292; x_wconf 65' lang='lat' dir='ltr'><strong>contracti</strong></span> <span class='ocrx_word' id='word_1_276' title='bbox 857 4224 888 4278; x_wconf 90' lang='lat' dir='ltr'><em>D</em></span> <span class='ocrx_word' id='word_1_277' title='bbox 992 4225 1025 4278; x_wconf 89' lang='lat' dir='ltr'><strong>de</strong></span> <span class='ocrx_word' id='word_1_278' title='bbox 1043 4223 1141 4278; x_wconf 82' lang='lat' dir='ltr'><strong>om.T</strong></span> 
     </span>
     <span class='ocr_line' id='line_1_34' title="bbox 71 4306 1209 4393; baseline -0.001 -31"><span class='ocrx_word' id='word_1_279' title='bbox 71 4311 103 4362; x_wconf 79' lang='lat'><strong>15</strong></span> <span class='ocrx_word' id='word_1_280' title='bbox 123 4326 172 4379; x_wconf 82' lang='lat' dir='ltr'><strong>par</strong></span> <span class='ocrx_word' id='word_1_281' title='bbox 191 4309 259 4364; x_wconf 78' lang='lat' dir='ltr'><strong>odd.</strong></span> <span class='ocrx_word' id='word_1_282' title='bbox 284 4311 322 4365; x_wconf 73' lang='grc' dir='ltr'><strong>θ’</strong></span> <span class='ocrx_word' id='word_1_283' title='bbox 423 4323 557 4378; x_wconf 76' lang='lat' dir='ltr'><strong>possumne</strong></span> <span class='ocrx_word' id='word_1_284' title='bbox 576 4325 607 4393; x_wconf 68' lang='lat' dir='ltr'><em>D</em></span> <span class='ocrx_word' id='word_1_285' title='bbox 721 4317 757 4377; x_wconf 87' lang='lat'><strong>16</strong></span> <span class='ocrx_word' id='word_1_286' title='bbox 780 4309 954 4366; x_wconf 88' lang='lat' dir='ltr'><strong>tenebramur</strong></span> <span class='ocrx_word' id='word_1_287' title='bbox 979 4309 1004 4362; x_wconf 83' lang='grc' dir='ltr'><em>Τ</em></span> <span class='ocrx_word' id='word_1_288' title='bbox 1106 4310 1138 4362; x_wconf 79' lang='grc'><strong>17</strong></span> <span class='ocrx_word' id='word_1_289' title='bbox 1161 4306 1209 4361; x_wconf 85' lang='lat' dir='ltr'><strong>sed</strong></span> 
     </span>
     <span class='ocr_line' id='line_1_35' title="bbox 70 4393 1208 4504; baseline -0.004 -53"><span class='ocrx_word' id='word_1_290' title='bbox 70 4395 157 4450; x_wconf 73' lang='lat' dir='ltr'><strong>nodia</strong></span> <span class='ocrx_word' id='word_1_291' title='bbox 178 4397 284 4451; x_wconf 66' lang='lat' dir='ltr'><strong>eundo</strong></span> <span class='ocrx_word' id='word_1_292' title='bbox 306 4395 361 4450; x_wconf 82' lang='lat' dir='ltr'><strong>nisi</strong></span> <span class='ocrx_word' id='word_1_293' title='bbox 382 4394 472 4449; x_wconf 87' lang='lat' dir='ltr'><strong>morbo</strong></span> <span class='ocrx_word' id='word_1_294' title='bbox 487 4393 606 4504; x_wconf 56' lang='lat' dir='ltr'><strong>DGPIb</strong></span> <span class='ocrx_word' id='word_1_295' title='bbox 720 4405 757 4466; x_wconf 79' lang='lat'><strong>21</strong></span> <span class='ocrx_word' id='word_1_296' title='bbox 785 4400 904 4470; x_wconf 89' lang='lat' dir='ltr'><strong>purgata</strong></span> <span class='ocrx_word' id='word_1_297' title='bbox 928 4394 1017 4452; x_wconf 67' lang='lat' dir='ltr'><strong>Dea</strong></span> <span class='ocrx_word' id='word_1_298' title='bbox 1118 4393 1153 4447; x_wconf 87' lang='grc'><strong>22</strong></span> <span class='ocrx_word' id='word_1_299' title='bbox 1180 4394 1208 4446; x_wconf 85' lang='lat' dir='ltr'><strong>et</strong></span> 
     </span>
    </p>
   </div>
   <div class='ocr_carea' id='block_1_8' title="bbox 71 4477 1055 4633">
    <p class='ocr_par' dir='ltr' id='par_1_8' title="bbox 71 4477 1055 4633">
     <span class='ocr_line' id='line_1_36' title="bbox 71 4477 1055 4633; baseline -0.004 -93"><span class='ocrx_word' id='word_1_300' title='bbox 71 4480 176 4535; x_wconf 68' lang='lat' dir='ltr'><strong>illorum</strong></span> <span class='ocrx_word' id='word_1_301' title='bbox 193 4481 233 4536; x_wconf 84' lang='lat' dir='ltr'><strong>P&#39;</strong></span> <span class='ocrx_word' id='word_1_302' title='bbox 326 4479 431 4534; x_wconf 71' lang='lat' dir='ltr'><strong>wndm</strong></span> <span class='ocrx_word' id='word_1_303' title='bbox 448 4477 477 4529; x_wconf 79' lang='grc' dir='ltr'><strong>Ι)</strong></span> <span class='ocrx_word' id='word_1_304' title='bbox 554 4524 671 4633; x_wconf 58' lang='lat' dir='ltr'><strong>WV</strong></span> <span class='ocrx_word' id='word_1_305' title='bbox 790 4484 980 4550; x_wconf 67' lang='lat' dir='ltr'><strong>adprecatur</strong></span> <span class='ocrx_word' id='word_1_306' title='bbox 1000 4482 1055 4537; x_wconf 79' lang='lat' dir='ltr'><strong>G¹o</strong></span> 
     </span>
    </p>
   </div>
   <div class='ocr_carea' id='block_1_9' title="bbox 0 118 1402 4814">
    <p class='ocr_par' dir='ltr' id='par_1_9' title="bbox 0 118 1402 4814">
     <span class='ocr_line' id='line_1_37' title="bbox 0 118 1402 4814; baseline 0 0"><span class='ocrx_word' id='word_1_307' title='bbox 0 118 1402 4814; x_wconf 95' lang='lat' dir='ltr'><strong> </strong></span> 
     </span>
    </p>
   </div>
  </div>
 </body>
</html>
