2760 4814
276 556 441 625 Eueerpte
458 574 493 611 er
511 573 580 626 opp.
600 557 625 612 S.
644 559 834 626 Augustini
852 559 946 616 cxvi.
1139 564 1207 633 415

75 747 166 812 etiam
199 750 231 813 in
262 748 423 834 euangelio
453 753 624 816 seeundum
647 749 805 816 Iohenuen
828 750 921 816 ualde
945 769 1040 834 grene
1065 754 1203 820 ostendit

72 870 134 918 esse
163 857 342 937 peceatum,
378 854 431 920 ubi
460 856 506 920 eit
527 856 566 920 de
595 853 660 937 ipso
690 855 803 936 spiritu
829 857 947 932 saneto,
981 872 1144 921 cumeum
1169 876 1204 922 ee

71 957 237 1021 missurum
262 976 328 1023 esee
350 958 566 1039 promitteret:
589 956 662 1022 ille
685 961 822 1040 arguet
846 957 1030 1023 muudum
1051 961 1095 1025 de
1116 977 1202 1040 pee-

70 1062 175 1143 eeto,
199 1060 245 1124 ds
266 1060 434 1125 iustitie
456 1063 493 1124 et
515 1059 560 1126 de
581 1060 748 1144 iudioi03
774 1061 819 1127 de
849 1063 1013 1143 peeoato
1035 1061 1200 1143 quidem,

50 1161 166 1244 equod
197 1180 271 1227 uon
300 1163 558 1228 erediderunt
587 1163 628 1227 iu
657 1182 713 1228 me
737 1185 793 1227 -ε
822 1167 930 1228 temon
953 1165 980 1228 ei
1003 1182 1064 1228 uon
1088 1163 1205 1230 dixerit

68 1264 121 1330 iile
159 1264 263 1330 eordis
305 1265 540 1346 impoenitentis
582 1267 699 1331 dentis
734 1268 866 1333 uerbum
904 1270 1011 1331 contre
1054 1266 1203 1348 spiritum

68 1373 220 1447 reectum,
255 1367 351 1433 etiem
384 1367 442 1434 hoe
476 1370 558 1451 quod
588 1370 708 1436 dietum
736 1370 783 1434 ost
806 1373 918 1436 eontra
939 1369 1042 1434 filium
1066 1368 1204 1436 hominis

68 1471 257 1538 remittetur.

107 1575 196 1640 Hine
225 1575 367 1641 fortassis
396 1575 509 1658 eliqnie
540 1576 679 1659 quaeret,
703 1578 809 1641 utrum
831 1575 1048 1642 tantummodo
1070 1576 1202 1659 spiritus

39 1682 194 1742 esanotus
226 1683 354 1761 peooata
376 1679 518 1744 dimittet
547 1697 586 1743 en
617 1680 648 1742 et
676 1683 765 1763 petor
787 1680 820 1744 ot
842 1679 936 1745 iilius.
967 1679 1201 1762 respondemus,

67 1780 148 1861 quod
171 1780 205 1845 et
225 1783 315 1863 peter
338 1782 370 1846 et
398 1781 492 1849 filim.
533 1780 601 1864 ipse
631 1784 715 1848 euim
744 1780 827 1847 filius
858 1782 897 1847 de
919 1784 1010 1865 petro
1038 1783 1132 1849 dieit:
1165 1783 1201 1847 ei

67 1884 313 1950 dimiseritis
336 1887 504 1967 peooete
525 1886 768 1962 homiuibus,
791 1887 977 1952 dimittet
998 1886 1113 1951 uobis
1136 1904 1200 1968 pa·

66 1991 126 2053 ter
159 1990 292 2053 uester
324 1993 488 2072 peeeete
522 1991 664 2055 uestra.
702 1990 753 2056 oui
783 2009 838 2055 nos
860 2007 982 2072 quoque
1004 1988 1139 2054 dicimus
1163 1988 1196 2053 iu

68 2090 208 2156 emtione
229 2089 401 2156 dominioa:
424 2096 536 2174 pater
559 2096 707 2171 noster,
729 2094 795 2177 qui
818 2112 855 2158 es
877 2093 916 2157 in
940 2092 1081 2176 oaelie3
1104 2092 1201 2174 etque

39 2195 148 2260 uinter
163 2195 314 2260 oeteraet
331 2196 389 2261 hoo
405 2195 542 2277 petimus
565 2196 719 2262 dieentes:
743 2195 904 2261 dimitte
926 2196 1039 2260 uobis
1062 2194 1200 2261 debite

67 2301 216 2364 nostre.
261 2300 298 2364 de
321 2317 354 2364 se
375 2297 445 2382 ipso
467 2301 573 2364 autem
595 2299 656 2364 eit:
687 2302 731 2366 ut
760 2298 921 2374 scietis,
952 2299 1053 2380 quod
1076 2297 1201 2362 habet

67 2398 183 2467 iilius
205 2399 375 2467 hominis
397 2404 642 2484 potestatem
664 2403 702 2467 in
727 2404 834 2468 terre
857 2399 1091 2468 dimittendi
1112 2417 1196 2481 pec-

68 2506 166 2571 oate.
206 2507 233 2570 si
256 2522 339 2586 ergo,
372 2505 485 2588 inquis,
520 2506 552 2571 et
574 2510 662 2589 peter
684 2508 715 2570 et
743 2505 827 2570 filius
850 2508 882 2569 st
908 2504 1038 2586 spiritus
1068 2503 1199 2568 sanetus

68 2610 193 2688 peecata
208 2607 385 2687 dimittunt,
401 2626 456 2672 our
470 2607 530 2674 illa
543 2608 789 2690 impoenitentis,
806 2626 884 2690 qnae
899 2623 1072 2689 numquam
1087 2604 1198 2671 dimit·

42 2711 152 2791 stitnr,
177 2712 397 2776 tautummodo
421 2711 460 2776 ed
482 2712 611 2795 spiritus
640 2711 866 2796 blasphemiam
895 2710 1010 2776 dieitur
1031 2711 1199 2794 pertinere,

68 2816 229 2898 tamqnam
257 2814 312 2879 ille
335 2814 389 2895 qui
411 2815 471 2881 hoe
492 2816 751 2897 impoenitentiae
773 2816 899 2896 peccato
922 2813 1018 2879 inerit
1040 2813 1197 2895 obligatus

68 2916 144 2982 douo
178 2918 282 2983 saneti
314 2917 447 3000 spiritns
480 2919 627 2985 resistere
661 2921 815 3000 uideatur,
850 2922 932 3001 quod
960 2936 995 2984 eo
1029 2920 1125 2999 douo,
1142 2915 1202 2980 fiet

67 3021 205 3088 remissio
227 3023 450 3106 peecatorum?

104 3125 194 3191 Haeo
229 3125 276 3190 ite
312 3124 474 3208 dicuntur,
518 3131 555 3191 ut
592 3128 696 3191 tamen
739 3124 957 3206 inseparabilis
994 3124 1198 3205 intellegetur

37 3228 204 3311 soporatio
236 3227 398 3306 trinitatis,
433 3229 478 3295 ite
509 3232 546 3294 ut
579 3247 650 3294 oum
679 3231 816 3310 operatio
848 3230 946 3311 petris
975 3226 1098 3304 dieitur,
1134 3242 1197 3289 nou

64 3348 131 3397 eam
161 3332 229 3396 sine
258 3330 324 3397 filio
347 3334 379 3397 et
407 3333 522 3415 spiritu
545 3335 653 3398 saneto
676 3331 797 3414 operari
819 3332 1037 3414 intellegetnr3
1069 3332 1101 3393 et
1123 3346 1196 3392 eum

63 3433 201 3517 operatio
233 3432 301 3513 filii,
335 3452 396 3500 non
426 3435 493 3500 siue
525 3436 703 3519 operatione
733 3433 831 3517 patris
863 3438 895 3499 et
923 3433 1051 3518 spiritns
1078 3430 1196 3513 sencti3

63 3540 96 3600 et
134 3553 207 3601 eum
243 3536 382 3618 operatio
419 3537 546 3619 spiritus
583 3537 694 3615 saneti,
733 3556 795 3602 non
831 3537 896 3603 sine
930 3536 1019 3619 petre
1054 3537 1085 3598 et
1118 3531 1194 3598 filio.

164 3720 238 3774 310.
260 3723 299 3785 re,
319 3722 384 3790 aeq.
473 3724 503 3777 11
525 3721 622 3777 Metto.
641 3724 666 3789 6,
687 3725 720 3778 14
810 3723 842 3779 14
862 3721 961 3776 naen.
979 3723 1004 3786 6,
1023 3692 1137 3776 66616·Ι

63 3807 96 3860 re
117 3805 260 3874 ursone,
280 3809 296 3862 6

114 3978 282 4034 iiohennen
299 3979 347 4031 1⁷¹:
376 3979 520 4033 iohannem
543 3979 622 4034 Tys„
708 3981 770 4033 ise
788 3995 883 4035 eume
966 3979 1127 4050 darguito

57 4066 77 4120 4
104 4065 137 4119 do
160 4064 262 4119 iudicio
289 4063 325 4117 V:
354 4065 454 4120 indioio
481 4065 521 4120 To
624 4067 641 4120 9
668 4065 730 4120 hine
758 4066 794 4120 V:
822 4066 867 4120 hio
895 4065 964 4121 PTo
1066 4066 1196 4120 fortassee

59 4151 88 4207 Τ
191 4150 225 4205 10
248 4150 385 4204 dimittast
405 4155 433 4217 (n
450 4154 518 4218 rae.)
541 4152 570 4206 P
597 4152 722 4206 remittat
746 4152 772 4205 Τ
874 4152 907 4205 15
931 4153 1063 4223 interlin
1081 4151 1197 4206 terra&

58 4255 76 4292 o
181 4236 296 4290 demitto
319 4236 353 4291 T¹
463 4239 496 4290 16
519 4238 554 4308 se]
578 4254 627 4293 om.
654 4237 688 4292 P
797 4238 934 4293 trabeato
1045 4238 1079 4291 18
1103 4239 1197 4306 inquit

58 4341 76 4379 ο
171 4323 204 4377 19
222 4322 375 4377 dimittitur
393 4323 444 4378 Vo:
473 4323 628 4383 dimittetur
647 4325 713 4380 P'T
807 4325 841 4380 23
856 4331 921 4393 post
940 4329 1113 4394 peecatorum
1130 4323 1198 4380 odd.

57 4425 90 4463 a:
117 4408 194 4463 Inter
211 4410 300 4462 estere
384 4408 419 4462 24
435 4409 503 4464 ite..
522 4414 548 4471 Τ
632 4410 667 4466 26
684 4424 744 4464 eum
758 4412 905 4477 (atomio
989 4411 1024 4466 27
1043 4413 1201 4478 operatione

55 4494 146 4565 putria
164 4491 241 4546 MV:
268 4496 344 4562 patre
362 4492 430 4547 PTv
512 4503 625 4577 spititus
637 4497 726 4554 saneti
738 4496 775 4550 M
778 4496 815 4553 V:
839 4496 939 4564 spiritu
952 4498 1043 4551 saneto
1057 4495 1135 4562 Pro
