2760 4814
164 291 227 357 612
643 287 806 357 Eueinnii

164 479 230 544 eius
254 478 386 562 apostoli
409 478 576 561 quodiam
600 496 694 562 supra
724 479 979 544 commemoraui:
1012 478 1174 561 fratres,
1209 475 1285 541 etsi

164 583 478 665 praeoccupatus
508 581 633 646 fuerit
661 581 773 646 home
802 580 840 646 in
871 581 1006 665 aliquo
1029 580 1192 666 deliete,
1214 598 1285 646 nee

164 686 228 769 qui
252 685 459 769 spiritales
482 684 580 751 estis
602 684 792 749 instruite
816 683 931 748 huius
953 684 1055 750 modi
1077 684 1118 749 in
1140 684 1285 769 spiritu

162 789 505 865 mansuetudinis;
529 789 744 853 intendens
767 790 805 852 te
828 789 970 869 ipsum,
1002 806 1046 852 ne
1069 792 1106 852 et
1128 788 1170 852 tu
1192 789 1285 853 tem·

165 894 277 960 teris.
315 911 389 958 nam
411 892 438 958 si
455 895 634 976 prepterea,
658 890 733 974 quia
756 890 849 956 dixit:
873 891 1003 956 faetus
1025 910 1106 956 sum
1129 891 1286 959 Iudaeis
1307 900 1350 945 ⁵

164 1006 356 1080 tamquam
379 996 567 1072 Iudaeus,
598 998 637 1060 et
666 994 727 1058 his
757 997 821 1077 qui
844 993 912 1059 sub
945 994 1029 1078 lege
1052 996 1165 1058 erant
1192 997 1286 1059 tam·

164 1120 278 1185 quam
308 1099 380 1165 sub
410 1099 510 1182 lege,
539 1098 608 1163 ideo
638 1096 793 1178 putandus
824 1099 872 1161 est
894 1097 1089 1163 mendaciter
1110 1097 1285 1180 suscepisse

162 1205 240 1288 legis
263 1202 377 1269 ueteris
400 1201 603 1276 sacramenta,
628 1199 735 1264 debuit
757 1203 788 1264 et
811 1199 952 1284 gentium
976 1200 1156 1265 idolatriam
1178 1201 1286 1266 eedem

163 1308 254 1373 mede
276 1305 453 1371 mentiendo
470 1303 626 1385 suscipere
641 1304 694 1384 qui
709 1303 788 1367 dixit
803 1303 898 1368 etiam
922 1302 982 1367 his
1005 1305 1068 1385 qui
1090 1305 1176 1369 sine
1200 1305 1286 1389 lege

164 1412 278 1475 erant
299 1412 497 1491 tamquam
518 1406 603 1471 sine
624 1406 712 1490 lege
735 1423 766 1470 se
789 1406 919 1482 saelum,
944 1410 979 1471 ut
995 1423 1045 1470 eos
1061 1405 1340 1486 lucrifaceret31v

164 1516 243 1597 qued
277 1510 384 1593 utique
415 1528 476 1575 non
507 1509 592 1574 feeit.
629 1526 691 1572 nen
721 1509 804 1573 enim
827 1509 941 1574 alicubi
975 1508 1163 1574 sacrificauit
1195 1511 1286 1576 idelis

165 1618 220 1682 aut
249 1613 393 1678 adorauit
424 1612 481 1677 illa
513 1610 674 1696 figmenta,
708 1630 744 1677 ae
773 1628 834 1676 nun
857 1613 960 1695 petius
994 1611 1090 1678 libere
1124 1616 1286 1697 tamquam

166 1720 284 1801 martyr
306 1714 422 1781 Christi
446 1712 631 1780 detestanda
652 1718 684 1777 et
705 1712 836 1779 uitanda
858 1714 1055 1779 monstrauit.

207 1837 406 1904 Mendacium
443 1839 489 1901 est
526 1836 640 1918 quippe
677 1834 757 1900 falsa
793 1834 981 1918 signifieatie
1018 1854 1091 1901 cum
1123 1838 1286 1903 uoluntate

163 1941 305 2009 fallendi.
335 1958 396 2005 non
424 1940 472 2005 est
500 1939 605 2004 antem
635 1937 715 2002 falsa
744 1936 937 2022 significatio,
970 1937 1034 2018 nbi,
1060 1939 1118 2004 etsi
1142 1941 1226 2006 aliud
1250 1959 1285 2006 er
1296 1956 1325 1996 a

165 2045 226 2112 aliu
249 2043 449 2128 significatur,
480 2060 588 2107 nerum
612 2045 660 2106 est
686 2046 790 2106 tamen
814 2041 894 2124 quod
917 2041 1122 2124 significatur,
1153 2042 1181 2107 si
1204 2048 1286 2110 reate

166 2148 378 2233 intellegatur.

209 2269 290 2336 Sunt
318 2270 468 2351 quaedam
498 2267 564 2330 eius
593 2264 677 2329 medi
714 2263 809 2329 etiam
846 2265 1011 2331 saluatoris
1048 2265 1080 2330 in
1114 2268 1286 2351 euangelio,

166 2376 239 2457 quia
269 2373 301 2438 et
330 2373 396 2454 ipse
427 2369 570 2435 dominus
602 2366 824 2451 prophetarum
857 2367 1007 2450 propheta
1040 2388 1106 2433 esse
1139 2371 1287 2452 dignatus

166 2478 223 2540 est.
259 2475 337 2539 talia
367 2474 441 2537 sunt
473 2471 539 2554 illa,
575 2470 627 2536 ubi
650 2469 848 2548 demutare,
875 2490 952 2553 quae
974 2470 1092 2536 durum
1125 2475 1324 2556 sanguinitae

165 2575 354 2660 patiebatur,
378 2573 439 2640 ait:
464 2577 551 2657 quis
573 2593 629 2639 me
651 2574 819 2657 tetigit?
853 2576 885 2639 et
908 2575 945 2639 de
967 2574 1097 2641 Lazaro:
1132 2576 1200 2641 ubi
1223 2597 1287 2660 pe·

165 2678 307 2745 suistis
329 2681 435 2743 eum?
468 2678 512 2742 sic
538 2678 651 2760 quippe
681 2677 887 2762 interrogauit
917 2678 1006 2760 quasi
1035 2678 1176 2743 nesciens
1206 2680 1287 2762 quod

167 2784 274 2864 utique
296 2781 433 2864 sciebat3
463 2799 499 2847 ae
520 2800 574 2863 per
596 2780 653 2846 hee
674 2782 794 2846 nescire
816 2800 848 2845 se
871 2779 970 2859 finxit,
1000 2789 1035 2846 ut
1058 2782 1175 2864 aliquid
1198 2782 1285 2849 eliud

165 2886 224 2952 illa
241 2886 330 2952 uelut
352 2884 528 2967 ignorantia
543 2901 598 2948 sua
615 2882 814 2966 significaret.
847 2902 925 2967 qnae
940 2882 1125 2968 significatio
1141 2890 1288 2968 queniam

166 3008 258 3055 uerer
280 2991 356 3064 erat,
379 2988 575 3052 mendaeinm
597 2986 734 3070 profecto
757 3004 817 3051 nen
839 2989 914 3051 erat.
945 3005 995 3052 eos
1018 3007 1149 3070 namque
1164 2987 1326 3072 signifi-a

167 3092 280 3160 eabaut
308 3092 374 3157 siue
403 3090 458 3157 illa
487 3090 605 3155 fluxum
634 3090 795 3174 sanguinis
825 3089 946 3171 patiens
972 3094 1038 3155 siue
1068 3091 1122 3155 ille
1144 3094 1287 3158 mortuus

167 3197 403 3278 quadriduanus,
434 3211 509 3276 ques
539 3193 634 3257 etiam
665 3194 718 3274 qui
748 3195 860 3258 cuneta
889 3193 1006 3258 sciebat
1035 3192 1169 3276 quodam
1195 3197 1289 3261 mede

270 3405 421 3472 nunqu
495 3403 741 3474 troesenen.
814 3364 1022 3468 aruntem
1079 3405 1222 3471 10.11‚34

220 3600 325 3670 liam]
349 3616 443 3655 ome
550 3601 733 3654 memeraniv
840 3600 900 3670 etsi]
929 3601 952 3654 si
978 3601 1006 3655 P
1111 3601 1294 3671 3epiritalis

166 3686 203 3739 P*
307 3685 486 3754 isueeipiese
510 3687 548 3740 Ρι
656 3686 769 3753 Slegee
793 3686 829 3740 Ρι
933 3686 1098 3741 idolatriae
1202 3688 1293 3759 9qui

167 3770 323 3826 uixiaPV=
350 3771 497 3839 quiade
601 3773 634 3827 10
659 3773 695 3842 ee]
724 3788 824 3826 erne
925 3773 1032 3841 iaceret]
1061 3771 1153 3826 feeerit
1182 3773 1221 3827 1²¹

167 3858 200 3912 12
218 3855 374 3925 maturauit
391 3859 417 3924 (e
435 3858 549 3912 αῐίεναηι
567 3858 631 3913 add
649 3875 684 3914 na
701 3860 731 3925 2)
754 3858 780 3911 V
880 3858 912 3912 13
936 3862 963 3911 et
981 3858 1101 3927 uitanda]
1125 3874 1174 3914 ern.
1195 3859 1223 3914 P

169 3946 201 3999 16
211 3944 265 3999 alio
276 3944 459 4013 significantur
471 3951 499 4011 (u
511 3947 575 4013 raa.)
589 3947 616 4000 P
711 3948 799 4000 tumen
812 3948 880 4000 este
978 3947 1011 4000 18
1022 3945 1090 4015 eius]
1103 3945 1182 3999 huius
1195 3947 1224 3999 P

166 4048 198 4102 21
218 4046 322 4117 tetigit]
342 4048 403 4102 titit
422 4048 459 4102 P¹
549 4048 584 4102 23
601 4051 657 4119 per]
677 4065 758 4118 prov
847 4049 882 4103 24
899 4049 956 4118 illa]
976 4065 1026 4103 em.
1045 4048 1082 4102 Ρ1
1168 4036 1233 4103 uel'⁸
1251 4055 1296 4119 (ut

165 4133 229 4189 add
248 4135 376 4200 m.2)P
477 4134 510 4189 25
529 4137 690 4206 perureret]
709 4136 1045 4190 ueP’r'aruadle'tt.
1148 4150 1193 4188 eos
1212 4139 1240 4202 (e
1260 4153 1297 4192 aa

164 4223 280 4287 neers.)
297 4219 325 4272 P
427 4219 460 4274 27
477 4221 672 4289 quatriduanus
690 4223 716 4276 P
