2760 4814
129 285 193 351 644
610 277 773 346 Eusiooii

129 491 203 538 non
239 470 476 536 manducare
512 485 667 532 carnem
709 485 831 549 neque
873 464 1010 531 bibere
1046 464 1183 530 uinum
1217 470 1245 531 et

128 575 279 641 nonnulla
306 572 431 649 similia,
462 571 638 635 creaturam
667 571 716 635 dei
744 574 775 635 et
797 587 872 653 quas
895 568 1061 633 uoluerunt
1083 587 1169 634 escas
1190 570 1246 634 im·

129 679 262 744 mundas
286 694 352 741 esse
374 675 544 740 senserunt.
582 673 709 756 quidam
731 691 803 738 uero
826 672 980 755 legentes:
1003 671 1128 737 omnis
1151 688 1246 737 cree-

128 784 220 847 tura
250 781 310 845 dei
339 779 436 844 bone
465 781 526 842 est
558 778 597 843 st
625 777 731 841 nihil
761 776 1022 853 abiciendum,
1046 778 1244 859 quodcum

129 885 349 968 gratiarum
372 881 525 946 actione
548 881 765 964 accipitur,
796 880 829 945 in
856 881 1059 944 uoracitatem
1081 878 1273 944 uinciendi-⁵

129 1006 238 1071 amque
260 985 396 1067 conlapsi
419 987 502 1063 sunt,
532 1002 593 1049 non
616 984 677 1049 sibi
700 982 840 1047 ualentes
864 983 983 1047 auterre
1005 982 1094 1062 uitia,
1123 982 1185 1047 nisi
1207 980 1246 1046 eis

129 1090 318 1158 econtrario
347 1088 399 1153 uel
429 1088 520 1153 tanta
548 1087 599 1152 uel
628 1085 745 1151 maiora
774 1086 980 1151 succederent.
1019 1085 1064 1149 sio
1093 1085 1246 1150 etiamiu

129 1194 308 1272 beccense,
332 1210 410 1273 quae
432 1190 563 1256 habetur
584 1190 616 1253 in
644 1188 797 1268 manibus,
828 1189 953 1271 qnidam
982 1188 1138 1253 intuentes
1161 1206 1246 1271 prae·

130 1300 221 1381 cepta
241 1293 426 1372 seueritatis,
458 1291 570 1374 quibus
593 1294 795 1357 admonemur
818 1292 970 1374 corripere
998 1291 1165 1375 inquietos,
1189 1309 1245 1356 non

129 1402 202 1465 dare
231 1399 371 1464 sanctum
400 1395 536 1473 canibus,
566 1399 602 1459 ut
624 1396 784 1461 ethnicum
810 1395 923 1460 habere
945 1396 1089 1461 ecclesiae
1112 1396 1275 1461 contem-n

130 1505 240 1581 torem,
274 1522 292 1567 a
325 1517 473 1584 compage
508 1500 649 1581 corporis,
684 1500 766 1582 quod
798 1499 997 1582 scandalizet,
1030 1498 1175 1577 euellere,
1206 1499 1248 1564 ite

130 1605 315 1689 perturbant
336 1602 483 1669 ecclesiae
504 1622 621 1686 pacem,
644 1605 681 1668 ut
704 1608 853 1669 conentur
867 1607 939 1667 ante
963 1607 1086 1684 tempus
1109 1618 1247 1685 separare

130 1706 248 1774 thanis
269 1709 362 1788 etque
383 1706 555 1771 hocerrore
578 1707 737 1772 caecitatis
759 1707 820 1790 ipsi
834 1706 937 1790 potius
953 1726 973 1771 a
987 1705 1106 1772 Christi
1128 1705 1247 1771 unitate

130 1811 321 1893 separentur.
357 1808 458 1892 qualis
488 1810 576 1874 nobis
607 1827 698 1875 cause
731 1811 777 1875 est
798 1812 945 1875 aduersus
967 1809 1103 1875 schisma
1125 1809 1248 1885 Donati,

132 1916 165 1980 st
185 1913 243 1979 hoc
265 1932 327 1979 non
348 1931 420 1977 cum
442 1912 573 1994 illisqui
595 1918 746 1978 nouerant
761 1912 972 1979 Caecilianum
993 1932 1055 1978 non
1078 1915 1173 1990 ueris,
1197 1911 1279 1978 sedo

133 2016 331 2083 calumniosis
362 2013 543 2081 criminibus
573 2016 748 2098 appetitum
777 2019 809 2080 et
830 2016 1033 2099 perniciosam
1062 2016 1249 2081 sententiam

131 2138 221 2187 suem
249 2118 409 2185 mortifero
439 2119 556 2201 pudore
584 2136 645 2183 non
675 2120 831 2198 deserunt,
865 2121 918 2184 sed
949 2137 1020 2184 cum
1049 2118 1114 2184 illis
1139 2118 1250 2201 quibus

132 2224 280 2290 dicimus:
298 2223 413 2308 ,etiam
428 2222 456 2287 si
471 2221 548 2287 meli
563 2220 696 2287 tuissent
710 2261 752 2273 -
766 2223 890 2306 proptor
904 2225 984 2304 quod
998 2223 1031 2287 in
1045 2223 1175 2287 ecclesia
1190 2240 1249 2288 non

131 2327 270 2394 estis-
293 2327 471 2392 nontamen
494 2343 546 2391 eos
567 2324 691 2391 ferendo
715 2343 790 2409 qnos
813 2327 976 2391 emendare
1004 2327 1059 2391 aut
1087 2344 1249 2411 segregare

131 2430 260 2496 minime
288 2429 445 2513 poteratis,
482 2428 514 2494 in
545 2430 672 2495 ecclesia
700 2447 880 2514 permanere
903 2427 1083 2495 debuistis.“
1123 2431 1284 2512 quidem»

132 2549 205 2598 uero
227 2531 381 2598 contrario
403 2531 624 2615 periclitantes,
656 2549 728 2597 cum
753 2531 904 2597 bonorum
927 2532 1141 2615 malorumque
1163 2551 1249 2598 com·

132 2634 313 2701 mixtionem
335 2635 368 2699 in
390 2633 519 2699 ecclmia
540 2636 786 2700 demonstratam
808 2635 859 2699 uel
879 2637 1070 2718 praedictam
1092 2656 1159 2702 esse
1180 2656 1251 2720 per·

132 2738 287 2822 spexerint
314 2741 347 2802 et
374 2738 543 2820 patientiae
573 2739 736 2821 praecepta
766 2738 932 2805 didicerint
953 2777 995 2788 —
1017 2756 1095 2822 quae
1116 2756 1173 2804 nos
1195 2739 1249 2805 fir·

132 2841 289 2909 nausimus
311 2841 455 2918 reddunt,
471 2843 516 2920 ut,
539 2842 634 2908 etiem
650 2842 678 2908 si
694 2843 838 2909 uidentur
851 2844 883 2908 in
899 2844 1027 2910 ecclesia
1040 2863 1106 2909 esse
1121 2842 1250 2923 nicenis,

133 2936 195 3010 non
216 2945 322 3012 tamen
342 2945 553 3029 impediantur
575 2947 631 3011 aut
650 2946 728 3012 fides
750 2950 804 3012 aut
826 2947 940 3023 caritas
970 2949 1085 3030 nostro,
1115 2950 1153 3012 ut
1173 2964 1287 3030 quo-ee

134 3050 216 3114 niem
237 3046 355 3114 zizania
376 3047 410 3112 in
432 3048 560 3115 ecclesie
581 3067 649 3114 esse
671 3049 834 3128 cernimus,
866 3050 926 3132 ipsi
949 3050 986 3114 ds
1009 3049 1141 3116 ecclesia
1161 3067 1251 3116 rece·

233 3252 250 3307 ³
270 3251 285 3306 1
301 3250 370 3306 Tim.
388 3251 414 3316 4,
430 3251 448 3305 4
552 3253 585 3306 10
601 3251 635 3306 ci.
653 3251 751 3305 Metth.
771 3252 796 3319 l,
814 3252 830 3306 6
847 3254 875 3306 et
893 3252 932 3318 18,
952 3252 983 3306 17

182 3422 522 3492 boacas(eem.2)V
619 3422 882 3493 duero]uerumA
984 3421 1184 3492 ieJom.AP

133 3508 302 3564 succederent
320 3511 346 3575 (a
362 3510 394 3564 in
410 3526 425 3563 e
440 3524 511 3567 corr.
528 3512 608 3577 m.1)
632 3508 660 3563 V
755 3507 904 3563 8habetur
920 3508 1001 3563 APo:
1031 3507 1159 3563 habemur
1178 3514 1202 3575 (r
1219 3511 1253 3566 te

133 3598 229 3648 smoth
246 3599 326 3661 m.l)
347 3593 375 3648 V
468 3594 717 3649 9eeeucritetisV
812 3595 841 3648 ll
861 3594 1041 3648 scandalizent
1058 3595 1086 3648 A
1183 3597 1253 3651 cusl-

132 3678 194 3748 lsre]
211 3678 336 3748 repellere
353 3680 381 3732 A
476 3680 508 3735 13
526 3680 633 3734 uenenis
650 3680 678 3734 A
772 3679 909 3734 caecitatis
931 3680 969 3735 V:
995 3681 1096 3734 caecati
1112 3681 1184 3736 APc

129 3764 168 3819 14
184 3763 279 3818 ecdem
295 3764 338 3819 Po
432 3766 465 3821 15
481 3765 519 3836 et]
537 3769 570 3819 nt
587 3765 629 3820 Po
721 3765 802 3834 neme]
820 3765 887 3819 uiris
904 3766 932 3818 A
1027 3765 1060 3819 16
1076 3766 1253 3834 pernitionem

132 3851 176 3905 Ao
268 3848 300 3903 li
317 3848 698 3919 pudore(uc:cecorr.m.2)
714 3850 742 3905 V
830 3851 863 3905 18
880 3849 951 3920 qnod
968 3850 1004 3905 V:
1030 3867 1096 3921 qnos
1113 3852 1183 3908 ΑΒ)

132 3936 168 3990 20
184 3932 345 3989 debuissetis
368 3934 410 3988 Po
512 3936 546 3989 21
569 3936 715 4007 contrario]
733 3937 897 3990 econtrario
915 3937 959 3992 Ao
1060 3939 1254 4006 pereclitantee

133 4023 160 4077 A
189 4019 349 4090 periclitatis
367 4018 404 4074 1²¹
499 4020 534 4075 23
551 4021 719 4076 firmissimus
736 4024 764 4076 A
857 4021 892 4076 24
909 4022 941 4092 si]
961 4038 988 4076 se
1006 4022 1034 4077 P
1118 4026 1254 4083 nudentur

132 4109 160 4161 A
261 4105 297 4161 25
318 4103 497 4174 impedientur
518 4107 586 4162 AV:
614 4107 777 4177 impedietur
800 4107 842 4163 Po
943 4107 977 4162 26
1000 4106 1128 4163 sicaniam
1155 4110 1183 4166 V
1206 4128 1253 4183 ey·

133 4193 208 4248 sanie
224 4192 254 4249 1²
353 4191 499 4247 recidemus
516 4194 544 4246 A
