2760 4814
292 359 455 429 Exaerpta
472 377 509 415 er
528 376 598 430 opp.
616 363 643 415 S.
660 362 850 431 Augustini
871 361 1000 419 cccxn.
1130 366 1211 433 1001

77 551 289 615 remetiatur?
311 567 385 614 nam
407 554 439 615 et
463 569 624 616 mensurae
647 552 772 615 nomine
794 553 900 633 ipsum
922 551 1073 618 iudicium
1095 554 1213 636 signifi·

76 656 184 718 netum
208 652 353 717 arbitror.
377 652 464 718 nullo
486 654 578 717 modo
602 654 678 719 deus
704 655 752 719 uel
771 656 888 719 temere
902 654 1021 720 iudicat
1037 657 1089 721 uel
1104 656 1213 739 iniqua

76 774 224 821 mensura
262 754 409 837 cuiquam
443 756 596 838 rependit,
636 757 689 821 sed
730 757 787 822 hoo
820 757 939 821 dietum
973 764 1028 834 est,
1063 760 1212 842 quoniam

76 860 247 939 temeritas,
272 876 334 940 qua
355 860 447 942 punis
470 859 577 937 alium,
602 861 711 924 eadem
733 860 802 944 ipsa
823 862 855 923 to
877 862 985 943 puniat
1004 881 1130 928 neeesse
1154 868 1211 929 est.

52 962 141 1026 enisi
163 961 244 1026 forte
267 964 483 1029 arbitrandum
506 964 564 1041 est,
589 963 670 1045 qnod
693 962 844 1045 iniquitas
862 965 892 1027 ei
914 968 1023 1030 neoeat
1045 966 1162 1048 aliquid
1178 965 1213 1030 in

76 1085 171 1149 quem
193 1065 341 1149 procedit,
365 1068 394 1131 ei
417 1070 523 1131 autem
545 1067 658 1132 nihile
674 1067 897 1150 quoprooedit.
922 1068 1019 1132 immo
1034 1086 1107 1133 nero
1122 1086 1213 1151 saepe

75 1169 156 1235 nihil
179 1173 270 1235 nooet
292 1170 321 1234 ei
343 1169 398 1252 qui
421 1171 541 1251 patitur
564 1169 720 1246 iniuriam,
745 1171 774 1235 ei
796 1174 903 1235 autem
919 1172 974 1252 qui
996 1170 1072 1236 feeit
1086 1188 1212 1236 neeesse

75 1277 126 1338 est
158 1275 194 1337 ut
217 1276 333 1337 nocem.
372 1272 448 1355 qnid
478 1274 561 1337 enim
584 1273 692 1337 noouit
717 1272 910 1355 martyribus
932 1273 1084 1357 iniquitas
1106 1292 1211 1357 perse·

75 1375 267 1459 quentinm?
302 1376 379 1458 ipsis
413 1375 667 1459 persecutoribus
689 1376 873 1458 plurimum,
908 1377 990 1459 qnia,
1026 1376 1084 1441 etsi
1113 1376 1211 1458 aliqui

39 1502 65 1543 ιο
76 1496 184 1545 eorum
213 1480 341 1545 eorreeti
371 1479 454 1558 sunt,
485 1497 521 1544 eo
544 1482 651 1543 tamen
674 1479 836 1562 tempore,¹
849 1497 910 1561 quo
932 1478 1210 1562 persequebantur,

75 1582 263 1647 exonerabat
291 1581 363 1646 illos
386 1582 510 1647 malitia
533 1582 670 1649 illorum.
707 1583 754 1647 sio
777 1586 809 1647 et
830 1584 1034 1647 temerarium
1056 1582 1211 1647 iuditium

74 1687 261 1769 plerumque
293 1684 370 1750 nihil
401 1689 490 1749 nooet
522 1686 550 1748 ei
580 1688 617 1750 de
641 1703 701 1767 quo
723 1691 840 1750 temere
861 1685 1030 1769 iudicatur,
1054 1685 1212 1751 aientem

75 1787 130 1870 qni
153 1792 270 1853 temere
292 1788 411 1853 iudicat
435 1789 504 1870 ipsa
526 1788 688 1852 temeritas
712 1806 837 1853 neeesse
860 1790 908 1853 est
931 1791 968 1853 ut
989 1789 1109 1853 noceat.
1147 1787 1211 1853 ista

74 1893 186 1975 regula
209 1893 306 1956 etiam
336 1891 415 1957 illud
446 1891 565 1956 dictum
596 1892 747 1957 arbitror:
783 1893 927 1971 omnis,
959 1893 1024 1975 qui
1054 1909 1212 1974 pereus-

37 1997 173 2061 rsserit
197 1994 351 2077 gladie,
374 1994 508 2078 gladio
532 1995 733 2060 morietur.
765 2014 858 2076 quem
881 1996 975 2060 multi
998 1995 1083 2059 eninr
1105 1993 1211 2078 gladio

73 2101 260 2181 percutiunt
286 2117 343 2164 neo
358 2104 464 2163 tamen
481 2096 589 2181 gladio
604 2098 791 2174 moriuntur,
815 2099 896 2163 siout
911 2115 968 2163 nee
990 2095 1057 2181 ipse
1072 2096 1211 2162 Petrus?

74 2203 131 2268 sed
161 2221 200 2267 ne
225 2202 324 2267 istum
353 2202 445 2265 uenia
474 2204 671 2284 peecatorum
703 2200 798 2266 talem
826 2219 959 2282 poenam
982 2200 1117 2265 euasisse
1140 2202 1210 2283 quie

74 2309 227 2389 putet-
245 2323 435 2387 quamquam
459 2304 539 2368 nihil
561 2304 737 2383 absurdius,
761 2322 855 2386 quam
878 2307 914 2368 nt
937 2303 1086 2368 maiorem
1116 2306 1209 2384 putet

74 2408 176 2491 gladii
204 2425 337 2491 poenam
367 2426 432 2472 esse
463 2406 610 2488 potuisse,
641 2425 720 2489 qnae
749 2405 843 2471 Petro
873 2426 935 2472 non
964 2406 1088 2481 accidit,
1112 2423 1208 2487 quem

37 2513 188 2590 anamais,
213 2530 291 2594 quae
315 2512 429 2577 aooidit
448 2510 579 2593 -quid
604 2515 708 2575 tamen
731 2511 768 2575 de
791 2510 964 2575 latronibus
987 2508 1129 2574 dicturus
1151 2510 1210 2588 est,

75 2615 131 2697 qui
153 2633 224 2680 oum
249 2615 374 2680 domino
390 2613 529 2679 oruoiliri
544 2616 629 2691 sunt,
653 2614 727 2696 qnia
743 2618 774 2678 et
794 2613 849 2678 ille
871 2614 925 2695 qui
941 2613 1058 2677 meruit
1073 2613 1209 2689 ueniam,

75 2721 280 2802 posteaquam
303 2717 464 2784 crucifixus
487 2723 534 2781 est
556 2716 673 2782 meruit
694 2723 726 2782 et
747 2716 828 2782 alter
850 2717 977 2781 omnino
995 2735 1055 2781 non
1071 2715 1212 2781 meruit?

74 2842 114 2888 an
139 2821 220 2887 lorte
243 2839 359 2901 omnes,
383 2840 459 2904 quos
482 2821 668 2899 occiderant,
685 2820 897 2887 erucifixerunt
913 2824 945 2884 et
966 2825 1131 2903 propterea
1152 2818 1211 2883 hoo

74 2927 174 2991 etiam
203 2924 263 3007 ipsi
294 2925 362 3008 pati
392 2924 595 2989 meruemnt?
629 2924 796 2991 ridiculum
828 2928 874 2988 est
896 2922 955 2987 hoe
987 2926 1105 3004 putare.
1137 2921 1212 3003 quid

37 3047 149 3113 ssergo
179 3028 268 3094 aliud
291 3028 411 3093 dictum
434 3033 497 3092 est:
519 3027 647 3091 omnis
670 3027 787 3104 enim,
811 3026 874 3109 qui
899 3025 1034 3109 gladio
1057 3043 1211 3108 pereus-

76 3133 195 3208 serit,
230 3131 371 3215 gladio
406 3131 614 3212 morietur,
649 3130 710 3194 nisi
744 3130 819 3212 quia
851 3130 918 3212 ipso
946 3133 1071 3211 peceato
1105 3128 1212 3193 anima

75 3235 222 3312 moritur,
246 3235 462 3317 quodcumque
485 3235 699 3298 commiserit?

119 3356 160 3420 Et
190 3355 337 3440 quoniam
367 3357 405 3420 de
436 3354 602 3419 temerario
633 3357 664 3418 et
686 3354 793 3435 iniquo
824 3352 939 3416 indicio
970 3369 1026 3416 nos
1056 3353 1113 3416 hoo
1142 3353 1210 3417 loeo

73 3460 219 3527 dominus
250 3462 420 3524 monet-
444 3460 517 3523 uult
546 3458 643 3537 enim,
667 3461 701 3522 ut
725 3456 864 3539 simplici
886 3455 978 3521 oorde
1001 3456 1031 3519 et
1054 3454 1087 3517 in
1111 3472 1209 3519 unum

181 3698 214 3753 14
231 3700 270 3765 (et
287 3697 332 3763 25)
351 3696 451 3753 Matth.
469 3696 513 3760 26,
530 3696 565 3749 52
668 3696 701 3748 21
721 3696 754 3751 cf.
774 3694 838 3748 Luc.
856 3692 899 3757 2³,
916 3692 1016 3762 33sqq.

129 3921 142 3974 l
169 3920 327 3973 remetiatur
352 3918 446 3975 GPV:
478 3919 637 3973 remetietur
660 3934 679 3971 u
782 3918 799 3970 6
823 3917 845 3970 ei
865 3913 1120 3984 autem-procedit
1143 3914 1211 3969 PV:

74 4006 173 4063 omi
271 4021 357 4075 aquo
376 4006 426 4059 P¹:
454 4004 528 4059 aliud
548 4005 618 4059 ΡΨ
712 4004 814 4072 dipsis
834 4004 866 4057 V:
893 4003 959 4072 ipsis
977 4006 1069 4056 autem
1089 4000 1145 4056 (r'P

76 4111 108 4164 11
128 4108 238 4163 illorum
260 4107 297 4161 V:
323 4124 415 4162 eorum
436 4107 491 4162 GP
578 4109 609 4161 li
629 4108 735 4161 ueniam
754 4107 782 4159 P
874 4106 905 4160 18
923 4107 1050 4160 maiorem
1069 4108 1164 4189 putent
1183 4108 1212 4167 (u

75 4212 216 4275 ded.m.2)
230 4211 257 4265 P
345 4211 377 4265 19
395 4210 479 4278 gladii
497 4211 534 4265 V:
561 4210 694 4280 gladioP
777 4208 1006 4279 2‘2postquamP
1091 4206 1126 4259 23
1143 4205 1211 4259 eooi-

75 4302 155 4353 derat
173 4298 201 4353 P
284 4298 473 4351 crucifixerunt
491 4298 520 4352 P
608 4297 776 4350 armentur
797 4296 834 4349 V:
863 4292 1036 4349 morieturP
