2760 4814
263 333 427 402 Excerpts
444 348 478 387 er
496 348 566 403 opp.
584 334 610 387 S.
629 333 817 403 Augustini
840 333 997 391 CCLXXII.
1132 336 1196 403 863

111 520 239 601 Quando
262 527 368 588 autem
388 542 424 588 or
439 522 554 587 eisdem
568 523 740 605 scripturae
756 522 860 588 uerbis
875 542 936 588 non
951 542 1049 590 unum
1064 523 1193 606 aliquid,

64 626 121 690 sed
144 626 204 690 duo
228 628 279 690 uel
301 626 393 711 plura
408 627 595 703 sentiuntur,
618 626 715 691 etiarn
736 625 764 692 si
786 627 866 691 latet
889 627 964 709 quid
987 626 1119 692 senserit
1140 626 1195 692 ille

64 729 119 811 qui
130 727 264 811 scripsit,
281 728 362 793 nihil
376 729 507 812 periculi
520 731 578 807 est,
594 731 620 794 si
631 728 792 811 quodlibet
807 747 915 794 eorum
930 748 1094 813 congruere
1109 728 1195 795 neri-

63 831 126 896 tati
160 849 196 897 er
228 831 298 897 aliis
330 832 405 897 loeis
438 834 620 898 sanctarum
641 833 865 914 scripturarum
895 834 996 900 doceri
1018 834 1130 916 potest,
1159 833 1193 898 id

34 935 171 998 0101000
202 951 236 999 00
262 936 395 1000 conante
424 936 478 1017 qui
500 936 607 1000 diuina
628 938 786 1002 scrutatur
807 935 937 1018 eloquia,
962 937 998 1000 ut
1019 937 1059 1001 ad
1082 936 1192 1001 uolun-

61 1040 163 1103 tetem
185 1039 385 1121 perueniatnr
407 1040 552 1116 auctoris,
574 1058 631 1121 per
653 1058 745 1121 quem
760 1040 945 1122 scripturam
961 1039 1050 1104 illam
1065 1044 1191 1104 sanctus

61 1143 207 1222 operatus
230 1147 280 1206 est
300 1140 437 1225 spiritus,
470 1141 539 1207 sine
572 1142 631 1208 hoc
653 1144 836 1225 assequatur
857 1142 924 1207 siue
947 1142 1044 1207 aliam
1066 1145 1191 1206 senten·

60 1244 141 1309 tiam
156 1246 193 1310 de
207 1243 273 1309 illis
287 1244 403 1328 uerbis,
425 1263 504 1327 quae
518 1244 592 1311 fidei
606 1248 708 1310 rectae
730 1264 791 1311 non
812 1246 999 1330 refragatur,
1021 1242 1190 1328 exsculpat,

58 1346 277 1412 testimonium
304 1347 420 1413 hebeno
443 1368 462 1412 a
483 1367 675 1431 quocumque
697 1350 759 1415 alio
781 1351 847 1415 loco
870 1348 1047 1415 diuinorum
1062 1347 1189 1432 ‚oloqui-

22 1472 50 1512 ιο
59 1469 161 1516 orum.
204 1449 260 1516 ille
290 1450 404 1535 quippe
433 1453 541 1517 auctor
569 1453 602 1517 in
632 1451 749 1518 eisdem
772 1453 885 1530 uerbis,
908 1471 987 1535 quae
1009 1452 1190 1536 intellegere

59 1555 215 1632 uolumus,
250 1559 281 1618 et
313 1555 414 1636 ipsam
450 1555 640 1621 sententiam
670 1555 801 1622 forsitan
832 1556 923 1634 uidit,
958 1559 990 1620 et
1026 1561 1110 1622 certe
1139 1554 1190 1620 dei

56 1656 198 1741 spiritus,
229 1656 285 1739 qui
313 1676 367 1741 per
397 1676 469 1723 eum
491 1658 570 1723 haec
592 1661 736 1742 operatus
758 1663 816 1737 est,
840 1659 937 1724 etiam
959 1659 1060 1741 ipsam
1082 1677 1189 1724 oecur-

56 1776 166 1824 euram
195 1760 305 1825 lectori
331 1762 384 1825 uel
413 1760 548 1826 auditori
578 1762 646 1827 siue
677 1760 873 1828 dubitatione
902 1762 1068 1845 praeridit,
1092 1762 1188 1827 immo

56 1865 93 1927 ut
116 1864 302 1942 occurreret,
323 1863 397 1946 quia
419 1867 451 1928 et
472 1864 542 1947 ipsa
563 1871 610 1929 est
631 1864 766 1930 ueritate
782 1864 923 1942 subnixa,
940 1864 1089 1947 prouidit.
1113 1883 1188 1930 narn

26 1963 133 2049 equid
164 1965 199 2030 in
226 1965 341 2032 diuinis
371 1966 503 2049 eloquiis
532 1968 652 2053 largius
685 1972 717 2032 ot
745 1969 871 2034 uberius
901 1969 1004 2052 potuit
1033 1966 1186 2033 diuinitus

54 2067 224 2152 prouideri,
251 2088 345 2152 quarn
363 2074 399 2134 ut
413 2069 521 2134 eadem
543 2072 641 2137 uerba
661 2070 805 2153 pluribus
827 2070 1052 2153 intellegantur
1073 2070 1185 2151 modis,

54 2189 133 2255 quos
156 2171 219 2236 alia
241 2191 302 2237 non
325 2172 428 2238 minus
450 2173 559 2238 diuina
581 2174 789 2240 contestantia
811 2174 927 2239 faciant
949 2171 1135 2255 approbari?

96 2290 162 2357 Vbi
184 2297 290 2359 autem
313 2293 386 2358 talis
408 2311 518 2358 sensus
541 2294 671 2378 eruitur,
694 2296 781 2360 cuius
804 2296 961 2361 incertum
983 2293 1078 2359 certis
1094 2310 1184 2358 sanc-
1299 2342 1301 2347 r

53 2402 162 2462 tarum
192 2397 418 2479 seripturarum
447 2397 637 2463 testimoniis
661 2416 722 2462 non
749 2397 849 2479 possit
870 2397 992 2481 aperiri,
1017 2397 1124 2478 rarat,
1148 2398 1185 2461 ut

20 2498 176 2564 oratione
198 2498 321 2565 reddita
342 2500 527 2566 manifestus
550 2502 709 2583 appareat,
734 2501 830 2567 etiam
853 2499 880 2566 si
902 2500 958 2566 ille
981 2500 1070 2565 cuius
1086 2500 1184 2564 uerba

47 2601 238 2685 intellegere
255 2603 434 2684 quaerimus
457 2622 528 2668 eum
550 2603 631 2669 forte
653 2622 713 2669 non
737 2605 847 2670 sensit.
881 2605 934 2670 sod
956 2605 1033 2669 haec
1055 2620 1183 2669 consue-

46 2706 128 2771 tudo
152 2705 325 2786 periculosa
347 2707 411 2784 ost3
438 2725 493 2790 per
515 2707 685 2791 scripturas
708 2707 792 2772 enim
815 2707 937 2773 diuinae
959 2706 1059 2774 multo
1082 2705 1182 2773 tutius

44 2807 244 2875 ambulatur.
281 2826 358 2891 quas
390 2807 491 2874 uerbis
522 2809 686 2875 mansistis
708 2812 853 2892 opacatas
876 2830 948 2876 oum
970 2809 1104 2876 scrutari
1127 2826 1182 2873 uo·

43 2912 169 2991 lnmus,
200 2913 255 2977 aut
283 2913 341 2977 hoc
370 2913 443 2978 inde
473 2915 561 2978 creat
590 2916 672 2996 quod
701 2931 762 2978 non
792 2913 904 2979 habeat
927 2913 1181 2987 controuersiam,

10 3019 117 3092 t'ecerat
151 3014 180 3079 si
212 3015 314 3094 habet,
348 3035 384 3081 er
406 3018 513 3082 eadem
543 3018 696 3099 scripture
724 3016 912 3099 ubicumque
942 3019 1008 3083 eius
1041 3014 1181 3081 inuentis

41 3120 146 3201 atque
169 3118 321 3184 adhibitis
344 3119 476 3185 testibus
498 3121 693 3186 terminetur.

105 3408 118 3460 l
143 3406 254 3472 Quando
277 3408 366 3460 autem
388 3423 474 3476 usquc
496 3408 534 3462 od
555 3410 638 3475 tinem
660 3409 759 3477 capitis
782 3408 906 3463 00100001
929 3407 997 3474 MV,
1028 3407 1128 3463 desunt
1148 3408 1180 3462 ic

43 3510 123 3565 GPu
229 3509 260 3563 17
287 3509 380 3564 diuina
410 3510 447 3563 V:
482 3508 547 3565 dina
572 3511 607 3564 Μ
712 3510 747 3564 22
773 3511 862 3565 tutius
894 3510 930 3564 V:
966 3510 1050 3565 totius
1075 3510 1112 3564 M

37 3611 83 3669 23
101 3616 275 3683 opacatasc:
305 3613 426 3681 operatis
443 3613 508 3667 MV
607 3614 715 3669 250100
733 3613 809 3668 MV:
840 3629 890 3669 cos.
908 3631 927 3667 c
