2760 4814
207 296 275 365 δα)
425 308 427 313 ’
695 296 859 366 Eugippii

208 483 271 551 -bee
300 483 548 568 intellegendum
577 486 706 552 illarum
726 488 821 552 etiem
845 487 972 553 nomina
1002 486 1196 554 feminarum.
1232 486 1342 553 dieunt

212 588 296 653 enim
320 588 401 669 qnod
424 587 481 651 Lia
503 587 725 670 interpretatur
745 588 940 673 „leberans“‚
962 590 1080 657 Raobel
1094 591 1200 656 antem
1217 591 1341 676 „uiuum

211 690 418 772 prineipium“
443 692 509 755 siue
535 693 694 776 „uerbum
718 712 753 757 ex
776 709 836 774 quo
858 691 983 756 uidetur
1001 692 1220 775 prineipinm“.
1258 692 1341 758 aetio

212 811 285 875 ergo
309 793 463 858 humanae
486 794 689 877 mortalisque
711 797 806 872 uites,
830 797 940 877 inqua
963 797 1098 861 uiuimus
1114 815 1150 860 er
1165 795 1225 860 fide
1240 797 1343 861 multe

212 896 367 961 laboriosa
389 914 479 979 opera
502 897 663 975 facientes,
687 896 798 965 incerti
814 916 874 980 quo
890 900 973 964 exitu
987 899 1171 982 proueniant
1190 896 1228 962 ad
1252 899 1341 963 utili·
1362 917 1376 960 r

212 1002 311 1065 tatem
342 1016 448 1064 eorum
479 1001 591 1084 quibus
622 1001 781 1066 consulere
805 1001 961 1083 uolumus,
998 1002 1066 1083 ipsa
1087 1005 1135 1066 est
1156 1001 1222 1080 Lie,
1257 1001 1342 1082 prior

212 1121 288 1168 uror
311 1100 420 1184 latob3
445 1121 481 1168 ae
502 1122 558 1188 per
573 1104 630 1169 hoo
648 1105 680 1169 et
694 1102 827 1169 infirmis
844 1104 940 1169 oeulis
955 1104 1050 1169 fuisse
1067 1105 1342 1178 commemoratum

213 1207 484 1291 cogitationes
507 1207 608 1272 enim
631 1207 863 1273 mortalium
894 1208 1073 1291 timidae,
1105 1211 1141 1272 et
1162 1207 1344 1273 insertae

212 1308 493 1393 prouidentiae
513 1311 686 1376 nestrae.
716 1328 787 1391 spes
808 1328 882 1377 uero
905 1313 1049 1377 aeternae
1071 1310 1344 1392 eontemplat‘ronis

211 1413 262 1479 dei
299 1411 416 1478 babens
452 1417 569 1478 emtam
599 1414 634 1479 et
664 1412 879 1479 delectabilem
911 1412 1161 1497 intellegentiam
1191 1414 1366 1493 ueritatis,1

212 1514 284 1598 ipsa
312 1517 359 1582 est
387 1515 529 1581 Rachel:
551 1517 632 1583 unde
659 1516 754 1583 etinnr
782 1516 899 1583 dieitm
931 1515 1012 1583 bona
1044 1515 1124 1583 faeie
1153 1520 1185 1584 et
1213 1517 1347 1602 pulehra

210 1616 326 1700 speeie.

256 1738 347 1805 Hane
366 1739 453 1804 enim
474 1740 562 1805 amat
583 1739 684 1805 omnio
705 1740 756 1823 pie
776 1740 935 1806 studiosus
950 1741 983 1804 et
998 1742 1122 1823 prepter
1143 1741 1224 1806 bane
1244 1741 1347 1806 seruit

212 1844 333 1926 gratiae
355 1842 417 1920 dei,
441 1861 504 1925 qua
523 1843 651 1926 peoeatu
667 1846 785 1923 nostra,
809 1842 871 1908 etsi
892 1843 1010 1909 inerint
1033 1845 1115 1910 sieut
1134 1842 1346 1926 phoenicium,

216 1945 378 2028 tamqnam
408 1947 459 2010 nix
486 1946 680 2012 dealbantur.
718 1947 826 2013 Laberi
853 1946 968 2030 qnippe
991 1947 1217 2029 interpretatur
1241 1946 1377 2028 „deal-r

215 2048 341 2133 batie“;
377 2052 427 2114 eui
460 2049 594 2115 seruiuit
616 2049 708 2115 Iaeub
741 2051 870 2134 propter
898 2048 1025 2115 Raobel.
1063 2068 1162 2132 neque
1195 2050 1280 2114 enim
1313 2069 1348 2114 se

215 2153 347 2236 quisque
376 2155 532 2220 eonnertit
560 2153 619 2220 sub
649 2153 752 2238 gratia
781 2154 973 2218 remissionis
1002 2158 1201 2236 pennatorum
1228 2151 1349 2218 seruire

215 2257 368 2342 iustitiae,
400 2257 461 2323 nisi
484 2259 519 2322 ut
541 2256 647 2339 quiete
669 2257 758 2323 uiuat
779 2255 812 2322 in
834 2257 938 2335 uerbo,
969 2273 1005 2321 ex
1027 2275 1088 2339 qno
1109 2257 1235 2322 uidetur
1256 2256 1348 2338 prin·

215 2359 351 2442 oipium;
375 2360 457 2442 qnod
477 2364 528 2426 est
545 2359 630 2427 deus.
652 2377 725 2442 erge
741 2363 866 2442 prepter
880 2359 1004 2438 Baebel,
1028 2377 1089 2425 non
1104 2359 1231 2442 propter
1243 2358 1348 2426 Lirin.

218 2480 291 2529 nam
325 2465 396 2545 quis
433 2463 561 2531 tandem
596 2464 749 2529 amanam
785 2464 818 2531 in
851 2463 995 2546 operibns
1032 2463 1170 2529 institiae
1206 2459 1348 2529 labereta

216 2565 376 2633 antimum
399 2571 494 2650 atque
516 2565 723 2650 passionum?
746 2568 815 2649 quio
836 2585 907 2633 eam
922 2566 1024 2633 uitam
1045 2567 1172 2650 propter
1191 2583 1226 2633 se
1246 2566 1349 2649 ipson

215 2667 424 2750 orpotiuerita
445 2670 529 2737 aient
550 2688 608 2736 nee
625 2667 720 2736 Iaoob
743 2670 843 2749 biam,
868 2671 922 2736 sed
945 2675 1053 2738 tamen
1075 2669 1137 2737 sibi
1159 2669 1250 2736 neoto
1272 2687 1348 2750 sup·

216 2773 350 2854 positam
379 2772 413 2836 in
448 2791 539 2840 usum
572 2773 743 2856 generandi
777 2774 937 2856 amplexus
967 2778 999 2840 et
1028 2773 1254 2841 rotunditatem
1281 2773 1349 2839 eius

213 2874 359 2956 expertus
382 2878 440 2941 est.
477 2874 620 2943 dommus
644 2876 727 2942 enirn
750 2893 828 2954 mm,
855 2877 930 2959 qula
951 2894 1004 2959 per
1024 2893 1059 2942 se
1081 2876 1150 2958 ipsu
1171 2873 1265 2956 diligi
1287 2891 1349 2941 non

215 2979 349 3061 poterat,
372 2980 471 3061 primo
495 2982 531 3045 ut
545 2981 586 3047 ad
599 2978 717 3049 Raubel
740 2979 957 3063 perueniretnr
978 2979 1104 3046 tolerari
1126 2977 1212 3058 feeit,
1236 2976 1348 3045 toute
1364 3006 1372 3023 .

217 3086 345 3165 propter
374 3082 455 3147 filios
486 3083 727 3150 commendauit.
764 3084 812 3148 ita
841 3101 914 3149 nero
944 3081 1153 3165 unusquisque
1183 3079 1276 3146 utilis
1300 3082 1350 3147 dei

319 3288 337 3342 8
362 3289 421 3357 Sap.
446 3288 470 3352 9,
491 3287 523 3341 l4
629 3288 659 3341 11
684 3286 718 3340 cs.
737 3285 804 3345 Gen.
828 3286 870 3352 29,
891 3286 922 3340 17
1028 3285 1061 3338 14
1084 3285 1118 3338 ef.
1137 3283 1179 3337 Ee.
1206 3284 1282 3348 1,18

220 3373 252 3426 16
270 3372 303 3429 el.
323 3371 387 3429 Gen.
407 3373 448 3438 29,
467 3371 502 3427 30

270 3543 284 3598 1
304 3542 379 3596 dicut
399 3543 424 3596 Τ
508 3542 733 3611 tmnrpretuur
744 3541 813 3599 Pro
839 3542 929 3611 interp
946 3541 976 3596 D
1063 3540 1197 3610 laborans]
1217 3540 1353 3596 loboriesa

219 3627 248 3682 P
347 3628 364 3682 4
388 3628 544 3684 hnmanae
647 3628 832 3696 mortalisque]
852 3627 1099 3695 mortalitatisque
1125 3627 1149 3681 T
1250 3628 1354 3695 buno

219 3714 339 3784 uenient]
358 3714 471 3783 proueni
489 3729 523 3768 on
540 3713 606 3769 MV
633 3714 798 3782 proueniunt
814 3712 854 3768 D*
958 3713 1127 3768 eoonrolore
1141 3712 1171 3767 D
1276 3713 1353 3768 8in·

219 3804 291 3855 certo
313 3799 398 3855 D¹Ve
503 3800 536 3853 13
561 3801 621 3868 pios
643 3800 683 3856 1)Ι
787 3803 877 3854 seruet
900 3799 939 3854 Ρι
1045 3799 1077 3855 14
1103 3798 1270 3867 phoenitium
1293 3797 1355 3854 Dr„

219 3886 377 3955 pboenieum
400 3887 425 3940 Τ
521 3886 555 3941 lb
572 3885 802 3941 dealbabunture
907 3885 939 3939 11
955 3884 1079 3954 quisque]
1098 3885 1237 3955 qusquam
1256 3885 1286 3940 P

220 3973 255 4027 18
273 3988 303 4027 er
320 3973 382 4042 quo]
401 3977 428 4026 et
445 3972 516 4042 quod
536 3972 563 4026 T
650 3973 684 4031 21
703 3974 813 4028 astionu
832 3977 880 4039 (nu
895 3987 916 4027 α
932 3972 1048 4027 m.2io
1065 3975 1131 4038 roo.)
1149 3971 1180 4026 11
1266 3972 1357 4027 uitem

216 4073 272 4114 om.
290 4059 318 4114 P
417 4060 504 4128 ipsum
526 4059 560 4112 Τ1
664 4060 698 4114 22
715 4061 754 4115 lia
771 4059 801 4115 D
900 4058 1066 4126 subpositum
1083 4057 1144 4113 DV
1244 4058 1280 4114 23
1298 4058 1357 4114 ἰαθ-

219 4145 386 4201 unalitatem
408 4145 433 4199 V
529 4146 564 4200 24
581 4161 627 4214 per
644 4145 686 4199 D*
703 4147 734 4200 its
751 4161 807 4201 roo.
903 4145 988 4213 ipsam
1005 4143 1079 4199 DPe
1176 4144 1211 4198 25
1227 4149 1360 4212 peteme

219 4231 261 4286 D¹
359 4237 549 4301 perueneratur
566 4231 678 4286 tolerare
696 4231 732 4285 P¹
