2760 4814
210 312 274 378 632
691 311 856 380 eugipprr

212 503 468 584 quemadmodum
498 502 551 568 ille
582 520 635 583 pro
667 502 753 566 nobis
786 500 923 565 animem
956 520 1045 565 snam
1077 501 1192 583 posuit,
1224 501 1274 567 sic
1307 505 1338 566 et

211 623 265 668 nos
288 623 343 687 pro
374 604 522 670 iratribus
549 605 662 669 nostris
684 604 806 669 animas
834 605 954 668 nostras
983 622 1134 685 ponamus
1169 609 1201 669 et
1231 605 1333 687 ipsum

210 709 314 790 deum,
337 709 482 789 quoniam
504 709 587 790 prior
611 707 721 770 dilexit
744 724 798 771 nos
822 711 853 769 et
875 704 940 769 filio
963 724 1018 770 suo
1034 705 1124 770 unice
1140 724 1202 772 non
1224 726 1335 791 peper-

209 811 262 887 cit,
285 809 338 874 sed
361 829 416 891 pro
438 809 527 874 nobis
555 809 698 874 omnibus
728 807 862 874 tradidit
892 827 972 886 enm,
1002 809 1030 872 si
1060 827 1165 873 amare
1194 809 1333 894 pigebat.

209 912 321 976 saltem
343 913 502 977 redamare
517 932 576 977 non
593 912 709 994 pigeat.
743 911 841 994 [nulla
856 918 902 975 est
919 911 1004 975 enlm
1026 911 1126 976 maior
1142 915 1181 978 ad
1197 930 1332 978 amorem
1351 936 1364 976 s

207 1014 354 1081 inuitatis
378 1034 472 1097 quam
493 1017 671 1099 praeuenire
693 1014 846 1098 amando]

647 1302 890 1398 CLXXXVII.

204 1498 250 1544 EX
273 1496 392 1542 EODEM
414 1496 516 1543 LIBRO
540 1498 585 1542 DE
607 1496 854 1544 CATECIZANDIS
877 1495 1033 1543 RVDIBVS.
1066 1496 1111 1541 VT
1134 1493 1334 1543 cnmsrlm

204 1598 424 1645 senonasrlcr
447 1597 674 1646 SOLOECISMOS
692 1600 907 1658 QVORVNDAM
925 1600 983 1646 PIE
1005 1599 1186 1646 TOLERENT
1208 1599 1335 1647 SAOER·

700 1703 830 1750 DOTVM·
1343 1714 1366 1755 ld

133 1814 196 1879 205
248 1819 306 1884 His
341 1840 411 1904 ergo
445 1822 498 1904 qui
535 1821 680 1904 loquendi
716 1829 782 1887 arte
819 1823 931 1887 ceteris
970 1821 1146 1887 hominibus
1184 1821 1335 1887 excellere

202 1923 359 2002 uidentur,
386 1944 456 1989 oum
479 1924 619 2003 ueniunt,
644 1930 679 1989 ut
701 1926 863 1990 christiani
886 1925 971 2000 liant,
996 1925 1052 1989 hoo
1075 1924 1212 2006 amplius
1236 1943 1334 2007 quam

204 2026 269 2090 illis
293 2027 475 2094 inlitteratis
496 2029 658 2112 impertire
682 2030 839 2107 debemus,
863 2032 942 2111 quod
960 2029 1067 2093 sedulo
1083 2028 1228 2094 monendi
1246 2033 1334 2105 sunt,

203 2132 239 2194 nt
261 2131 439 2197 humilitate
470 2132 572 2199 induti
598 2133 767 2198 christiana
799 2134 920 2198 discant
942 2152 1002 2197 non
1027 2121 1222 2197 contemnere
1254 2150 1333 2214 quos

203 2237 400 2319 cognouerint
424 2254 544 2300 morum
567 2236 647 2301 uitia
669 2255 762 2317 quem
785 2235 952 2301 uerborum
975 2234 1111 2317 amplius
1134 2235 1277 2299 deuitare
1301 2237 1369 2303 etrs

203 2337 288 2401 oordi
319 2342 403 2401 casto
432 2338 574 2421 lingnam
606 2341 808 2403 exercitatam
832 2357 870 2402 ne
893 2338 1032 2403 conferre
1058 2337 1203 2416 audeant,
1235 2355 1333 2419 quam

202 2440 298 2504 etiam
330 2440 485 2523 praeferre
522 2445 756 2505 consueuerant.
798 2442 931 2505 maxime
965 2442 1070 2506 autem
1108 2439 1163 2504 isti
1197 2438 1331 2504 docendi

201 2544 274 2606 sunt
290 2544 460 2625 scripturas
477 2543 599 2608 dininas
615 2544 732 2621 andire,
755 2563 792 2607 ne
808 2545 931 2609 sordeat
946 2543 990 2607 eis
1006 2543 1143 2607 solidum
1158 2542 1330 2624 eloquium,

200 2644 272 2726 quia
302 2664 360 2709 non
392 2652 439 2710 est
469 2646 623 2726 inflatum,
658 2667 757 2730 neque
783 2646 976 2712 arbitrentur
998 2645 1177 2712 carnalibus
1200 2644 1330 2728 integu-

200 2748 314 2812 mentis
344 2750 487 2813 inuoluta
515 2753 608 2833 atque
631 2753 739 2832 operta
760 2750 844 2817 diota
866 2752 917 2814 uel
940 2751 1022 2816 facta
1046 2750 1218 2827 hominum,
1251 2768 1367 2831 quaere

301 2931 314 2984 1
333 2930 369 2986 cf.
387 2931 401 2984 I
420 2931 459 2985 Io.
477 2933 502 2995 3,
524 2934 556 2986 16
648 2935 664 2987 3
683 2934 716 2987 cf.
736 2933 751 2988 I
769 2935 809 2988 Io.
829 2936 854 2999 4,
875 2935 907 2987 10
998 2936 1067 2990 ⁴iel.
1086 2935 1162 2989 Rom.
1179 2935 1204 3000 8,
1223 2935 1260 2989 32

251 3088 348 3175 lentini
371 3122 399 3176 A
501 3124 633 3195 3denm]
658 3125 796 3180 dominnm
824 3127 851 3180 P
951 3126 1115 3181 4omnibns
1139 3125 1217 3180 nobis
1240 3143 1258 3180 o

197 3206 315 3260 tradedit
332 3208 359 3260 A
444 3209 571 3263 5ssltIm
591 3211 634 3264 Po
718 3211 905 3265 rediamereA
991 3210 1226 3265 nune—emendo
1243 3210 1328 3264 GPo:

198 3307 248 3346 om.
271 3293 336 3347 AM
341 3294 367 3347 V
464 3295 563 3364 tcap.
582 3294 773 3353 CLXXXVIII
797 3298 824 3350 A
853 3296 919 3352 OCV
944 3299 971 3352 P
998 3297 1079 3352 dovr
1100 3297 1142 3351 Go
1243 3296 1326 3366 Sex]

196 3378 263 3432 item
276 3394 307 3432 ex
326 3380 369 3435 Po
464 3381 660 3437 catheciaandis
673 3383 764 3437 ΜΡΙ1
786 3384 982 3438 catechizandis
994 3386 1021 3437 A
1047 3382 1224 3438 catezizandis
1241 3398 1258 3436 c

196 3464 384 3520 christianiss
485 3468 502 3522 9
526 3468 659 3522 scolastici
677 3469 720 3522 Ao
751 3469 887 3524 scelestis·
905 3470 934 3525 P
1033 3469 1214 3538 soloecismos]
1238 3469 1280 3524 1²²
1296 3470 1328 3523 in

196 3564 266 3612 raa.;
293 3550 480 3606 soloechismos
497 3553 564 3608 MV
663 3554 790 3608 tollerent
811 3555 838 3610 V
935 3554 1083 3610 secerdotes
1101 3557 1129 3609 A
1231 3555 1266 3608 12
1284 3556 1326 3608 ui·

196 3633 322 3688 derantur
341 3636 368 3690 P
467 3640 578 3693 ueniant
595 3643 622 3695 o¹
722 3640 793 3695 fiunt
812 3642 850 3695 P¹
948 3642 1005 3712 hoc]
1025 3658 1075 3696 om.
1092 3644 1120 3696 A
1224 3641 1257 3696 13
1276 3643 1327 3696 im-

196 3720 293 3788 pertiri
310 3721 363 3775 P’o
466 3724 499 3778 14
517 3728 592 3797 quos]
611 3742 679 3794 quse
695 3726 750 3781 pe„
854 3728 886 3782 15
904 3743 1009 3783 morum
1028 3734 1083 3789 (um
1101 3745 1119 3781 a
1137 3729 1327 3796 mima.)

196 3805 224 3858 P
324 3805 440 3861 dialtnre
463 3809 501 3863 Ρι
604 3812 636 3864 16
660 3812 737 3865 corde
761 3813 804 3867 Po
906 3814 1039 3883 lidguam]
1065 3814 1194 3882 linguae
1225 3814 1253 3867 in
1272 3813 1326 3869 liu·

196 3906 277 3960 gnam
295 3892 334 3955 (irr
352 3891 417 3948 aoid.
435 3911 469 3948 m.
487 3898 515 3962 2)
540 3895 569 3950 P
667 3898 850 3968 exercilratam]
875 3903 903 3953 et
925 3900 1097 3954 exercitatam
1121 3900 1148 3952 A
1177 3901 1327 3955 exercitata

195 3977 409 4032 cexucitctcm
431 3982 471 4046 (er
491 3985 558 4046 ros.)
585 3981 613 4036 P
713 3984 756 4053 ne]
780 4000 827 4039 nec
850 3984 938 4039 APV
1035 3985 1125 4055 qnam]
1149 4001 1255 4055 quaec

196 4062 228 4116 l'l
245 4062 387 4135 praeferre]
404 4065 523 4135 proferre
541 4067 595 4121 P’o
687 4073 846 4124 consuerant
865 4071 902 4124 P¹
930 4076 1124 4125 consueuerant
1143 4072 1181 4126 Ρ1
1269 4089 1326 4127 mc·

194 4149 281 4204 rimas
308 4150 336 4204 A
440 4152 473 4206 18
497 4152 590 4207 audire
614 4152 720 4208 diuinas
743 4156 816 4212 APo
917 4156 1046 4228 solidum]
1070 4157 1254 4213 insolitumo

196 4235 228 4290 19
245 4236 434 4291 lntocumentis
451 4238 478 4290 A
580 4237 616 4292 20
632 4239 721 4310 atque]
739 4256 825 4297 cmc
927 4242 1007 4312 dicto]
1027 4258 1077 4301 om.
1095 4243 1134 4296 A¹
