2760 4814
329 533 498 603 Excerpta
516 547 553 588 er
569 547 639 602 opp.
656 532 686 587 S,
700 534 891 602 Augustini
912 534 990 590 VIII.
1008 534 1102 589 VIIII.
1243 537 1289 601 85

137 744 241 808 nsque
280 725 444 802 orientem,
478 726 656 790 seeundum·
685 723 766 806 qued
800 724 950 806 dieimue:
989 729 1037 790 tot
1076 726 1140 790 dies
1176 732 1282 791 trans·

138 832 266 911 ierunt3
307 846 377 894 eurn
407 829 474 893 euis
505 828 589 892 enirn
618 829 762 893 nostibus
793 827 940 893 dieantur
962 833 1011 892 tot
1031 829 1097 893 dies
1117 848 1174 894 neo
1195 833 1281 896 extra

140 936 336 1016 reputantur
356 932 461 1014 spatia
486 931 636 997 noctium.
677 931 822 1013 quoniam
845 949 919 1014 ergo
941 930 1007 996 dies
1031 931 1170 1014 expletur
1192 936 1281 998 motu

140 1037 218 1101 solis
251 1042 350 1119 atque
382 1036 516 1102 oirouitu
549 1034 588 1099 ab
622 1035 742 1099 oriente
775 1053 872 1116 usque
901 1034 940 1098 ad
973 1035 1134 1112 orientem,
1167 1055 1280 1119 quaero

121 1142 251 1204 sutrum
274 1146 382 1204 motus
405 1140 472 1221 ipse
494 1139 537 1202 sit
554 1139 620 1203 dies
641 1157 682 1203 an
697 1155 786 1202 mora
807 1137 885 1220 ipsa,
908 1141 1025 1220 quanta
1047 1139 1216 1221 peragitur,
1239 1157 1279 1205 au

142 1250 325 1324 utrumque.
362 1243 496 1307 sienim
519 1243 656 1324 primum
677 1241 745 1305 dies
768 1246 857 1322 esset,
881 1242 946 1307 dies
969 1258 1041 1322 ergo
1066 1248 1157 1317 esset,
1181 1243 1276 1309 etiam

140 1348 166 1411 si
189 1349 282 1410 tanto
298 1345 401 1428 spatio
424 1347 573 1427 temporis
588 1344 636 1409 eol
655 1362 782 1409 oursum
803 1343 897 1410 illum
919 1347 1100 1429 peregisset,
1124 1346 1279 1426 quantum

140 1455 189 1513 est
212 1449 309 1514 horae
332 1450 437 1514 unius.
469 1449 496 1513 si
519 1449 699 1523 seeundum,
723 1466 785 1513 non
801 1465 874 1531 ergo
891 1452 975 1513 esset
992 1448 1072 1525 dies,
1095 1447 1123 1512 si
1146 1449 1279 1512 abortu

138 1554 216 1616 solie
247 1553 402 1633 usquein
431 1553 533 1615 ortum
564 1550 700 1639 alterurn
728 1557 795 1617 tam
822 1551 927 1616 breuis
950 1569 1037 1616 mora
1059 1554 1152 1626 esset,
1184 1568 1277 1631 quarn

105 1659 189 1719 »ast
214 1653 311 1718 horae
333 1656 435 1732 nnius,
459 1656 514 1718 sed
536 1654 631 1718 uiolas
653 1658 684 1718 et
707 1656 816 1736 quater
838 1655 981 1720 airaui'ret
1008 1654 1056 1720 sol
1078 1657 1117 1717 ut
1142 1654 1279 1734 expleret

139 1758 235 1822 diem.
259 1757 288 1820 ai
308 1763 488 1838 utrumque,
519 1774 576 1821 neo
596 1757 652 1821 ille
675 1757 888 1839 appellaretur
909 1756 985 1836 dies,
1009 1758 1035 1821 si
1059 1756 1152 1823 horus
1175 1757 1276 1837 spatio

140 1861 187 1924 sol
210 1865 315 1924 totum
349 1878 442 1923 suurn
475 1877 587 1941 gyrum
621 1860 775 1942 airauiret
810 1879 866 1925 nee
894 1859 961 1938 ille,
992 1861 1029 1924 si.
1048 1859 1113 1924 sole
1136 1866 1278 1925 cessante

140 1969 269 2028 mutum
298 1964 448 2043 temporis
477 1964 667 2045 praeteriret,
696 1967 812 2045 quanto
840 1981 995 2047 peragere
1014 1963 1187 2029 saltatum
1208 1981 1277 2028 am·

141 2068 242 2132 bitum
267 2068 306 2131 de
327 2084 420 2130 mane
444 2066 480 2129 in
501 2084 597 2130 mane
631 2067 755 2130 assolet.
792 2083 854 2131 non
881 2068 989 2148 itaque
1016 2085 1097 2131 nuno
1126 2083 1275 2148 quaeram

105 2171 215 2251 aquid
238 2169 283 2233 sit
309 2167 391 2233 illud
419 2169 501 2250 quod
530 2173 661 2234 notatur
689 2170 764 2246 dies,
798 2170 854 2236 sed
883 2171 958 2252 quil
981 2170 1025 2234 sit
1042 2176 1179 2251 tempus,
1214 2187 1281 2252 quo-

139 2275 307 2338 metieutes
336 2272 411 2337 solis
434 2273 601 2337 circuitum
624 2272 799 2338 diaeremus
822 2292 894 2338 eum
917 2274 1046 2338 dimidio
1068 2275 1171 2353 spatio
1194 2276 1275 2337 tern-

139 2377 223 2460 poris
256 2381 421 2458 peractum
455 2377 559 2442 minus
592 2396 686 2458 quam
717 2377 806 2454 solet,
836 2377 862 2441 si
890 2381 977 2442 tanto
999 2377 1101 2458 spatio
1125 2379 1273 2458 temporie

138 2488 285 2562 peruetus
307 2482 400 2559 esset,
424 2485 539 2561 quanto
561 2483 753 2563 peraguntur
774 2480 869 2546 horae
893 2479 1072 2563 duodeuim3
1095 2484 1127 2545 et
1149 2483 1273 2544 utrum·

138 2603 198 2666 que
214 2587 343 2665 tempus
359 2585 574 2665 oomparantes
591 2584 762 2649 diceremus
778 2583 857 2648 illud
872 2583 1033 2664 simplum,
1056 2583 1115 2649 hoo
1131 2581 1273 2665 duplum,

106 2688 236 2754 »esiam
260 2688 288 2750 si
318 2687 485 2768 aliquando
514 2686 568 2752 illo
596 2688 720 2769 simplo,
750 2686 920 2769 aliquando
948 2687 1010 2766 istu
1041 2687 1135 2771 opple
1166 2688 1212 2771 apl
1230 2686 1273 2769 ab

138 2792 261 2857 omento
295 2808 393 2872 usque
416 2790 629 2869 adorientem
664 2791 819 2863 oirouiret.
857 2808 948 2855 nemo
980 2808 1053 2875 ergo
1083 2790 1164 2874 milii
1190 2789 1283 2855 dieat,

138 2894 325 2961 caelestium
352 2911 515 2976 corporum
543 2899 650 2959 motus
678 2913 741 2959 esse
771 2900 920 2976 ternpore,
953 2895 1027 2975 quia
1046 2895 1092 2975 et,
1109 2893 1274 2959 ouiusdsm

137 3005 212 3064 noto
234 3016 309 3063 oum
331 2997 378 3062 eol
399 2998 539 3074 stetisset
561 3001 598 3062 ut
624 2997 827 3064 uictoriosum
856 2997 1010 3079 proelium
1032 2997 1202 3080 perageret,
1227 2995 1274 3060 sol

137 3101 259 3177 stabat,
283 3100 337 3164 sed
360 3102 484 3181 tempus
506 3101 580 3166 ibat.
619 3117 673 3182 per
700 3117 793 3164 suurn
815 3099 930 3182 quippe
950 3101 1090 3184 epatium
1113 3099 1273 3182 temporis,

105 3204 221 3288 squod
245 3205 274 3268 ei
295 3202 464 3281 sufficeret,
492 3202 549 3267 illa
577 3220 681 3285 pugna
708 3207 799 3284 gesta
822 3207 915 3287 atque
937 3205 1064 3286 peraeta
1087 3204 1144 3288 eat
1185 3201 1273 3268 uideo

138 3309 241 3392 igitur
263 3311 388 3388 tempus
410 3307 568 3388 quomdam
590 3323 656 3371 esse
671 3307 909 3389 distentionem
932 3307 987 3393 seul
1002 3305 1098 3393 uideo
1108 3324 1149 3389 an
1166 3305 1273 3371 uidere

138 3412 218 3478 mihi
243 3409 375 3474 uideor?
396 3413 434 3473 tu
454 3408 694 3490 demonstrabis,
723 3408 776 3487 lux
794 3406 959 3489 ,ueritatis
977 3408 1082 3481 ‚iubes
1105 3411 1142 3473 ut
1162 3427 1273 3492 appro·

139 3514 224 3594 bem,
253 3513 372 3595 equis
401 3514 485 3588 dieat
513 3517 638 3594 tempus
662 3531 728 3578 esse
751 3517 874 3603 motum
894 3511 1054 3597 eorporis?
1081 3529 1143 3578 non
1172 3511 1271 3596 iubes.

140 3635 216 3683 uum
245 3633 356 3698 eorpus
384 3617 508 3682 nullum
536 3617 598 3684 nisi
621 3617 654 3682 in
676 3619 816 3699 tempore
838 3615 959 3697 moueri
981 3617 1089 3701 audi03
1126 3620 1162 3683 tu
1184 3615 1272 3683 dion.

108 3722 245 3802 »ipsum
279 3722 386 3786 autem
420 3719 557 3803 eorporis
585 3723 709 3795 motum
738 3724 863 3804 tempus
890 3737 961 3803 esee
982 3736 1045 3796 ,non
1066 3718 1187 3805 audiop
1211 3737 1273 3785 uon

140 3830 176 3887 tu
199 3824 289 3887 diois.
326 3841 398 3889 oum
420 3824 505 3889 enirn
528 3826 673 3889 mouetur
690 3840 809 3904 eorpus,
832 3826 970 3906 tempore
994 3822 1107 3888 metior
1125 3821 1273 3905 quamdiu

142 3938 314 4002 moueatur,
348 3945 385 3991 ex
417 3944 477 4009 quo
510 3929 630 3992 moueri
662 3926 774 4007 insipit
807 3926 903 3994 donee
938 3928 1069 3992 desinat.
1108 3932 1140 3991 et
1162 3928 1188 3990 si
1211 3943 1273 3990 non

244 4110 280 4166 22
302 4110 523 4178 et.lss.10,1a

197 4301 210 4354 1
238 4312 323 4368 usque
350 4300 378 4352 in
405 4297 443 4354 Μ
540 4272 687 4362 trs'slsrunu
715 4303 754 4373 V;
782 4319 800 4357 n
824 4317 842 4354 o
864 4302 940 4355 Μ
1042 4300 1061 4354 8
1084 4303 1149 4354 ortu
1176 4299 1213 4355 γε
1243 4303 1274 4353 tu

146 4383 181 4437 Π
279 4387 311 4439 ll
335 4384 537 4455 appellarentur
555 4385 593 4441 Μ
690 4396 724 4456 16
748 4387 865 4449 circuitu
889 4385 957 4440 m
1056 4386 1091 4441 18
1116 4390 1217 4455 quanto
1241 4401 1274 4474 a:

146 4475 275 4539 quntum
292 4470 358 4526 MV
459 4472 491 4524 19
508 4471 583 4525 illum
599 4476 663 4544 My
714 4515 718 4529 .
766 4480 800 4538 31
820 4474 918 4532 metior
935 4491 971 4535 o:
997 4473 1094 4532 metior
1111 4471 1175 4528 MV
