2760 4814
137 216 198 294 726
616 221 776 296 Eugippii

134 424 239 490 omnia
260 443 316 507 per
337 424 449 501 filium,
473 421 579 487 eadem
602 433 656 497 per
671 417 792 499 patrem
809 437 888 500 quae
902 437 957 501 per
978 419 1089 486 filium.
1121 423 1263 506 aequalis

134 545 206 613 ergo
238 528 322 612 patri
354 529 402 593 est
433 524 517 591 filius
547 523 579 587 et
607 520 824 605 inseparabilis
857 523 995 605 operatio
1024 527 1072 589 est
1102 526 1205 608 patris
1232 528 1263 592 et

133 628 200 713 lilii,
224 629 305 713 quia,
328 631 355 695 si
377 628 428 696 uel
450 627 551 692 tilium
573 624 647 690 feeit
662 626 759 709 pater,
783 643 876 706 quem
899 642 960 691 non
986 625 1064 692 ieoit
1085 627 1152 711 ipse
1167 627 1259 707 tilius,

133 751 194 799 nou
224 733 331 799 omnia
351 751 408 815 per
437 731 536 796 filium
563 728 646 793 faeta
667 731 758 812 sunt;
792 728 826 792 at
848 727 953 792 omnia
974 747 1030 812 per
1051 729 1153 796 filium
1176 731 1261 798 saeta

133 840 223 901 suut:
247 837 314 919 ipse
336 835 436 920 igitur
457 831 559 898 iaetus
580 848 641 895 uon
664 832 720 908 est,
742 832 778 894 ut
801 848 870 895 cum
893 834 982 913 patre
1004 831 1122 899 faceret
1144 835 1287 918 omniuo

133 957 211 1020 quae
234 937 318 1004 faeta
346 939 428 1003 sunt.
467 950 657 1018 qumquam
679 950 738 998 neo
759 934 798 998 ab
819 932 887 1018 ipso
910 933 1002 1000 uerbo
1025 938 1162 1002 tacuerit
1186 954 1259 1022 apo-

132 1041 229 1107 stolos
251 1043 284 1107 et
305 1037 498 1125 aperissme
530 1037 656 1102 omuino
689 1026 820 1101 dixerit}
853 1037 920 1120 qui
950 1055 1032 1103 oum
1064 1039 1103 1103 in
1134 1038 1259 1106 forma

133 1146 194 1211 dei
223 1146 341 1225 esset,
372 1161 448 1210 non
478 1139 654 1223 rapinam
676 1137 904 1205 arbitratus
926 1142 988 1204 est
1010 1159 1095 1207 esse
1118 1160 1256 1225 aequa-

131 1248 182 1314 lis
216 1247 304 1327 deo,
338 1247 388 1312 hio
420 1248 514 1311 deum
547 1243 670 1328 proprie
702 1247 824 1327 patrem
852 1243 1025 1326 appellans,
1059 1247 1142 1311 siout
1163 1245 1256 1313 alibi:

133 1351 248 1434 caput
269 1349 400 1414 autem
423 1346 580 1412 Christi
603 1346 694 1411 deus
717 1348 787 1410 est.
1264 1376 1285 1416 u

175 1451 328 1519 Similiter
350 1450 441 1516 etde
463 1449 576 1533 spiritu
598 1449 705 1514 sancto
724 1447 854 1513 oollecta
875 1449 951 1514 sunt
973 1448 1163 1529 testimonia,
1187 1451 1256 1534 qui·

131 1557 189 1621 bus
218 1558 290 1619 ante
320 1570 374 1618 nos
404 1553 457 1636 qui
486 1552 561 1617 haee
592 1551 833 1635 disputauerunt
856 1551 1068 1618 abuudantius
1098 1553 1148 1618 usi
1171 1555 1254 1634 sunt,

131 1658 204 1739 quia
226 1656 347 1737 etipse
370 1656 455 1735 deus,
478 1657 511 1719 et
532 1673 594 1720 nou
617 1660 770 1720 ereatura.
802 1655 882 1737 quod
898 1655 926 1718 si
942 1673 1002 1720 non
1018 1658 1170 1742 ereatura,
1194 1675 1254 1723 nou

132 1763 257 1827 tantum
272 1764 477 1825 deus—nam
491 1760 524 1824 et
539 1758 679 1823 homiues
695 1757 770 1824 dicti
785 1761 859 1824 sunt
873 1759 915 1823 dii
927 1760 1033 1824 -sed
1049 1759 1146 1825 etiam
1161 1779 1253 1826 uerus

131 1862 216 1930 deus.
247 1881 319 1945 ergo
341 1863 426 1944 patri
444 1864 476 1927 et
497 1861 561 1926 tilio
584 1879 709 1945 prorsus
733 1863 870 1945 aequalis
894 1864 981 1928 etin
1003 1863 1159 1929 trinitatis
1182 1863 1283 1930 uni-u

130 1968 196 2031 tate
230 1963 505 2031 consubstantialis
535 1965 567 2030 et
597 1966 788 2031 coaeternus.
828 1964 964 2031 maxime
993 1983 1066 2031 uero
1099 1966 1156 2032 illo
1186 1966 1252 2033 loeo

23 2069 25 2074 '
130 2069 205 2133 satie
228 2067 335 2144 claret,
367 2071 447 2152 quod
470 2066 599 2151 spiritus
621 2068 747 2133 sanctus
769 2070 894 2134 nonsit
917 2074 1068 2149 ereatura,
1091 2070 1145 2136 ubi
1168 2072 1252 2138 iube·

130 2190 201 2237 mur
230 2191 293 2238 nou
321 2173 436 2238 seruire
466 2174 636 2256 creaturae,
666 2171 720 2238 sed
754 2172 905 2251 oreatori‚-
928 2191 989 2238 non
1011 2191 1046 2238 eo
1069 2173 1171 2256 modo,
1194 2191 1253 2261 quo

130 2274 273 2341 iubemur
308 2294 363 2358 per
400 2276 563 2343 caritatem
600 2275 717 2341 seruire
754 2275 906 2355 inuicem,
943 2276 1024 2359 quod
1061 2281 1108 2344 est
1143 2297 1252 2363 graece

129 2369 303 2455 oooieiew,
334 2381 389 2447 sed
411 2399 445 2445 eo
467 2384 574 2460 modo,
606 2396 665 2462 quo
692 2381 817 2445 tantum
839 2379 896 2445 deo
918 2379 1070 2461 seruitia,
1102 2382 1184 2464 quod
1206 2382 1285 2448 esto

130 2499 237 2564 graece
267 2474 444 2568 λατρεύεινς
478 2484 560 2549 unde
592 2482 776 2549 idololatrae
811 2484 958 2549 dicuntur
987 2484 1040 2567 qui
1076 2483 1253 2552 simulacris

131 2600 199 2647 eam
232 2603 309 2666 quae
335 2588 390 2650 ‹leo
413 2585 543 2652 debetur
572 2586 719 2652 exhibent
748 2586 943 2654 seruitutem.
980 2589 1152 2654 seeundum
1176 2588 1254 2654 hano

130 2688 213 2753 enim
235 2690 418 2755 seruitutem
440 2690 560 2755 dietum
584 2691 648 2756 est:
678 2690 877 2756 domiuum
900 2691 1010 2756 deum
1032 2689 1142 2756 tuum
1166 2693 1255 2758 ado·

130 2789 238 2857 rabie
260 2791 299 2856 et
319 2791 388 2857 illi
410 2793 487 2859 soli
510 2795 677 2859 seruies.
709 2812 783 2858 nam
805 2794 863 2859 hoo
884 2793 1064 2860 distinctius
1086 2795 1120 2859 in
1142 2812 1255 2877 graeca

130 2894 285 2977 scriptura
299 2895 473 2963 inuenitur:
496 2889 678 2981 λατρεύσεις
695 2899 777 2962 enim
793 2897 896 2964 habet.
926 2914 1015 2981 porro
1037 2898 1065 2962 si
1081 2897 1140 2963 tali
1154 2897 1253 2963 serui·
1263 2922 1287 2964 aa

230 3080 458 3151 ’1111110026
539 3082 769 3148 1011101113
847 3083 880 3137 14
898 3083 931 3137 oi.
945 3083 988 3139 Pe.
1005 3083 1085 3147 81,6
1166 3084 1255 3138 1801.

129 3166 203 3220 Rom.
223 3167 247 3234 1,
264 3167 298 3222 25
402 3168 434 3222 19
451 3167 485 3223 01.
503 3166 564 3222 Gal.
582 3168 607 3235 5,
627 3170 659 3222 13
761 3168 988 3234 reuertere

181 3339 281 3407 lquae
292 3339 445 3410 partilium]
465 3357 521 3409 up
534 3340 622 3394 fllium
638 3343 665 3394 Δ
751 3340 931 3410 2ergopatri
942 3342 984 3394 eat
1000 3340 1035 3394 V:
1059 3341 1257 3410 entergop.A

130 3438 193 3492 ergo
211 3425 316 3493 patrio
400 3426 495 3496 patris]
514 3428 587 3494 patri
605 3428 632 3480 A
726 3428 743 3481 3
762 3426 805 3481 uel
823 3426 919 3496 tilium]
939 3427 995 3480 aine
1013 3425 1103 3482 fllioo
1189 3427 1208 3481 4
1226 3428 1257 3481 at

129 3509 334 3566 omnia-laeta
351 3513 424 3582 eunt]
443 3529 493 3567 om.
511 3514 553 3579 113
570 3513 634 3568 auo.
653 3513 799 3568 P'a'nruo.
895 3514 912 3567 6
929 3512 986 3582 ipso
1004 3514 1060 3567 Ao:
1088 3511 1189 3581 ipseV

128 3594 145 3647 9
162 3596 282 3665 propriae
300 3596 329 3651 A
413 3600 515 3667 patrem
532 3599 673 3669 propriso
760 3599 793 3653 10
810 3601 852 3653 eet
870 3597 905 3654 V:
931 3613 981 3653 om.
999 3597 1072 3653 AGo
1159 3597 1194 3652 12
1213 3601 1257 3654 usi

127 3698 185 3750 Aa:
203 3698 295 3752 uteru
378 3701 411 3755 13
423 3683 513 3771 quo
598 3702 631 3757 14
642 3704 751 3756 anuum
762 3702 829 3756 uu:
848 3703 967 3757 ameno
1052 3700 1185 3770 00]οΛ

128 3781 193 3835 deus
211 3798 289 3836 uerus
307 3785 335 3837 A
439 3786 601 3857 15111000,
622 3788 651 3841 A
755 3788 787 3842 19
808 3788 858 3856 aet]
876 3786 940 3841 odd.
960 3786 999 3840 A²
1018 3801 1093 3856 supr.
1111 3801 1184 3841 uera.

128 3883 395 3940 mouereris
407 3888 442 3942 V:
461 3887 654 3944 duleuinAGo
733 3889 795 3959 quo]
808 3889 906 3959 quodo
990 3888 1022 3942 21
1035 3889 1262 3946 auserem

132 3971 168 4025 V:
198 3969 313 4026 latreuin
331 3972 404 4028 AGo
498 3974 666 4031 idololatriae
688 3975 715 4030 V
740 3975 855 4031 idolatra
872 3976 945 4031 AGo
1039 3974 1074 4028 22
1091 3976 1257 4033 seruitutem

127 4055 255 4111 exhibent
277 4057 395 4125 (exibant
417 4059 456 4128 A)
479 4073 548 4128 quae
575 4060 687 4116 debetur
715 4060 764 4116 deo
790 4061 864 4117 AGo
966 4060 1001 4115 25
1027 4061 1174 4132 inuenitur]
1202 4079 1258 4118 oar.

130 4159 184 4217 G‘v
282 4147 502 4217 ῙῙΤΡἯῧῖῧ
518 4163 545 4218 V
570 4165 694 4220 latreusis
712 4165 784 4221 Aoo
