2760 4814
309 328 474 396 Excerpta
490 343 526 381 ex
543 343 612 397 opp.
631 327 859 397 stupuerim
878 326 954 382 CXC.
1128 334 1191 400 641

62 519 191 604 angelis
214 518 272 601 dei,
296 519 380 584 sicut
401 518 545 583 domiuus
568 519 633 601 ipse
655 517 807 600 promisit,
831 518 862 582 et
882 520 1013 585 laudent
1030 539 1101 586 enm
1125 523 1192 587 siue

64 625 173 707 aliquo
195 622 317 688 defectu
339 625 371 686 et
392 621 458 687 siue
482 621 586 704 aliquo
609 622 744 703 fastidio,
774 641 895 705 semper
917 621 1059 689 uiuentes
1083 624 1115 688 in
1137 623 1193 691 illo

65 730 101 792 et
124 728 162 792 de
184 726 241 790 illo
263 744 334 791 cum
356 724 415 790 tali
437 725 549 809 gaudio
572 728 603 790 et
625 725 829 806 beatitudine,
853 725 954 808 qualis
979 745 1035 791 uec
1050 727 1114 792 dici
1135 747 1193 793 nee

67 830 200 913 cogitari
222 828 261 893 ab
284 827 462 893 homiuibus
485 825 616 911 potest.“

43 958 57 997 s
115 934 183 1020 „Tu
219 933 325 1015 itaque
359 931 484 996 credens
520 930 583 995 ista
605 950 679 996 caue
699 931 909 1009 temtationes,
944 931 1016 1015 qnia
1049 932 1192 999 diabolus

66 1036 190 1121 quaerit
219 1035 272 1117 qui
301 1053 405 1101 secum
435 1039 570 1116 pereant,
605 1037 641 1098 ut
667 1053 728 1099 uon
750 1035 850 1099 solum
881 1053 937 1115 per
958 1052 1008 1100 eus
1031 1037 1084 1118 qui
1107 1040 1193 1103 extra

66 1141 234 1208 ecclesiam
257 1142 330 1204 suut
356 1139 422 1203 siue
443 1138 558 1222 pagani
579 1139 646 1203 siue
669 1139 777 1203 Iudaei
804 1138 870 1203 siue
899 1138 1046 1203 haeretici
1076 1158 1139 1204 non
1160 1143 1192 1205 te

67 1245 166 1310 hostis
196 1244 250 1309 ille
272 1242 411 1321 seducat,
444 1243 499 1307 sed
522 1243 617 1307 etiam
640 1259 715 1324 quos
737 1242 771 1305 iu
793 1241 861 1324 ipsa
882 1239 1013 1306 ecelesia
1036 1241 1193 1309 catholica

66 1349 184 1415 uideris
214 1348 296 1412 male
326 1345 468 1410 uiuentes
499 1345 553 1409 aut
581 1344 793 1410 immoderatis
827 1343 1041 1427 uoluptatibus
1074 1345 1192 1410 uentris

31 1477 56 1516 ro
66 1452 99 1517 et
121 1450 261 1535 gutturis
283 1451 339 1515 aut
360 1445 535 1530 impudicos
558 1449 613 1512 aut
626 1451 716 1513 uanis
734 1445 969 1513 curiositatibus
985 1447 1037 1512 uel
1058 1448 1190 1515 inlicitis

65 1556 188 1621 deditos
210 1554 277 1618 siue
300 1552 545 1634 spectaculorum
568 1550 635 1616 siue
658 1550 863 1615 remediorum
884 1554 939 1616 aut
961 1552 1192 1617 diuinationum

64 1656 304 1733 diabolicarum,
328 1655 394 1719 siue
417 1655 449 1717 in
472 1672 587 1736 pompe
609 1657 640 1717 et
661 1653 695 1717 iu
718 1654 784 1738 tylo
801 1654 951 1721 auaritiae
966 1656 1059 1739 atque
1082 1675 1193 1740 super·

64 1762 136 1827 biae
158 1760 226 1825 siue
249 1759 282 1823 in
306 1759 410 1841 aliqua
431 1756 508 1838 uita,
539 1773 632 1838 quam
655 1757 704 1820 lex
726 1757 854 1822 damnat
876 1759 908 1822 et
930 1760 1028 1841 punit,
1056 1776 1117 1824 nou
1140 1778 1190 1825 eos

61 1863 210 1942 imiteris,
244 1862 299 1926 sed
331 1859 436 1945 potius
470 1861 669 1944 coniungaris
698 1859 799 1941 bouis,
833 1879 909 1943 quos
938 1862 1123 1928 inuenturos
1157 1881 1189 1928 es

30 1967 169 2046 efredo,
192 1966 221 2032 si
243 1968 276 2031 et
297 1969 333 2030 tu
355 1964 429 2029 talis
452 1963 558 2047 tueris,
583 1967 618 2029 ut
640 1962 734 2029 simul
757 1965 866 2029 colatis
888 1965 920 2029 et
942 1965 1081 2050 diligatis
1098 1967 1190 2032 deum

63 2070 173 2154 gratis,
208 2068 283 2151 quia
310 2069 415 2133 totum
444 2067 619 2150 praemium
641 2070 781 2132 nostrum
810 2068 877 2151 ipse
908 2067 977 2148 erit,
1012 2073 1048 2133 ut
1077 2069 1192 2135 inilia

63 2178 194 2239 aeterna
221 2172 290 2237 uita
318 2170 457 2237 bonitate
488 2171 556 2236 eius
585 2173 616 2236 et
637 2171 869 2254 pulchritudine
890 2171 1097 2255 perfruamur.
1134 2174 1190 2238 sed

63 2278 217 2342 amandus
240 2276 287 2340 est
309 2292 370 2339 non
392 2276 473 2340 sicut
495 2274 622 2357 aliquid,
647 2274 727 2358 quod
749 2275 874 2340 uidetur
896 2274 1001 2357 oculis,
1032 2276 1086 2340 sed
1108 2275 1190 2340 sicut

63 2383 190 2447 amatur
218 2379 372 2464 supientia
394 2379 427 2442 et
448 2379 564 2444 ueritas
587 2381 618 2443 et
640 2380 791 2444 sanctitas
814 2379 847 2443 et
875 2377 997 2443 iustitia
1019 2380 1051 2443 et
1073 2379 1188 2444 caritas

28 2489 95 2549 suet
118 2484 146 2549 si
169 2482 247 2566 qnid
269 2481 356 2547 aliud
379 2482 443 2546 tale
465 2480 598 2566 dicitur3
620 2500 681 2547 uon
696 2479 957 2564 quemadmodum
978 2482 1053 2548 sunt
1074 2483 1135 2548 ista
1156 2483 1190 2547 in

63 2585 258 2662 hominibus,
289 2583 342 2650 aad
364 2583 622 2667 quemadmodum
646 2587 719 2649 aunt
744 2584 776 2650 in
805 2584 873 2667 ipso
897 2585 982 2650 fonte
1003 2585 1191 2668 incorrupti·

63 2690 139 2756 bilis
169 2691 202 2753 et
232 2686 499 2753 incommutabilis
530 2688 711 2771 sapientiae.
749 2706 958 2771 quoscumque
980 2706 1052 2774 ergo
1075 2688 1191 2756 uideris

61 2793 143 2859 haec
175 2809 288 2870 amare,
322 2789 387 2854 illis
421 2790 616 2873 coniungere,
652 2792 689 2855 nt
722 2810 776 2873 per
805 2789 974 2871 Christum,
1012 2793 1066 2874 qui
1097 2791 1189 2858 homo

63 2896 167 2961 lactus
200 2896 258 2973 est,
293 2895 329 2958 ut
351 2892 432 2957 esset
461 2891 616 2956 mediator
646 2892 696 2957 dei
718 2895 749 2958 et
771 2893 941 2974 hominum,
977 2893 1187 2960 reconcilieris

27 3000 130 3065 adeo.
178 2997 319 3062 homines
356 2996 462 3060 autem
499 3011 670 3076 permisce,
708 2993 802 3061 etiam
837 2995 864 3061 si
901 2997 1019 3062 intrent
1054 2997 1189 3078 parietes

62 3099 223 3180 ecclesiae,
254 3118 315 3166 nou
346 3117 397 3164 eos
424 3098 585 3165 arbitreris
613 3099 783 3165 intraturos
811 3101 845 3164 iu
867 3118 999 3184 ragnum
1022 3101 1188 3179 caelorum,

63 3205 140 3288 quia
159 3222 214 3269 suo
238 3203 376 3285 tempore
398 3203 631 3285 separabuntur,
655 3201 682 3267 ei
705 3221 738 3266 se
755 3201 789 3267 iu
807 3201 920 3267 melius
935 3221 997 3267 non
1012 3206 1187 3269 commuta-

63 3309 177 3373 uerint.
210 3304 349 3371 homines
371 3321 444 3387 ergo
462 3303 555 3370 bonos
578 3303 711 3381 imitare,
734 3304 832 3369 malos
854 3306 962 3383 tolera,
985 3322 1091 3371 omues
1107 3323 1188 3387 ama,

167 3474 428 3539 lmmfflffi

113 3630 192 3701 ade]
212 3646 305 3685 cumo
399 3629 491 3699 quales
508 3629 547 3684 P¹
642 3630 794 3700 loogitara
811 3631 850 3684 Ρι
946 3630 1074 3700 apeoani
1091 3634 1120 3686 A

58 3742 179 3800 heracliti
198 3744 225 3798 A
327 3714 409 3797 aitte
426 3715 547 3797 bestiae
649 3757 716 3811 qnos
733 3743 816 3796 APe=
846 3741 916 3811 quod
934 3741 961 3796 V
1058 3744 1188 3799 9immo·

58 3839 213 3894 dentosa
321 3835 510 3906 uuluptatibus
536 3837 563 3891 A
675 3837 707 3890 11
734 3837 961 3907 expecta-culorum
986 3839 1015 3892 A
1118 3838 1190 3893 diui-

58 3925 205 3980 natiouum
222 3924 308 3979 APo=
334 3921 540 3978 diuinationeV
624 3923 657 3978 12
675 3923 754 3993 etin]
772 3926 839 3978 ete·
858 3924 896 3990 (in
913 3925 980 3990 rus.)
998 3925 1026 3978 P
1111 3926 1189 3996 tipho

59 4027 78 4066 u
103 4015 170 4080 typo
189 4009 218 4064 P
316 4009 348 4064 13
364 4009 441 4078 ponit
459 4010 486 4064 P
581 4008 614 4063 15
631 4009 725 4064 mlatis
743 4011 770 4078 (o
787 4014 957 4077 concurr.)
975 4011 1002 4065 A
1096 4011 1130 4066 16
1148 4012 1187 4083 in]

57 4112 113 4153 ou.
130 4096 159 4151 A
246 4095 278 4149 17
296 4095 333 4164 et]
351 4094 416 4150 cdd.
435 4095 474 4149 A¹
490 4110 565 4165 capr.
580 4111 651 4150 acre.
742 4095 777 4149 18
794 4094 839 4150 sed
856 4095 927 4150 sicut
944 4096 1027 4150 APor
1053 4095 1100 4150 sed
1116 4096 1189 4166 qnod

62 4183 92 4237 Υ
193 4181 227 4237 19
249 4180 364 4251 amatur]
383 4184 488 4236 amator
512 4182 540 4236 P
640 4181 786 4250 sapientiae
804 4182 833 4236 P
932 4181 965 4235 21
989 4181 1187 4252 incorruptibili

58 4270 100 4325 1²¹
204 4266 240 4323 al
256 4267 452 4323 reconohilieris
470 4267 497 4334 (h
517 4267 568 4323 dcl.
585 4283 618 4322 m.
637 4270 668 4336 2)
688 4267 715 4322 V
814 4267 848 4322 25
866 4266 950 4322 intret
967 4268 995 4322 A

113 4369 209 4427 VIIII.
1051 4369 1085 4424 41
