2760 4814
691 520 856 591 sugrpprr

697 761 842 846 000111.

206 955 252 1003 DE
275 954 464 1003 SENTENTIA
480 953 607 1002 nomm
623 952 796 1001 molanum:
820 954 894 1012 er
917 954 1094 1002 VIDEBI'I'
1116 954 1339 1003 svamm

205 1059 260 1105 ΔΙ)
289 1056 692 1106 CONCVPISCENDVII·
728 1057 774 1103 Ex
797 1055 901 1104 LIBRO
923 1057 937 1103 1
959 1056 1006 1103 DE
1028 1056 1192 1105 SERIIONE
1215 1058 1338 1105 norma

677 1160 713 1207 IN
736 1160 863 1208 nomn.

132 1290 198 1360 328
251 1297 453 1377 Audistis,
478 1296 569 1382 qnia
591 1297 743 1363 dictum
765 1301 840 1363 est:
864 1314 936 1362 non
958 1296 1248 1363 moechaberis.
1273 1317 1364 1383 egos

204 1404 336 1469 autem
365 1402 451 1467 dico
481 1401 611 1482 uobis,
641 1403 733 1485 quia
754 1401 899 1481 omnis,
931 1402 995 1484 qui
1022 1400 1178 1466 uiderit
1203 1402 1338 1468 mulie-

204 1525 282 1572 rem
317 1505 362 1570 acl
396 1504 758 1589 concupiscendum
782 1523 877 1585 esm,
907 1504 988 1570 iam
1017 1504 1253 1571 moechatus
1281 1512 1336 1573 est

204 1626 283 1674 earn
312 1608 352 1673 in
382 1608 496 1674 corde
517 1626 595 1673 suo.
633 1608 757 1674 iustitia
786 1628 858 1694 ergo
887 1608 989 1674 minor
1019 1610 1064 1674 est
1095 1626 1158 1674 non
1181 1611 1335 1677 moechari

204 1730 368 1794 corporum
392 1713 615 1791 coniunctione,
639 1712 764 1778 institia
786 1732 859 1779 uero
883 1715 981 1779 maior
1003 1714 1092 1796 regni
1109 1714 1160 1779 dei
1176 1731 1239 1780 non
1256 1732 1336 1780 mcc

204 1815 289 1881 chari
312 1815 343 1879 in
366 1817 465 1882 corde.
503 1815 643 1899 quisquis
658 1818 765 1882 summ
788 1834 850 1882 non
865 1818 1046 1883 moechatur
1060 1819 1094 1882 in
1110 1818 1212 1895 corde,
1237 1820 1362 1884 multon

202 1918 327 1985 facilins
357 1920 500 2004 custodit,
532 1940 570 1986 ne
600 1921 781 1986 moechetur
813 1921 845 1986 in
875 1939 1009 2003 corpore.
1050 1921 1130 1987 illud
1162 1940 1237 2006 ergo
1268 1942 1335 1989 oon·

202 2021 341 2089 firmauit
363 2024 417 2108 qui
440 2023 496 2090 hoc
519 2025 685 2109 praecipit;
708 2042 769 2089 non
792 2026 874 2091 enim
897 2026 986 2090 uenit
1009 2025 1112 2110 legem
1128 2027 1265 2103 soluere,
1284 2026 1333 2092 sed

201 2129 341 2210 implere.
376 2147 450 2196 sane
473 2130 730 2196 considerandum
759 2134 815 2209 est,
845 2130 928 2213 qnod
949 2148 1010 2196 non
1032 2130 1128 2195 dixit:
1157 2131 1263 2196 omnls
1285 2130 1334 2214 qui

201 2232 393 2316 concupierit
419 2234 592 2313 mulierem,
615 2234 685 2299 sed:
709 2234 775 2318 qni
794 2234 943 2300 uiderit
960 2226 1171 2300 mulierem
1190 2234 1237 2300 sd
1256 2253 1334 2300 con·

201 2336 499 2419 cupiscsndnm‚
527 2339 560 2404 id
584 2338 633 2403 est
654 2339 713 2404 hoc
734 2337 796 2403 fine
818 2339 850 2403 et
871 2338 930 2404 hoc
959 2338 1064 2404 animo
1093 2338 1279 2409 attenderit,
1302 2344 1361 2402 ute

201 2457 271 2505 eam
294 2442 503 2524 concupiscat,
526 2444 606 2525 quod
628 2442 692 2508 iam
711 2460 772 2507 non
789 2446 836 2507 est
851 2441 981 2508 titillari
997 2439 1207 2507 delectatione
1223 2441 1331 2513 carnis,

201 2542 254 2607 secl
284 2542 376 2626 plane
406 2547 580 2610 consentire
609 2544 742 2621 libidini,
772 2544 819 2610 ita
848 2547 885 2610 ut
911 2564 973 2611 non
996 2544 1169 2610 refrenetur
1193 2543 1331 2610 inlicitus

200 2646 369 2729 appetitus,
392 2648 456 2727 sed,
479 2648 506 2714 si
529 2647 661 2713 facultas
683 2650 756 2713 data
777 2647 882 2732 fuerit,
906 2647 1047 2714 satietur.

243 2765 326 2831 Nam
349 2767 412 2831 tria
434 2773 517 2845 sunt,
541 2769 654 2850 quibus
676 2770 828 2852 impletur
843 2770 1023 2854 peccatum:
1046 2768 1260 2852 suggestione,
1282 2770 1331 2833 de·

198 2868 374 2947 lactatione,
404 2874 614 2938 consensione.
651 2873 811 2957 suggestio
833 2873 901 2938 sins
922 2892 977 2956 per
998 2873 1186 2938 memoriam
1207 2870 1245 2936 fit
1268 2871 1358 2937 sices

199 2990 254 3055 per
276 2970 419 3057 [corporis
449 2995 568 3060 sensus,
603 2995 675 3042 cum
704 2976 824 3059 aliquid
856 2977 1001 3043 uidemus
1029 2976 1080 3041 uel
1108 2975 1257 3041 andimus
1283 2974 1329 3039 nel

199 3073 363 3141 olfacimus
386 3078 438 3143 uel
458 3083 623 3162 gustamus
638 3080 689 3146 uel
705 3080 871 3163 tangimus.
901 3079 1025 3163 quodsi
1041 3078 1105 3145 frui
1119 3077 1329 3151 delectareris,

198 3176 364 3245 delectatio
397 3180 519 3247 inlicita
551 3182 731 3249 refrenanda
766 3187 823 3248 est.
864 3182 952 3249 uelut
986 3200 1057 3248 cnm
1095 3182 1274 3249 ieiunemus
1299 3186 1328 3245 et

199 3279 277 3348 nisis
301 3283 376 3349 cibis
399 3284 497 3367 palati
519 3286 675 3369 appetitus
697 3285 843 3370 assurgit,
873 3303 935 3350 nou
961 3285 997 3349 fis
1021 3284 1083 3350 nisi
1105 3284 1325 3353 delectatione:

198 3385 489 3469 sedsshuicttsmon
517 3406 578 3454 non
601 3389 814 3455 consentimus
837 3395 870 3455 et
892 3407 961 3454 eam
984 3388 1177 3454 dominantis
1200 3388 1354 3454 rationiss

197 3470 479 3571 iffiffiemus.
510 3490 537 3555 si
560 3496 665 3556 autem
688 3493 845 3559 consensio
868 3491 951 3557 facta
972 3491 1076 3568 fuerit,
1099 3491 1229 3574 plenum
1258 3508 1326 3572 poc·

197 3596 301 3657 catum
333 3593 402 3675 erit,
435 3598 544 3657 notum
573 3597 629 3659 deo
659 3594 691 3661 in
721 3596 811 3661 corde
839 3597 955 3677 nostro,
983 3593 1078 3659 etism
1106 3595 1133 3659 si
1156 3592 1240 3659 lacto
1270 3610 1324 3657 non

298 3804 370 3865 sc.
390 3803 432 3873 14)
451 3803 550 3857 nacon
568 3805 593 3869 c,
612 3804 645 3857 ar
656 3820 694 3874 sq.
799 3806 832 3861 12
849 3806 884 3860 cr.
895 3806 993 3859 ussi.
1011 3805 1036 3871 s,
1057 3805 1089 3859 17

248 3997 878 4066 1cap.CCCllIexCCXCVIIIIroa.corr.
901 4001 939 4055 V:
974 4000 1136 4057 cccxvm
1154 4003 1183 4056 P
1214 3997 1321 4057 CCCXI

198 4081 247 4135 (lc
348 4083 365 4135 3
392 4085 629 4154 concupiscendam
655 4087 683 4141 P
787 4087 816 4141 ll
844 4086 997 4141 moechetur
1025 4086 1145 4142 G³P¹Vz
1176 4088 1321 4142 moechatur

198 4181 275 4237 6¹1³·
380 4186 412 4239 12
435 4189 569 4258 praecipit
592 4189 672 4243 P¹s⁷=
703 4190 836 4259 praecepit
860 4189 924 4245 61³¹
1036 4190 1069 4244 14
1093 4170 1321 4277 concupino'fitffi

194 4284 248 4340 del.
266 4303 301 4341 m.
314 4289 344 4355 2)
362 4287 392 4342 P
486 4291 520 4347 16
537 4293 652 4348 titillare
674 4293 701 4347 V
796 4294 1154 4365 rlplsnoPV2p1enca
1250 4291 1318 4348 rori·

194 4373 273 4425 netur
295 4371 332 4435 V3
359 4388 426 4429 corr.
449 4379 524 4430 m.2
636 4379 670 4432 21
695 4379 848 4434 audiuimus
873 4380 900 4434 P
1024 4380 1058 4435 22
1081 4380 1152 4451 quod
1183 4374 1317 4444 sprot

191 4472 221 4525 p.
239 4460 301 4524 810,
319 4462 361 4524 op:
392 4475 479 4529 quoa
583 4463 618 4518 24
635 4465 754 4533 assurgit
774 4465 840 4520 GP:
870 4469 994 4534 assurget
1015 4466 1042 4520 V
