2760 4814
234 323 398 396 Enoarpta
415 340 452 380 ex
469 339 538 395 opp.
556 322 583 379 S.
601 323 789 393 Augustini
813 321 957 379 ccxsln„
974 323 1033 378 266.
1136 322 1202 389 793
1228 316 1230 321 ’

63 584 147 633 num
175 583 268 645 oven
296 580 384 630 evus
412 583 450 631 ru
472 581 621 631 morus
641 582 713 641 nm,
738 580 778 629 1n
799 580 862 630 ner
883 580 1054 643 munusue,
1077 580 1198 629 nunnu-

62 685 195 736 uscrvs
215 687 260 735 nn
282 685 389 749 mou,
407 684 511 733 vmvs
533 685 613 734 nssu
634 665 822 745 rumonus,
845 683 930 744 oure
952 683 1024 732 nou
1045 682 1116 733 noc
1137 684 1200 733 usn

61 790 100 838 ΕΙ
121 788 203 839 nese
225 789 321 850 evon
342 788 434 838 nanc
459 789 609 837 neuneu.
646 789 692 837 ux
714 788 819 838 sisso
844 788 893 836 xv
930 789 977 836 nn
999 787 1200 853 sermons,

560 893 590 941 r.
615 892 702 940 xxn.

38 1037 54 1078 s
107 1012 227 1080 Verum
250 1013 325 1077 haee
353 1015 475 1096 quando
503 1013 537 1077 in
560 1032 624 1080 uno
651 1016 726 1079 sunt
748 1030 890 1097 persone,
919 1011 1003 1078 sium
1024 1014 1073 1076 est
1095 1010 1275 1094 homo,266

63 1116 166 1200 potest
194 1115 282 1181 nobis
310 1116 465 1199 quispiam
488 1114 604 1181 dicere:
642 1116 705 1181 tria
727 1117 797 1195 ieta,
827 1116 989 1197 memorie,
1018 1113 1199 1179 intellectus

63 1222 98 1285 et
119 1236 217 1297 amor,
247 1238 317 1284 mea
338 1222 423 1295 sunt,
450 1236 513 1283 non
535 1237 601 1296 suu,
624 1238 681 1284 neo
703 1218 774 1296 eibi,
804 1220 858 1284 sed
881 1218 960 1284 mihi
988 1217 1088 1301 agunt
1116 1215 1199 1299 quod

62 1324 181 1406 agunt,
210 1323 308 1387 immo
330 1341 385 1407 ego
407 1341 462 1406 per
484 1322 550 1387 illu
579 1340 635 1405 ego
658 1323 742 1387 enim
767 1321 897 1387 memini
919 1340 974 1404 per
995 1321 1197 1402 memorium,

60 1424 214 1510 intellego
236 1444 291 1508 per
313 1425 580 1508 intellegentiam,
611 1443 681 1490 emo
703 1444 759 1508 per
781 1444 930 1503 umorem,
959 1425 992 1490 et
1013 1424 1137 1508 quando
1158 1424 1198 1489 ad

24 1528 248 1595 nomemoriam
279 1547 383 1594 meam
406 1530 504 1595 eciem
528 1528 726 1614 cogitationis
756 1530 883 1596 aduerte
912 1546 949 1594 uo
970 1529 1018 1594 sio
1050 1527 1084 1593 in
1106 1526 1200 1593 eorde

60 1650 133 1698 meo
154 1634 222 1698 dieo
237 1636 318 1716 quod
342 1633 405 1698 seio
421 1635 613 1717 nothumque
628 1653 738 1699 uerum
753 1634 792 1700 de
812 1632 945 1699 seientia
959 1650 1030 1698 mee
1047 1629 1198 1716 gignitur,

61 1737 231 1818 utrumque
254 1755 358 1801 meum
382 1739 440 1815 est,
470 1740 502 1802 et
524 1737 656 1802 seientia
678 1736 786 1819 utique
808 1739 840 1802 et
862 1735 1005 1803 uerbum.
1034 1753 1092 1820 ego
1114 1735 1197 1800 enim

60 1839 136 1915 eoio,
159 1856 215 1920 ego
239 1838 306 1904 diuo
329 1839 362 1903 iu
384 1840 475 1905 eorde
498 1859 566 1907 meo
589 1840 671 1923 quod
693 1839 765 1905 seio.
790 1844 821 1905 et
844 1840 968 1923 quando
990 1839 1023 1905 iu
1046 1836 1198 1903 memoria

62 1957 134 2005 meu
167 1942 331 2024 cogitando
364 1943 490 2008 inuenio
520 1944 582 2009 iam
613 1962 665 2010 me
692 1943 890 2028 intellegere,
925 1945 987 2007 iam
1016 1961 1066 2007 me
1093 1958 1198 2009 amere

24 2068 53 2109 ne
61 2042 201 2125 aliquid,
231 2045 284 2125 qui
312 2044 490 2110 intellectus
518 2050 550 2111 et
578 2065 664 2112 emor
693 2046 738 2112 ibi
766 2050 854 2113 erant
883 2052 915 2112 et
938 2047 1104 2130 antequam
1127 2045 1199 2112 inde

61 2147 252 2230 cogitarem,
287 2146 486 2213 intellectum
515 2168 620 2214 meum
648 2154 680 2214 et
708 2168 845 2216 amorem
876 2167 982 2215 meum
1008 2147 1136 2213 inuenio
1163 2149 1198 2213 in

60 2250 215 2315 memoria
242 2269 329 2322 mee,
364 2268 423 2333 quo
453 2268 508 2334 ego
538 2250 706 2334 intellego,
737 2269 793 2335 ego
815 2270 895 2330 amo,
919 2269 981 2316 non
1003 2251 1080 2335 ipsa.
1118 2251 1197 2316 item

61 2353 189 2435 quando
218 2353 367 2436 cogitatio
397 2371 468 2419 mea
489 2372 609 2420 memor
638 2356 688 2419 est
715 2361 748 2420 et
771 2356 842 2420 uult
863 2354 965 2420 redire
995 2355 1035 2420 ed
1058 2371 1095 2419 eu
1116 2371 1197 2437 quae

61 2456 97 2521 in
120 2458 271 2522 memoria
300 2456 472 2539 reliquerat
494 2476 591 2540 euque
614 2458 775 2524 intellecta
797 2458 971 2541 oonspioere
993 2462 1089 2540 atque
1109 2458 1198 2523 intus

19 2556 177 2635 aedicere,
200 2576 270 2623 mea
297 2559 449 2624 memoria
471 2578 590 2626 memor
619 2565 667 2626 eet
695 2567 727 2626 et
749 2580 818 2627 meu
840 2563 911 2627 uult
934 2561 1110 2644 uoluntate,
1134 2579 1197 2627 nou

62 2679 133 2729 eoo.
166 2662 233 2744 ipse
261 2681 381 2746 quoque
410 2680 497 2728 umor
525 2682 611 2730 meus
640 2682 711 2729 oum
740 2664 885 2729 meminit
915 2669 1007 2748 etque
1037 2664 1198 2749 intellegit

60 2764 139 2847 quid
162 2768 308 2847 appetere
330 2766 457 2841 debeat,
488 2767 562 2849 quid
584 2768 695 2847 uitare,
719 2788 774 2850 per
796 2787 914 2847 meam,
943 2788 1003 2835 non
1026 2789 1082 2853 per
1105 2786 1196 2834 suam

60 2868 248 2934 memoriam
276 2869 431 2950 meminit,
460 2872 493 2936 et
520 2890 576 2953 per
597 2872 850 2956 intellegentiam
874 2891 993 2949 meum,
1022 2890 1082 2937 non
1106 2891 1196 2937 suum

61 2970 214 3053 quidquid
236 2970 457 3056 intellegenter
481 2978 567 3039 amat
588 2972 759 3059 intellegit.
794 2974 876 3059 quod
890 2975 1030 3042 breuiter
1052 2976 1116 3041 diei
1138 2993 1196 3057 po·

13 3078 142 3140 estest:
164 3092 221 3158 ego
236 3093 291 3157 per
314 3076 420 3141 omnio
441 3077 498 3142 ille
519 3078 583 3143 trie
601 3080 740 3157 memini,
765 3098 821 3164 ego
836 3080 996 3163 intellego,
1013 3097 1070 3164 ego
1086 3079 1194 3163 diligo,

59 3177 118 3259 qui
139 3195 195 3243 neo
217 3180 460 3245 memoriarum
483 3199 539 3246 neo
560 3182 778 3265 intellegentia
799 3201 855 3249 neo
877 3184 1014 3260 dileetio,
1044 3182 1097 3248 sed
1120 3182 1196 3248 haee

57 3280 169 3347 habeo.
202 3284 262 3348 ista
284 3300 357 3365 ergo
384 3284 445 3349 diei
460 3287 590 3367 possunt
605 3287 643 3351 ab
659 3303 720 3350 una
735 3304 875 3369 persone,
899 3305 978 3369 quoe
999 3286 1097 3351 hebet
1120 3286 1197 3352 lineo

113 3568 212 3638 leap.
230 3569 336 3626 CCLVI
354 3572 382 3625 P
417 3571 572 3628 CCLVIIo
607 3574 745 3631 CCLVIII
768 3575 806 3638 G;
836 3574 910 3630 deest
928 3577 960 3630 iu
978 3575 1041 3630 MV
1143 3578 1194 3629 im·

55 3690 169 3759 megine
193 3695 253 3751 (om.
276 3691 316 3759 in)
339 3693 367 3746 P
469 3695 486 3748 2
512 3662 582 3749 unlus
606 3696 626 3760 (i
650 3696 714 3751 add.
738 3714 772 3751 m.
791 3701 821 3765 2)
847 3699 875 3752 P
975 3699 1040 3767 qula
1066 3698 1106 3751 P:
1142 3713 1195 3767 quq

60 3804 109 3859 Gn
211 3805 254 3858 eet
277 3805 316 3858 P:
346 3821 397 3859 om.
422 3807 465 3862 Ge
568 3782 696 3879 buoteet
718 3783 796 3864 Iromo
820 3811 847 3864 P
948 3810 1123 3865 6dioeraeo

55 3898 74 3951 9
92 3896 223 3967 intellego
237 3898 293 3953 θυι
321 3914 341 3971 p
359 3899 482 3971 intelligo
501 3903 537 3956 P¹
631 3906 662 3959 11
682 3905 807 3975 gignitur
822 3908 889 3961 G‘o:
920 3908 1047 3975 gignetur
1062 3908 1128 3962 0¹1²

57 4002 94 4057 15
118 4000 174 4070 qui]
199 3991 259 4070 qui‘
276 4004 304 4070 (u
320 4002 385 4058 odd.
403 4021 437 4058 m.
456 4010 483 4070 3)
507 4006 531 4060 G
634 4009 665 4061 li
689 4009 753 4078 quo]
777 3992 842 4078 quo‘¹
858 4010 887 4069 (d
904 4011 968 4065 odd.
987 4016 1060 4073 Μ)
1081 4012 1107 4066 G
1142 4027 1195 4080 que

54 4112 74 4151 a
170 4094 230 4165 ipse
250 4096 301 4151 G¹r
331 4098 417 4167 ipsum
438 4100 521 4155 G²Po
626 4103 658 4155 19
676 4103 842 4171 relinquerat
860 4105 888 4158 P
990 4106 1024 4159 22
1041 4122 1087 4174 per
1105 4106 1193 4175 suem]

54 4204 173 4259 punem
196 4190 224 4244 P
325 4194 360 4247 24
382 4195 510 4264 quioquid
535 4196 605 4252 GPo
708 4200 743 4253 25
765 4200 820 4253 trie
837 4199 924 4255 illao
1027 4217 1076 4271 ego
1094 4201 1193 4271 diligo]

55 4274 126 4333 odd.
143 4276 173 4331 o*
189 4277 221 4331 iu
238 4294 288 4351 mg.
391 4281 424 4335 27
443 4281 508 4336 haee
531 4282 606 4337 G’P:
641 4284 707 4339 heeo
724 4286 783 4354 ipse
802 4286 857 4341 (Po
