2760 4814
209 362 375 432 llxoerpta
392 377 428 417 ex
445 377 515 432 opp.
534 361 561 415 S.
578 361 767 432 Augustini
785 360 899 417 cem.
917 360 1046 417 ccam.
1128 361 1194 430 843

59 553 239 632 institutas,
261 554 315 619 sed
337 553 568 636 ingeniosorum
589 552 758 636 sagacitate
780 555 951 635 conpertas.
986 569 1065 634 quae
1085 553 1192 617 buren

59 656 168 722 omnia
189 655 331 738 quisquis
352 656 399 721 ita
420 654 571 735 dilexerit,
594 655 631 719 ut
652 654 768 720 iactare
789 672 823 719 se
836 656 919 720 inter
934 655 1096 737 imperitos
1111 655 1191 720 uelit

59 762 97 826 et
117 776 180 824 non
200 758 304 842 potius
327 779 484 842 quaerere,
507 759 588 824 unde
610 757 676 824 sint
697 776 773 824 uera
788 776 867 840 qnae
882 759 1101 824 tantummodo
1116 778 1191 825 uera

60 880 133 928 esse
160 861 358 945 persenserit,
390 865 422 926 et
442 862 526 927 unde
549 863 701 944 quaedam
723 879 785 926 non
799 862 900 927 solnm
922 878 998 927 nera
1019 862 1072 927 sed
1095 863 1190 930 etiarn

34 966 344 1044 sincommutabilia,
368 983 446 1048 qnae
467 963 738 1031 incommutabilia
760 981 828 1029 esse
851 964 1129 1047 comprehenderit,
1153 985 1190 1032 ac

59 1070 109 1137 sic
131 1069 170 1133 ab
191 1067 293 1151 specie
315 1087 479 1152 corporum
495 1086 592 1151 neque
606 1070 645 1134 ad
660 1067 830 1133 humanam
845 1068 979 1133 mentem
997 1069 1190 1153 perneniens,

60 1190 137 1237 cnm
165 1173 197 1237 et
222 1174 324 1253 ipsam
352 1171 539 1237 mutabilem
567 1169 733 1249 inuenerit,
764 1167 846 1253 quod
874 1187 958 1235 nunc
986 1171 1087 1251 docta,
1109 1189 1192 1239 nunc

61 1275 190 1341 indocte
217 1275 270 1351 sit,
300 1274 473 1341 constituta
494 1276 602 1339 tamen
623 1274 707 1338 inter
731 1273 1019 1339 incommutabilem
1041 1293 1137 1356 snpra
1158 1294 1192 1340 se

61 1378 231 1442 ueritatem
260 1383 291 1443 et
320 1376 488 1443 mutabilia
517 1376 600 1441 infra
628 1394 660 1442 se
689 1379 791 1441 cetere
819 1378 858 1442 ad
881 1378 973 1442 unius
996 1378 1045 1444 dei
1067 1379 1191 1445 landem

19 1510 49 1550 ro
60 1484 158 1563 atque
173 1481 370 1545 dilectionem
385 1480 497 1545 cunda
509 1482 698 1563 conuertere,
715 1496 805 1562 aquo
818 1481 929 1545 cunda
943 1498 1009 1545 esse
1020 1482 1189 1564 cognoscit,
1248 1488 1253 1531 -'

60 1584 172 1649 doctus
194 1582 294 1648 uideri
316 1584 430 1666 potest,
452 1601 517 1648 esse
540 1584 646 1647 autem
669 1581 790 1664 sapiens
815 1581 900 1648 nullo
922 1583 1026 1654 modo.

106 1684 206 1765 Quam
222 1686 341 1751 obrem
357 1685 481 1751 uidetur
494 1686 572 1750 mihi
588 1685 735 1751 studiosis
752 1690 783 1750 et
797 1686 966 1770 ingeniosis
981 1686 1188 1753 adulescenti·

59 1792 120 1856 bue
143 1790 175 1853 et
202 1790 385 1855 timentibus
413 1790 505 1854 deum
529 1789 714 1872 beatamque
736 1789 837 1853 uitam
860 1788 1082 1870 quaerentibus
1104 1790 1188 1855 salu-

58 1891 160 1956 briter
192 1892 337 1975 praecipi,
372 1895 408 1956 nt
439 1890 545 1957 nullas
574 1891 740 1971 doctrinas,
768 1908 845 1974 quae
873 1896 997 1975 praeter
1024 1892 1189 1958 ecclesiam

20 1992 182 2062 rechristi
210 1998 397 2073 exercentur,
426 1998 590 2077 tamquam
619 1994 658 2060 ad
689 1993 813 2060 beatam
841 1994 1189 2078 nuncuparemur

58 2115 169 2164 secure
194 2098 280 2179 sequi
308 2097 454 2176 audeant,
482 2098 609 2163 sedeas
632 2095 735 2161 sobrie
756 2096 987 2180 diligenterque
1008 2097 1188 2173 diiudicent,

58 2199 94 2265 et
124 2198 153 2265 si
175 2218 252 2282 quas
273 2199 450 2264 inuenerint
479 2200 518 2264 ab
540 2197 719 2264 bominibus
740 2199 915 2279 institutas,
938 2199 1042 2264 uarias
1064 2201 1190 2284 propter

57 2303 219 2369 diuersam
252 2303 449 2369 uoluntatem
483 2302 716 2369 instituentium
739 2304 771 2367 et
792 2302 915 2386 ignotas
936 2303 1063 2385 propter
1084 2302 1188 2384 suspi-

57 2404 166 2472 ciones
195 2406 378 2483 errantium,
408 2406 543 2471 maxime
572 2406 600 2470 ei
628 2404 747 2471 babent
774 2404 870 2470 etiarn
893 2423 963 2471 cnm
987 2405 1188 2471 daemonibus

21 2509 173 2577 minium
195 2513 375 2575 societatem
397 2529 451 2593 per
473 2509 668 2592 quarundam
690 2508 956 2593 significationum
980 2510 1070 2591 quasi
1091 2526 1187 2591 qnae-

58 2614 134 2680 darn
160 2614 255 2696 pacta
282 2616 376 2696 atque
405 2616 565 2696 conuenta,
589 2614 752 2696 repudient
781 2612 908 2695 penitus
931 2615 963 2676 et
984 2613 1187 2693 detestentur,

56 2714 198 2781 alienent
228 2715 322 2781 etiam
353 2715 494 2780 studium
524 2734 543 2781 a
572 2714 737 2798 superfluis
765 2717 797 2778 et
825 2715 992 2782 luxuriosis
1023 2715 1189 2782 hominnm

56 2816 227 2883 institutis.
271 2817 329 2883 illa
357 2836 430 2883 nero
459 2818 608 2883 instituta
635 2817 808 2901 hominnm,
837 2836 915 2901 quae
943 2819 983 2884 ad
1006 2819 1187 2885 societatem

57 2922 294 2988 concinentium
310 2923 425 3000 ualent,
440 2939 497 3005 pro
513 2922 581 3005 ipsa
596 2921 682 2987 uitae
696 2921 789 2987 huins
806 2920 990 2988 necessitate
1005 2941 1066 2987 non
1080 2922 1187 3006 negle-

23 3025 147 3111 asgant.
181 3024 215 3091 in
238 3028 349 3091 ceteris
371 3027 475 3091 autem
500 3026 662 3103 doctrinis,
685 3044 765 3108 quae
787 3025 869 3108 apud
891 3025 1000 3108 gentes
1022 3026 1187 3090 inueniun-

56 3130 121 3208 tur,
144 3132 270 3214 praeter
290 3128 453 3194 historiam
475 3146 580 3193 rernm
601 3129 653 3194 uel
676 3127 837 3210 praeteriti
860 3129 1009 3211 temporis
1024 3122 1084 3192 'nel
1098 3144 1187 3210 prae-

55 3229 168 3311 sentis,
196 3231 236 3298 sd
264 3250 370 3297 sensns
391 3233 527 3314 corporis
548 3232 783 3315 pertinentium,
807 3231 919 3314 quibus
941 3232 1037 3297 etiam
1058 3230 1187 3296 utilium

57 3335 178 3401 artium
200 3335 408 3417 corporalium
429 3334 639 3416 experimenta
661 3336 695 3400 et
716 3334 910 3401 coniecturae
933 3334 1187 3411 annumerantur,

56 3439 92 3503 et
119 3440 243 3520 praeter
271 3438 422 3503 rationem
452 3436 675 3521 disputationis
704 3441 736 3502 et
765 3440 886 3504 numeri
916 3437 997 3503 nihil
1019 3437 1098 3503 utile
1121 3455 1189 3502 esse

19 3538 206 3610 eoarbitror.
243 3542 275 3607 iu
298 3540 412 3623 quibus
440 3541 584 3606 omnibus
606 3540 777 3606 tenendum
799 3543 847 3606 eet

480 3642 529 3709 Ne
550 3642 626 3725 quid
648 3643 752 3722 nimie,

159 3845 193 3899 31
218 3844 275 3900 Ter.
292 3844 377 3899 Andr.
395 3846 429 3900 61

111 4035 124 4088 1
153 4036 293 4102 conpertas
316 4032 353 4086 Μ
356 4032 390 4087 V:
420 4032 593 4102 comprobata
610 4034 674 4086 sunt
697 4048 714 4086 o
816 4034 833 4087 5
860 4048 927 4103 quae
943 4033 1185 4103 incommutabilia]

56 4134 145 4176 onae
247 4119 316 4173 tab
332 4119 408 4172 MV:
438 4134 487 4173 av
589 4119 788 4174 SinterMV:
819 4120 961 4174 interimo
1065 4120 1098 4173 la
1118 4119 1186 4173 mibi

56 4204 167 4260 uidetur
188 4204 231 4261 Ge
330 4205 363 4259 16
381 4204 498 4259 secono
597 4205 631 4258 21
649 4205 791 4274 repudient
808 4204 882 4259 MVz
912 4204 1118 4273 repudientnro

55 4290 93 4346 Ἄ
109 4290 313 4346 concinentium
329 4308 347 4346 o
