2760 4814
319 499 487 569 Exaerpta
504 515 540 554 ex
557 515 627 570 opp.
646 500 673 555 S.
691 500 884 570 Augustini
908 501 955 556 VI.
1163 503 1205 570 '15

57 691 124 757 bne.
159 690 242 756 elati
267 690 349 756 euim
368 691 401 756 te
417 690 608 773 quaerebant
624 689 784 754 doetrinae
800 688 894 770 fastu,
918 694 1078 758 exerentes
1100 691 1205 775 potius

57 812 152 878 quam
180 794 352 860 tundentes
375 793 510 875 peetora,
533 797 566 859 et
589 795 786 873 adduxerunt
808 794 868 859 sibi
890 811 945 875 per
963 794 1205 861 similitudinem

54 897 162 963 sordis
199 897 250 963 eui
284 898 499 980 conspirantes
527 900 559 963 et
588 895 688 962 sooias
724 896 890 979 superbiae
925 917 998 964 suae
1034 902 1204 982 potestates

55 1001 138 1067 aeris
176 999 289 1082 huius,
326 1017 346 1064 a
378 999 492 1082 quibus
525 1017 580 1082 per
612 999 770 1081 potentias
804 1001 945 1083 magieas
980 1003 1203 1086 deciperentur,

30 1104 252 1187 squaerentes
284 1102 490 1168 mediatorem
525 1121 580 1184 per
609 1121 702 1185 quem
731 1105 948 1187 purgarentur,
983 1110 1014 1169 et
1042 1123 1104 1170 nou
1127 1111 1204 1174 erat

53 1206 209 1272 diabolus
232 1207 316 1272 enim
340 1208 407 1273 erat
430 1206 657 1290 transfigurans
680 1226 711 1272 se
734 1208 768 1272 in
790 1208 940 1289 angelum
964 1207 1043 1272 lueis
1068 1212 1098 1272 et
1120 1209 1203 1274 mul-

51 1312 129 1374 tum
159 1308 275 1375 inlexit
302 1309 472 1392 superbam
499 1328 624 1375 earnem
650 1313 731 1391 quod
762 1328 874 1376 carneo
904 1328 1030 1393 corpore
1053 1312 1119 1394 ipse
1142 1331 1204 1379 nou

53 1415 153 1478 esset
194 1413 286 1478 eraut
320 1411 407 1478 euim
443 1412 492 1478 illi
528 1413 677 1479 mortales
711 1415 744 1478 et
781 1418 975 1497 peceatores;
1013 1417 1048 1479 tu
1087 1417 1203 1500 autem,

54 1517 202 1594 domine,
237 1515 288 1581 uui
321 1515 514 1582 renonciliari
548 1517 681 1601 superbe
716 1515 919 1600 quaerebant,
953 1517 1142 1582 immortalis
1172 1520 1206 1583 et

20 1621 128 1686 »siue
152 1623 294 1700 peceato.
324 1618 479 1685 mediator
494 1623 609 1686 autem
622 1618 705 1685 luter
721 1619 815 1685 deum
830 1623 862 1684 et
884 1618 1025 1684 homines
1044 1621 1207 1702 oportebat

55 1730 98 1789 ut
120 1721 257 1788 haberet
290 1722 408 1805 aliquid
438 1721 543 1788 simile
572 1724 639 1801 deo,
674 1722 794 1805 aliquid
823 1721 929 1788 simile
952 1721 1141 1806 homiuibus,
1166 1744 1206 1790 ne

56 1827 95 1890 in
119 1831 255 1909 utroque
277 1825 456 1891 homiuibus
478 1824 593 1890 similis
616 1825 709 1908 longe
731 1827 811 1891 asset
832 1825 922 1890 adeo
945 1827 1001 1890 aut
1023 1826 1055 1890 in
1076 1830 1207 1910 utroque

59 1931 121 1996 deo
145 1930 261 1995 similis
290 1930 383 2014 longe
411 1929 556 1995 essetab
582 1930 759 1996 hominibus
782 1933 877 2013 atque
902 1930 946 1996 ita
970 1929 1122 1996 mediator
1144 1948 1206 1996 uon

60 2036 159 2099 esset
196 2032 296 2098 fallax
318 2033 424 2115 itaque
445 2032 501 2099 ille
522 2033 686 2116 mediator,
711 2051 771 2116 quo
794 2051 851 2114 per
874 2037 992 2099 serrata
1014 2033 1128 2100 iudicia
1150 2039 1206 2101 tua

27 2136 215 2221 nauperbia
245 2136 382 2202 meretur
411 2136 511 2215 indui,
541 2155 639 2203 uuum
663 2156 736 2202 eum
765 2136 945 2203 hominibus
969 2136 1072 2216 habet,
1103 2137 1206 2202 idest

62 2245 251 2323 perustum
285 2240 370 2305 aliud
400 2239 502 2306 uideri
533 2240 603 2305 uult
626 2239 740 2305 babere
763 2259 834 2307 cum
857 2240 924 2323 deo,
947 2243 984 2304 ut
1006 2240 1080 2323 quia
1103 2240 1205 2305 earnis

62 2343 263 2407 mortalitate
285 2360 346 2408 uon
375 2343 494 2425 tegitur
524 2361 579 2426 pro
607 2342 781 2409 immortali
809 2362 843 2407 se
865 2345 1012 2408 ostentet.
1051 2343 1106 2408 aad
1129 2344 1204 2425 quia

62 2445 260 2528 stipendium
294 2446 418 2529 peceati
445 2462 531 2510 mors
560 2447 618 2525 est,
652 2445 711 2512 hoo
739 2445 837 2511 habet
866 2464 1031 2511 eommuua
1054 2464 1125 2510 oum
1148 2445 1204 2510 ho·

63 2546 206 2613 minibus
230 2551 312 2613 uude
335 2550 430 2613 simul
453 2548 618 2613 damnetur
640 2549 673 2614 in
695 2552 841 2615 mortem.

30 2675 56 2714 ι
106 2650 212 2715 Verax
228 2656 333 2716 autem
349 2651 516 2729 mediator,
532 2670 624 2734 quem
640 2656 761 2717 secreta
777 2653 833 2718 tua
848 2651 1062 2717 misericordia
1078 2651 1204 2716 demon·

62 2756 174 2819 suesti
197 2754 370 2819 humilibus
393 2756 425 2820 et
447 2754 562 2820 misisti
586 2756 624 2819 ut
637 2755 704 2820 eius
720 2755 859 2836 exemplo
875 2756 969 2819 etiam
986 2756 1087 2836 ipsam
1103 2755 1204 2820 disee·

64 2862 135 2922 rent
158 2856 383 2935 humilitatem,
407 2857 558 2922 mediator
580 2857 636 2921 ille
658 2856 708 2922 dei
724 2863 757 2922 et
771 2856 937 2921 bominum
952 2857 1044 2923 homo
1059 2857 1204 2924 Christus

64 2960 154 3025 lesus
175 2959 261 3025 inter
277 2961 425 3026 mortales
441 2961 616 3042 peecatores
632 2964 664 3025 at
680 2959 890 3025 immortalem
908 2959 1027 3026 iustum
1043 2962 1204 3044 apparuit:

64 3063 214 3129 mmtalis
236 3082 306 3129 oum
329 3063 519 3143 hominibus,
543 3065 644 3130 iustus
669 3083 741 3130 oum
762 3067 829 3143 deo,
853 3069 890 3130 ut
913 3064 1061 3146 quoniam
1085 3065 1204 3146 stipen-

35 3165 152 3232 sdiunr
183 3165 326 3232 iustitiae
348 3167 416 3233 uita
437 3173 471 3234 et
492 3187 551 3252 pax
573 3169 632 3248 eet,
663 3187 717 3251 per
739 3168 899 3235 iustitiam
922 3170 1125 3234 ooniunotem
1148 3171 1204 3234 deo

65 3273 236 3338 mmet
269 3274 403 3337 mortem
433 3271 674 3339 laetificaturum
704 3271 882 3354 impiorum,
916 3290 1012 3353 quam
1042 3290 1114 3338 oum
1142 3271 1205 3338 illis

65 3375 167 3440 uoluit
208 3371 322 3440 habere
357 3392 566 3443 communem
618 3373 670 3440 hio
707 3374 942 3441 demonstratus
981 3376 1029 3439 est
1066 3374 1204 3456 antiquie

65 3477 197 3558 mstis,
219 3478 257 3543 ut
278 3478 324 3543 ita
344 3477 406 3560 ipsi
428 3494 482 3561 par
503 3476 598 3545 fidem
621 3477 745 3544 futurae
767 3479 922 3559 passionis
951 3477 1019 3543 elue
1047 3475 1129 3540 siout
1151 3493 1206 3542 uos

166 3661 239 3715 301.
256 3660 324 3732 pr.
341 3661 403 3728 22
470 3661 488 3716 6
505 3660 539 3716 ef.
558 3661 588 3718 11
607 3661 667 3719 Cor.
688 3662 728 3728 ll,
747 3662 781 3716 14
851 3664 885 3718 10
902 3661 935 3718 of.
954 3664 969 3721 1
986 3663 1057 3720 Tim.
1076 3664 1101 3729 2,
1119 3665 1136 3720 5

117 3832 299 3903 Spotastntia
319 3834 358 3891 θ’
452 3835 560 3890 deeras
577 3833 620 3890 D·
712 3833 875 3903 deceperunt
894 3834 950 3891 G'o
1046 3835 1206 3890 6diabulue

65 3918 95 3973 D
202 3919 386 3991 lsuporbiam
408 3921 447 3978 θ’
550 3921 567 3975 9
590 3919 779 3976 resonabiliari
800 3917 846 3976 pr·
864 3920 1038 3976 reconsiliare
1056 3921 1137 3977 θ’θ’

68 4003 100 4060 10
116 4008 210 4061 antem
227 4021 278 4061 oar.
297 4005 325 4061 Τ
426 4006 458 4062 12
476 4022 493 4062 a
509 4007 675 4062 deo-esset
692 4021 743 4062 oua
764 4004 804 4061 θ’
909 4006 942 4061 14
964 4006 1035 4076 qnod
1057 4005 1137 4060 D¹P¹

68 4092 101 4147 15
117 4096 265 4148 nmen:
284 4092 384 4150 GPTo
471 4093 549 4151 indui
565 4093 723 4154 D'MP'V:
751 4091 841 4149 inludi
857 4092 1010 4150 D¹oP¹1a
1097 4091 1207 4147 haberat

67 4175 104 4231 P·
191 4181 234 4233 ert
250 4193 320 4233 orna
339 4178 406 4235 isso
498 4179 682 4245 rennuunt
705 4183 732 4241 T
823 4177 857 4233 19
875 4177 1022 4235 damnatur
1039 4178 1138 4234 D¹G¹v

67 4262 103 4319 ἴ)
117 4264 450 4321 mammonam
461 4262 525 4317 odd.
545 4267 571 4320 Τ
643 4263 881 4341 21010mpldP¹
963 4265 1082 4318 ditarent
1100 4264 1137 4318 P¹

68 4349 101 4405 ²2
117 4351 159 4406 illi
176 4350 217 4406 1)·
315 4349 352 4403 23
368 4349 489 4404 mortalis
505 4348 544 4403 D¹
635 4374 670 4436 ῃ
690 4365 760 4426 hine
777 4353 821 4412 D¹
920 4351 955 4408 28
972 4348 1207 4407 futurae-iidem

70 4450 117 4492 οι
134 4436 199 4492 117
