2760 4814
273 308 438 378 Excerpts
455 325 490 363 ex
507 325 578 379 opp.
596 309 623 364 S.
641 309 829 379 Augustini
853 310 966 368 OCLXV
1125 313 1188 379 851

57 499 140 565 illud
163 498 245 580 quod
266 496 445 564 Natanahel
478 497 572 564 dixit:
603 499 839 565 aNaaareth
866 501 999 581 potest
1031 499 1187 582 aliquid

57 604 152 671 boni
175 620 274 686 esse,
297 601 364 667 siue
378 601 575 682 affirmantis,
598 601 729 667 utillud
744 603 844 667 solum
859 603 899 667 ad
914 603 1189 687 interrogationem

58 706 228 789 pertineat,
259 706 339 787 quod
367 705 471 771 ait2a
498 704 713 782 Nazareth,
743 706 811 770 siue
838 708 943 771 totum
965 725 1035 771 cum
1056 706 1189 772 intorro-

57 809 185 893 gatione
214 810 398 894 dubitantis,
428 827 491 874 non
517 809 617 894 uideo,
648 810 800 891 quomodo
823 810 1032 893 discernatur3
1060 810 1189 893 uterque

33 918 168 979 sautem
200 931 308 978 sensus
343 913 436 977 fidem
466 930 527 976 non
556 913 696 996 impedit.
739 916 788 977 est
818 914 912 977 etiam
939 912 1128 994 ambiguitas
1155 913 1188 980 in

58 1035 136 1083 sono
169 1016 262 1081 dubio
294 1014 495 1099 syllabarum,
529 1017 562 1081 et
593 1014 669 1081 lraec
702 1015 809 1098 utique
842 1016 881 1080 ad
902 1015 1188 1099 pronuntiationem

58 1121 230 1203 pertinens.
272 1138 345 1185 nam
368 1122 448 1201 quod
470 1119 623 1201 scriptum
645 1122 709 1183 est:
737 1137 811 1184 non
834 1123 892 1183 est
915 1117 1188 1185 absconditum

59 1228 142 1290 ate
171 1240 210 1286 os
240 1240 377 1306 meum,
412 1222 511 1303 qnod
541 1219 681 1286 iecisti
701 1222 740 1286 in
762 1220 1014 1306 abscondito,
1036 1237 1098 1285 non
1120 1220 1188 1286 elu-

60 1327 113 1390 cet
134 1325 261 1408 legenti,
284 1326 391 1389 utrum
410 1328 552 1406 correpta
574 1324 683 1390 littera
704 1343 743 1390 os
765 1325 945 1408 pronuntiet
968 1342 1006 1389 an
1028 1326 1189 1408 producta

22 1455 50 1495 ιο
59 1428 87 1493 si
119 1430 203 1493 enim
231 1427 388 1509 corripiat,
420 1427 460 1491 ab
489 1445 524 1493 eo
547 1429 629 1509 quod
651 1431 725 1492 sunt
746 1445 825 1504 ossa,
849 1427 877 1493 si
900 1430 1007 1492 autem
1027 1415 1188 1510 producat,

58 1530 99 1597 ab
132 1549 168 1595 eo
201 1531 280 1614 quod
313 1530 388 1594 sunt
423 1548 477 1596 ora
512 1531 708 1614 intellegitur
736 1548 886 1595 numerus
913 1530 1093 1614 singularis.
1135 1532 1190 1596 sed

58 1632 140 1699 talia
174 1633 299 1716 linguae
334 1634 546 1715 praecedentis
579 1633 768 1716 inspectione
799 1633 1025 1713 diiudicentur3
1059 1650 1133 1697 nam
1155 1633 1189 1697 in

60 1754 172 1822 graeco
205 1756 266 1802 non
298 1728 416 1820 στ’μα,
448 1736 502 1802 sod
531 1735 647 1802 ὀστοῑν
667 1738 802 1821 positum
834 1740 890 1802 est.
935 1737 1017 1801 unde
1048 1735 1189 1819 plerum·

59 1859 122 1924 que
143 1839 290 1922 loquendi
313 1841 502 1905 consuetudo
525 1839 665 1923 uulgaris
681 1840 791 1905 utilior
807 1840 854 1904 eat
868 1837 1080 1922 significandis
1096 1836 1189 1905 rebus

23 1962 155 2026 requam
188 1943 354 2027 integritas
388 1944 539 2008 litterate.
583 1943 712 2008 mallem
746 1944 860 2027 quippe
892 1961 963 2008 cum
997 1941 1189 2009 barbarismo

58 2045 138 2113 diei:
155 2062 229 2110 non
243 2048 303 2112 eet
317 2046 592 2111 absconditum
607 2064 627 2112 a
641 2047 679 2111 te
693 2063 798 2111 ossum
812 2063 949 2123 meum,
964 2047 1107 2128 quamut
1119 2045 1189 2111 ideo

59 2151 145 2214 esset
166 2150 270 2214 minus
292 2150 445 2232 apertum,
469 2151 541 2232 qnia
561 2149 663 2233 magis
686 2149 822 2214 latinum
845 2153 902 2213 est.
947 2150 1000 2214 sed
1024 2148 1189 2231 aliquando

60 2251 175 2318 dubius
203 2250 343 2335 syllabae
371 2270 463 2318 sonus
492 2253 589 2317 etiam
612 2253 713 2319 uicino
735 2252 828 2316 uerbo
850 2250 889 2317 ad
910 2251 1042 2316 eandem
1064 2254 1189 2316 senten·

59 2355 140 2420 tiam
170 2356 346 2437 pertinente
374 2354 579 2439 diiudicatur3
612 2355 706 2420 sicuti
735 2356 784 2419 est
805 2353 884 2421 illud
907 2352 1056 2436 apostoli:
1091 2370 1190 2435 quae

24 2457 246 2540 apraedico
273 2458 407 2539 uobis,
438 2459 546 2524 sicut
567 2456 764 2541 praedixi,
788 2457 974 2539 quoniam
997 2457 1062 2539 qui
1084 2455 1190 2521 talis

59 2564 191 2645 agunt
219 2579 380 2645 regnum
410 2562 472 2627 dei
503 2578 578 2626 non
606 2559 879 2643 possidebunt.
916 2558 944 2624 si
972 2560 1189 2625 tantummodo

59 2663 207 2731 dixisset:
231 2682 327 2747 quae
350 2664 536 2746 praedico
558 2662 694 2745 uobis,
716 2661 1060 2746 nequesubinnxisset:
1082 2664 1190 2728 sieut

59 2766 264 2849 praedixi,
291 2785 352 2833 non
375 2767 436 2832 nisi
458 2766 497 2832 ad
521 2766 658 2831 codicem
690 2763 904 2847 praecedentis
936 2765 1063 2848 linguae
1084 2782 1189 2829 recur-

59 2870 196 2935 rendum
228 2873 318 2953 esset,
352 2873 389 2934 ut
415 2886 681 2954 cognosceremus,
715 2873 823 2933 utrum
856 2867 890 2934 in
923 2886 957 2934 eo
991 2870 1069 2949 quod
1093 2867 1188 2933 dixit:

25 2974 246 3057 apraedieo
278 2971 472 3056 producenda
505 2989 545 3038 an
578 2971 772 3054 corripienda
806 2972 888 3036 esset
922 2968 1047 3056 syllaba
1074 2968 1187 3037 media.

59 3095 144 3142 nunc
166 3076 272 3141 antem
294 3075 496 3142 manifestum
519 3076 567 3141 est
588 3075 819 3157 producendam
842 3093 917 3141 esse.
946 3090 1008 3138 non
1030 3073 1189 3139 enimait:

59 3179 144 3246 deut
167 3179 353 3262 praedicam,
377 3181 447 3245 sed:
471 3177 581 3244 sicut
601 3179 788 3262 praedixi.

165 3414 238 3471 11⁰.
257 3416 281 3481 1,
297 3415 331 3469 47
418 3414 434 3468 'l
454 3416 493 3480 (et
511 3415 554 3483 16)
572 3413 617 3469 Pe
637 3414 695 3484 138,
715 3414 747 3469 15
835 3413 868 3468 19
884 3410 945 3466 Gal
964 3412 989 3477 b,
1006 3410 1040 3467 al

111 3636 293 3692 lnatanahel
315 3635 351 3690 V:
380 3634 525 3690 nathanael
544 3634 587 3690 Ge
673 3635 747 3689 aVz
774 3650 859 3691 oeae
944 3633 1189 3703 dintenogatione

57 3724 214 3779 dubitantis
229 3723 267 3779 V:
294 3723 465 3778 dubitatione
476 3723 668 3791 interrogantis
682 3721 753 3778 oPe
838 3723 856 3778 8
868 3738 897 3777 os
907 3738 996 3777 meum
1007 3739 1024 3777 s
1035 3728 1064 3777 ta
1079 3721 1120 3777 Ge

57 3812 124 3866 oo·
140 3810 237 3865 littera
256 3810 327 3867 GPo
352 3876 356 3883 ¹
429 3810 655 3879 pronuntieturc
757 3808 791 3862 12
814 3807 995 3877 praecedentis
1017 3807 1070 3862 Vc:
1100 3822 1190 3877 proee-

59 3896 150 3951 dentis
169 3895 197 3952 G
299 3896 464 3965 inspectione
481 3894 516 3951 V:
546 3896 575 3948 in
593 3894 787 3964 exspectatione
805 3897 846 3961 (ta
862 3894 914 3949 del.
930 3911 965 3949 m.
984 3897 1003 3948 3
1023 3894 1059 3964 θ)
1079 3893 1122 3951 ov
1236 3920 1242 3933 ·

60 3983 95 4038 lo
113 3988 201 4038 stoma
215 3980 243 4034 V
265 3982 429 4038 sthonsaGs
515 3981 616 4036 ὀστοῦν
632 3981 743 4050 scripsit
769 3983 848 4035 eston
867 3980 964 4037 GPVe
1050 3980 1083 4034 16
1100 3996 1189 4035 ossum

60 4067 114 4125 0⁸:
142 4084 172 4123 os
191 4066 302 4124 G¹PVo
397 4084 426 4121 os
444 4083 530 4122 meum
548 4084 565 4122 a
581 4072 609 4122 te
628 4067 671 4123 Ge
770 4068 802 4121 19
819 4068 969 4136 pertinente
988 4065 1078 4122 G’P’:
1107 4066 1190 4136 petti-

58 4156 169 4209 nentem
186 4151 256 4209 Po
277 4153 429 4224 pertinendi
445 4154 499 4209 G¹o
583 4153 767 4208 diiudicentur
785 4154 814 4208 P
838 4153 993 4209 iudicantur
1012 4151 1068 4208 G¹c
1154 4153 1191 4206 si·

56 4242 106 4296 ent
125 4238 168 4296 oe
277 4240 312 4294 23
329 4238 516 4295 recurrendum
534 4242 606 4294 esset
623 4238 804 4308 praecedentis
821 4238 965 4309 lingusee

1031 4338 1086 4393 540
