<?xml version="1.0" encoding="UTF-8"?>
<!DOCTYPE html PUBLIC "-//W3C//DTD XHTML 1.0 Transitional//EN"
    "http://www.w3.org/TR/xhtml1/DTD/xhtml1-transitional.dtd">
<html xmlns="http://www.w3.org/1999/xhtml" xml:lang="en" lang="en">
 <head>
  <title>
</title>
<meta http-equiv="Content-Type" content="text/html;charset=utf-8" />
  <meta name='ocr-system' content='tesseract 3.04.00' />
  <meta name='ocr-capabilities' content='ocr_page ocr_carea ocr_par ocr_line ocrx_word'/>
</head>
<body>
  <div class='ocr_page' id='page_1' title='image "./evgippiiexcerpt00kngoog/evgippiiexcerpt00kngoog_1069.png"; bbox 0 0 2760 4814; ppageno 0'>
   <div class='ocr_carea' id='block_1_1' title="bbox 133 532 779 605">
    <p class='ocr_par' dir='ltr' id='par_1_1' title="bbox 133 532 779 605">
     <span class='ocr_line' id='line_1_1' title="bbox 133 532 779 605; baseline 0 -2"><span class='ocrx_word' id='word_1_1' title='bbox 133 537 216 605; x_wconf 83' lang='lat'>1046</span> <span class='ocrx_word' id='word_1_2' title='bbox 612 532 779 604; x_wconf 73' lang='lat' dir='ltr'><strong>nugrppu</strong></span> 
     </span>
    </p>
   </div>
   <div class='ocr_carea' id='block_1_2' title="bbox 130 723 1290 2235">
    <p class='ocr_par' dir='ltr' id='par_1_2' title="bbox 130 723 1290 2235">
     <span class='ocr_line' id='line_1_2' title="bbox 132 723 1264 808; baseline -0.002 -15"><span class='ocrx_word' id='word_1_3' title='bbox 132 732 264 793; x_wconf 80' lang='lat' dir='ltr'><strong>antem</strong></span> <span class='ocrx_word' id='word_1_4' title='bbox 285 726 373 793; x_wconf 90' lang='lat' dir='ltr'><strong>dico</strong></span> <span class='ocrx_word' id='word_1_5' title='bbox 397 726 434 791; x_wconf 92' lang='lat' dir='ltr'><strong>in</strong></span> <span class='ocrx_word' id='word_1_6' title='bbox 457 724 616 791; x_wconf 79' lang='lat' dir='ltr'><strong>Christo</strong></span> <span class='ocrx_word' id='word_1_7' title='bbox 635 728 673 790; x_wconf 91' lang='lat' dir='ltr'><strong>et</strong></span> <span class='ocrx_word' id='word_1_8' title='bbox 690 723 872 791; x_wconf 80' lang='lat' dir='ltr'><strong>ecelesia</strong></span> <span class='ocrx_word' id='word_1_9' title='bbox 906 723 1030 789; x_wconf 87' lang='lat' dir='ltr'><strong>dimisit</strong></span> <span class='ocrx_word' id='word_1_10' title='bbox 1044 725 1132 791; x_wconf 87' lang='lat' dir='ltr'><strong>enim</strong></span> <span class='ocrx_word' id='word_1_11' title='bbox 1148 728 1264 808; x_wconf 86' lang='lat' dir='ltr'><strong>patrem</strong></span> 
     </span>
     <span class='ocr_line' id='line_1_3' title="bbox 132 827 1263 913; baseline -0.002 -16"><span class='ocrx_word' id='word_1_12' title='bbox 132 830 268 913; x_wconf 85' lang='lat' dir='ltr'><strong>quodam</strong></span> <span class='ocrx_word' id='word_1_13' title='bbox 295 828 397 904; x_wconf 89' lang='lat' dir='ltr'><strong>modo,</strong></span> <span class='ocrx_word' id='word_1_14' title='bbox 426 846 486 892; x_wconf 92' lang='lat' dir='ltr'><strong>non</strong></span> <span class='ocrx_word' id='word_1_15' title='bbox 516 827 642 893; x_wconf 92' lang='lat' dir='ltr'><strong>omnino</strong></span> <span class='ocrx_word' id='word_1_16' title='bbox 670 827 792 893; x_wconf 91' lang='lat' dir='ltr'><strong>dimisit</strong></span> <span class='ocrx_word' id='word_1_17' title='bbox 821 827 921 892; x_wconf 83' lang='lat' dir='ltr'><strong>ueluti</strong></span> <span class='ocrx_word' id='word_1_18' title='bbox 950 827 991 893; x_wconf 87' lang='lat' dir='ltr'><strong>ad</strong></span> <span class='ocrx_word' id='word_1_19' title='bbox 1024 831 1263 912; x_wconf 71' lang='lat' dir='ltr'><strong>separationem,</strong></span> 
     </span>
     <span class='ocr_line' id='line_1_4' title="bbox 132 928 1263 1015; baseline -0.003 -17"><span class='ocrx_word' id='word_1_20' title='bbox 132 933 187 998; x_wconf 87' lang='lat' dir='ltr'><strong>sed</strong></span> <span class='ocrx_word' id='word_1_21' title='bbox 210 933 250 998; x_wconf 89' lang='lat' dir='ltr'><strong>ad</strong></span> <span class='ocrx_word' id='word_1_22' title='bbox 272 930 503 1013; x_wconf 73' lang='lat' dir='ltr'><strong>susceptionem</strong></span> <span class='ocrx_word' id='word_1_23' title='bbox 527 929 680 995; x_wconf 76' lang='lat' dir='ltr'><strong>humanae</strong></span> <span class='ocrx_word' id='word_1_24' title='bbox 702 932 812 996; x_wconf 89' lang='lat' dir='ltr'><strong>carnis.</strong></span> <span class='ocrx_word' id='word_1_25' title='bbox 842 928 995 1011; x_wconf 87' lang='lat' dir='ltr'><strong>quomodo</strong></span> <span class='ocrx_word' id='word_1_26' title='bbox 1009 929 1161 997; x_wconf 75' lang='lat' dir='ltr'><strong>dimisit?</strong></span> <span class='ocrx_word' id='word_1_27' title='bbox 1182 931 1263 1015; x_wconf 87' lang='lat' dir='ltr'><strong>qnia,</strong></span> 
     </span>
     <span class='ocr_line' id='line_1_5' title="bbox 131 1032 1262 1116; baseline -0.002 -16"><span class='ocrx_word' id='word_1_28' title='bbox 131 1054 216 1100; x_wconf 92' lang='lat' dir='ltr'><strong>cum</strong></span> <span class='ocrx_word' id='word_1_29' title='bbox 245 1035 353 1099; x_wconf 88' lang='lat' dir='ltr'><strong>esset</strong></span> <span class='ocrx_word' id='word_1_30' title='bbox 379 1033 420 1098; x_wconf 93' lang='lat' dir='ltr'><strong>in</strong></span> <span class='ocrx_word' id='word_1_31' title='bbox 451 1033 576 1098; x_wconf 84' lang='lat' dir='ltr'><strong>forme</strong></span> <span class='ocrx_word' id='word_1_32' title='bbox 604 1033 682 1116; x_wconf 84' lang='lat' dir='ltr'><strong>dei,</strong></span> <span class='ocrx_word' id='word_1_33' title='bbox 712 1050 786 1101; x_wconf 88' lang='lat' dir='ltr'><strong>non</strong></span> <span class='ocrx_word' id='word_1_34' title='bbox 815 1032 995 1116; x_wconf 89' lang='lat' dir='ltr'><strong>rapinam</strong></span> <span class='ocrx_word' id='word_1_35' title='bbox 1030 1034 1262 1100; x_wconf 77' lang='lat' dir='ltr'><strong>arbitratus</strong></span> 
     </span>
     <span class='ocr_line' id='line_1_6' title="bbox 130 1135 1290 1219; baseline -0.003 -17"><span class='ocrx_word' id='word_1_36' title='bbox 130 1139 191 1203; x_wconf 85' lang='lat' dir='ltr'><strong>est</strong></span> <span class='ocrx_word' id='word_1_37' title='bbox 219 1155 304 1202; x_wconf 88' lang='lat' dir='ltr'><strong>esse</strong></span> <span class='ocrx_word' id='word_1_38' title='bbox 331 1155 370 1202; x_wconf 91' lang='lat' dir='ltr'><strong>se</strong></span> <span class='ocrx_word' id='word_1_39' title='bbox 399 1135 599 1219; x_wconf 87' lang='lat' dir='ltr'><strong>aequalem</strong></span> <span class='ocrx_word' id='word_1_40' title='bbox 627 1136 712 1214; x_wconf 85' lang='lat' dir='ltr'><strong>deo,</strong></span> <span class='ocrx_word' id='word_1_41' title='bbox 739 1136 807 1201; x_wconf 91' lang='lat' dir='ltr'><strong>sed</strong></span> <span class='ocrx_word' id='word_1_42' title='bbox 829 1139 951 1202; x_wconf 89' lang='lat' dir='ltr'><strong>semet</strong></span> <span class='ocrx_word' id='word_1_43' title='bbox 972 1136 1110 1217; x_wconf 90' lang='lat' dir='ltr'><strong>ipsum</strong></span> <span class='ocrx_word' id='word_1_44' title='bbox 1135 1137 1290 1202; x_wconf 81' lang='lat' dir='ltr'><strong>arina-r</strong></span> 
     </span>
     <span class='ocr_line' id='line_1_7' title="bbox 131 1238 1263 1322; baseline -0.002 -17"><span class='ocrx_word' id='word_1_45' title='bbox 131 1239 238 1305; x_wconf 89' lang='lat' dir='ltr'><strong>niuit</strong></span> <span class='ocrx_word' id='word_1_46' title='bbox 275 1239 443 1305; x_wconf 84' lang='lat' dir='ltr'><strong>formam</strong></span> <span class='ocrx_word' id='word_1_47' title='bbox 479 1238 585 1303; x_wconf 88' lang='lat' dir='ltr'><strong>serui</strong></span> <span class='ocrx_word' id='word_1_48' title='bbox 623 1240 832 1322; x_wconf 87' lang='lat' dir='ltr'><strong>accipiens.</strong></span> <span class='ocrx_word' id='word_1_49' title='bbox 878 1239 1032 1322; x_wconf 82' lang='lat' dir='ltr'><strong>quomedo</strong></span> <span class='ocrx_word' id='word_1_50' title='bbox 1069 1239 1196 1305; x_wconf 86' lang='lat' dir='ltr'><strong>dimisit</strong></span> <span class='ocrx_word' id='word_1_51' title='bbox 1232 1242 1263 1303; x_wconf 89' lang='lat' dir='ltr'><strong>et</strong></span> 
     </span>
     <span class='ocr_line' id='line_1_8' title="bbox 131 1340 1261 1426; baseline -0.001 -18"><span class='ocrx_word' id='word_1_52' title='bbox 131 1346 280 1421; x_wconf 86' lang='lat' dir='ltr'><strong>matrem,</strong></span> <span class='ocrx_word' id='word_1_53' title='bbox 320 1345 446 1426; x_wconf 82' lang='lat' dir='ltr'><strong>gentem</strong></span> <span class='ocrx_word' id='word_1_54' title='bbox 482 1341 684 1419; x_wconf 85' lang='lat' dir='ltr'><strong>Iudaeorum,</strong></span> <span class='ocrx_word' id='word_1_55' title='bbox 724 1358 916 1425; x_wconf 79' lang='lat' dir='ltr'><strong>synagogam</strong></span> <span class='ocrx_word' id='word_1_56' title='bbox 952 1340 1044 1406; x_wconf 84' lang='lat' dir='ltr'><strong>illam</strong></span> <span class='ocrx_word' id='word_1_57' title='bbox 1082 1342 1261 1408; x_wconf 86' lang='lat' dir='ltr'><strong>haerentem</strong></span> 
     </span>
     <span class='ocr_line' id='line_1_9' title="bbox 131 1443 1259 1529; baseline -0.001 -20"><span class='ocrx_word' id='word_1_58' title='bbox 131 1446 291 1511; x_wconf 84' lang='lat' dir='ltr'><strong>ueteribus</strong></span> <span class='ocrx_word' id='word_1_59' title='bbox 320 1443 551 1510; x_wconf 79' lang='lat' dir='ltr'><strong>sacramentis?</strong></span> <span class='ocrx_word' id='word_1_60' title='bbox 580 1447 618 1509; x_wconf 89' lang='lat' dir='ltr'><strong>ad</strong></span> <span class='ocrx_word' id='word_1_61' title='bbox 647 1444 747 1527; x_wconf 87' lang='lat' dir='ltr'><strong>ipsam</strong></span> <span class='ocrx_word' id='word_1_62' title='bbox 770 1443 905 1527; x_wconf 88' lang='lat' dir='ltr'><strong>figuram</strong></span> <span class='ocrx_word' id='word_1_63' title='bbox 933 1444 1070 1527; x_wconf 87' lang='lat' dir='ltr'><strong>pertinet</strong></span> <span class='ocrx_word' id='word_1_64' title='bbox 1094 1445 1178 1529; x_wconf 89' lang='lat' dir='ltr'><strong>qnod</strong></span> <span class='ocrx_word' id='word_1_65' title='bbox 1201 1446 1259 1510; x_wconf 87' lang='lat' dir='ltr'><strong>ait:</strong></span> 
     </span>
     <span class='ocr_line' id='line_1_10' title="bbox 132 1546 1261 1630; baseline 0 -19"><span class='ocrx_word' id='word_1_66' title='bbox 132 1567 229 1629; x_wconf 90' lang='lat' dir='ltr'><strong>quae</strong></span> <span class='ocrx_word' id='word_1_67' title='bbox 264 1547 362 1613; x_wconf 89' lang='lat' dir='ltr'><strong>mihi</strong></span> <span class='ocrx_word' id='word_1_68' title='bbox 396 1551 534 1621; x_wconf 87' lang='lat' dir='ltr'><strong>mater,</strong></span> <span class='ocrx_word' id='word_1_69' title='bbox 568 1550 635 1611; x_wconf 91' lang='lat' dir='ltr'><strong>aut</strong></span> <span class='ocrx_word' id='word_1_70' title='bbox 669 1547 736 1630; x_wconf 92' lang='lat' dir='ltr'><strong>qui</strong></span> <span class='ocrx_word' id='word_1_71' title='bbox 770 1546 945 1612; x_wconf 75' lang='lat' dir='ltr'><strong>iratres?</strong></span> <span class='ocrx_word' id='word_1_72' title='bbox 979 1547 1033 1611; x_wconf 91' lang='lat' dir='ltr'><strong>ille</strong></span> <span class='ocrx_word' id='word_1_73' title='bbox 1062 1550 1150 1614; x_wconf 90' lang='lat' dir='ltr'><strong>enim</strong></span> <span class='ocrx_word' id='word_1_74' title='bbox 1180 1550 1261 1613; x_wconf 87' lang='lat' dir='ltr'><strong>intns</strong></span> 
     </span>
     <span class='ocr_line' id='line_1_11' title="bbox 132 1649 1289 1732; baseline -0.001 -16"><span class='ocrx_word' id='word_1_75' title='bbox 132 1651 274 1728; x_wconf 88' lang='lat' dir='ltr'><strong>docebat,</strong></span> <span class='ocrx_word' id='word_1_76' title='bbox 297 1650 346 1716; x_wconf 90' lang='lat' dir='ltr'><strong>illi</strong></span> <span class='ocrx_word' id='word_1_77' title='bbox 368 1649 442 1715; x_wconf 85' lang='lat' dir='ltr'><strong>foris</strong></span> <span class='ocrx_word' id='word_1_78' title='bbox 464 1650 600 1716; x_wconf 86' lang='lat' dir='ltr'><strong>stabant.</strong></span> <span class='ocrx_word' id='word_1_79' title='bbox 632 1651 744 1732; x_wconf 88' lang='lat' dir='ltr'><strong>uidete,</strong></span> <span class='ocrx_word' id='word_1_80' title='bbox 762 1651 789 1714; x_wconf 86' lang='lat' dir='ltr'><strong>si</strong></span> <span class='ocrx_word' id='word_1_81' title='bbox 801 1668 862 1715; x_wconf 93' lang='lat' dir='ltr'><strong>non</strong></span> <span class='ocrx_word' id='word_1_82' title='bbox 878 1653 968 1716; x_wconf 89' lang='lat' dir='ltr'><strong>modo</strong></span> <span class='ocrx_word' id='word_1_83' title='bbox 983 1649 1030 1715; x_wconf 92' lang='lat' dir='ltr'><strong>ita</strong></span> <span class='ocrx_word' id='word_1_84' title='bbox 1045 1656 1122 1717; x_wconf 88' lang='lat' dir='ltr'><strong>sunt</strong></span> <span class='ocrx_word' id='word_1_85' title='bbox 1138 1651 1289 1716; x_wconf 78' lang='lat' dir='ltr'><strong>Iudaeiro</strong></span> 
     </span>
     <span class='ocr_line' id='line_1_12' title="bbox 133 1752 1261 1839; baseline 0 -22"><span class='ocrx_word' id='word_1_86' title='bbox 133 1752 223 1818; x_wconf 88' lang='lat' dir='ltr'><strong>docet</strong></span> <span class='ocrx_word' id='word_1_87' title='bbox 246 1752 389 1819; x_wconf 80' lang='lat' dir='ltr'><strong>Christus</strong></span> <span class='ocrx_word' id='word_1_88' title='bbox 411 1753 444 1817; x_wconf 93' lang='lat' dir='ltr'><strong>in</strong></span> <span class='ocrx_word' id='word_1_89' title='bbox 468 1752 609 1829; x_wconf 83' lang='lat' dir='ltr'><strong>ecclesia,</strong></span> <span class='ocrx_word' id='word_1_90' title='bbox 633 1752 682 1817; x_wconf 91' lang='lat' dir='ltr'><strong>illi</strong></span> <span class='ocrx_word' id='word_1_91' title='bbox 706 1754 781 1819; x_wconf 87' lang='lat' dir='ltr'><strong>ioris</strong></span> <span class='ocrx_word' id='word_1_92' title='bbox 804 1754 899 1817; x_wconf 88' lang='lat' dir='ltr'><strong>stant.</strong></span> <span class='ocrx_word' id='word_1_93' title='bbox 945 1770 1052 1819; x_wconf 89' lang='lat' dir='ltr'><strong>socrus</strong></span> <span class='ocrx_word' id='word_1_94' title='bbox 1079 1771 1155 1839; x_wconf 81' lang='lat' dir='ltr'><strong>ergo</strong></span> <span class='ocrx_word' id='word_1_95' title='bbox 1187 1772 1261 1836; x_wconf 85' lang='lat' dir='ltr'><strong>qnae</strong></span> 
     </span>
     <span class='ocr_line' id='line_1_13' title="bbox 132 1854 1261 1941; baseline 0.002 -21"><span class='ocrx_word' id='word_1_96' title='bbox 132 1858 206 1921; x_wconf 75' lang='lat' dir='ltr'><strong>est?</strong></span> <span class='ocrx_word' id='word_1_97' title='bbox 228 1856 329 1920; x_wconf 89' lang='lat' dir='ltr'><strong>mater</strong></span> <span class='ocrx_word' id='word_1_98' title='bbox 351 1855 466 1939; x_wconf 87' lang='lat' dir='ltr'><strong>sponsi.</strong></span> <span class='ocrx_word' id='word_1_99' title='bbox 504 1856 607 1920; x_wconf 90' lang='lat' dir='ltr'><strong>mater</strong></span> <span class='ocrx_word' id='word_1_100' title='bbox 629 1858 733 1940; x_wconf 89' lang='lat' dir='ltr'><strong>sponsi</strong></span> <span class='ocrx_word' id='word_1_101' title='bbox 748 1854 866 1921; x_wconf 89' lang='lat' dir='ltr'><strong>domini</strong></span> <span class='ocrx_word' id='word_1_102' title='bbox 882 1856 953 1920; x_wconf 91' lang='lat' dir='ltr'><strong>Iesu</strong></span> <span class='ocrx_word' id='word_1_103' title='bbox 969 1854 1087 1923; x_wconf 80' lang='lat' dir='ltr'><strong>Christi</strong></span> <span class='ocrx_word' id='word_1_104' title='bbox 1104 1874 1261 1941; x_wconf 82' lang='lat' dir='ltr'><strong>synagoga</strong></span> 
     </span>
     <span class='ocr_line' id='line_1_14' title="bbox 133 1956 1258 2042; baseline 0.004 -21"><span class='ocrx_word' id='word_1_105' title='bbox 133 1962 191 2022; x_wconf 87' lang='lat' dir='ltr'><strong>est.</strong></span> <span class='ocrx_word' id='word_1_106' title='bbox 229 1956 358 2040; x_wconf 89' lang='lat' dir='ltr'><strong>proinde</strong></span> <span class='ocrx_word' id='word_1_107' title='bbox 387 1976 483 2023; x_wconf 89' lang='lat' dir='ltr'><strong>nurus</strong></span> <span class='ocrx_word' id='word_1_108' title='bbox 498 1958 576 2023; x_wconf 74' lang='lat' dir='ltr'><strong>&#39;eius</strong></span> <span class='ocrx_word' id='word_1_109' title='bbox 609 1994 652 2005; x_wconf 96' lang='lat'><em>-</em></span> <span class='ocrx_word' id='word_1_110' title='bbox 681 1958 812 2023; x_wconf 84' lang='lat' dir='ltr'><strong>ecclesia</strong></span> <span class='ocrx_word' id='word_1_111' title='bbox 835 1958 963 2023; x_wconf 91' lang='lat' dir='ltr'><strong>ueniens</strong></span> <span class='ocrx_word' id='word_1_112' title='bbox 986 1958 1024 2023; x_wconf 91' lang='lat' dir='ltr'><strong>de</strong></span> <span class='ocrx_word' id='word_1_113' title='bbox 1046 1960 1198 2042; x_wconf 87' lang='lat' dir='ltr'><strong>gentibus</strong></span> <span class='ocrx_word' id='word_1_114' title='bbox 1219 1996 1258 2007; x_wconf 94' lang='lat'>-</span> 
     </span>
     <span class='ocr_line' id='line_1_15' title="bbox 134 2060 1259 2130; baseline 0.004 -6"><span class='ocrx_word' id='word_1_115' title='bbox 134 2078 197 2125; x_wconf 91' lang='lat' dir='ltr'><strong>non</strong></span> <span class='ocrx_word' id='word_1_116' title='bbox 212 2061 367 2127; x_wconf 87' lang='lat' dir='ltr'><strong>consentit</strong></span> <span class='ocrx_word' id='word_1_117' title='bbox 389 2061 428 2127; x_wconf 86' lang='lat' dir='ltr'><strong>ad</strong></span> <span class='ocrx_word' id='word_1_118' title='bbox 444 2060 713 2127; x_wconf 80' lang='lat' dir='ltr'><strong>circumcisionem</strong></span> <span class='ocrx_word' id='word_1_119' title='bbox 730 2061 903 2127; x_wconf 87' lang='lat' dir='ltr'><strong>carnalem:</strong></span> <span class='ocrx_word' id='word_1_120' title='bbox 926 2062 1030 2127; x_wconf 84' lang='lat' dir='ltr'><strong>diuisa</strong></span> <span class='ocrx_word' id='word_1_121' title='bbox 1045 2068 1094 2128; x_wconf 90' lang='lat' dir='ltr'><strong>est</strong></span> <span class='ocrx_word' id='word_1_122' title='bbox 1111 2064 1259 2130; x_wconf 85' lang='lat' dir='ltr'><strong>aduersus</strong></span> 
     </span>
     <span class='ocr_line' id='line_1_16' title="bbox 132 2181 1289 2235; baseline 0.007 -8"><span class='ocrx_word' id='word_1_123' title='bbox 132 2181 256 2228; x_wconf 85' lang='lat' dir='ltr'><strong>socrum</strong></span> <span class='ocrx_word' id='word_1_124' title='bbox 279 2181 377 2229; x_wconf 85' lang='lat' dir='ltr'><strong>suam.</strong></span> <span class='ocrx_word' id='word_1_125' title='bbox 1267 2194 1289 2235; x_wconf 84' lang='lat' dir='ltr'><strong>c</strong></span> 
     </span>
    </p>
   </div>
   <div class='ocr_carea' id='block_1_3' title="bbox 131 2421 1259 2507">
    <p class='ocr_par' dir='ltr' id='par_1_3' title="bbox 131 2421 1259 2507">
     <span class='ocr_line' id='line_1_17' title="bbox 131 2421 1259 2507; baseline 0.004 -22"><span class='ocrx_word' id='word_1_126' title='bbox 131 2421 192 2507; x_wconf 78' lang='lat' dir='ltr'><strong>[DE</strong></span> <span class='ocrx_word' id='word_1_127' title='bbox 213 2440 259 2486; x_wconf 75' lang='lat' dir='ltr'><strong>Ed)</strong></span> <span class='ocrx_word' id='word_1_128' title='bbox 281 2440 376 2500; x_wconf 72' lang='lat' dir='ltr'><strong>Qvod)</strong></span> <span class='ocrx_word' id='word_1_129' title='bbox 398 2438 455 2484; x_wconf 85' lang='grc' dir='ltr'><strong>ΑΙΤ</strong></span> <span class='ocrx_word' id='word_1_130' title='bbox 485 2436 653 2487; x_wconf 69' lang='lat' dir='ltr'><strong>DOMINVSt</strong></span> <span class='ocrx_word' id='word_1_131' title='bbox 682 2439 805 2496; x_wconf 71' lang='lat' dir='ltr'><strong>Dans,</strong></span> <span class='ocrx_word' id='word_1_132' title='bbox 834 2439 883 2485; x_wconf 79' lang='lat' dir='ltr'><strong>ET</strong></span> <span class='ocrx_word' id='word_1_133' title='bbox 914 2439 1106 2487; x_wconf 71' lang='lat' dir='ltr'><strong>nnnlrvn</strong></span> <span class='ocrx_word' id='word_1_134' title='bbox 1128 2442 1259 2490; x_wconf 58' lang='lat' dir='ltr'>VOBI&amp;</span> 
     </span>
    </p>
   </div>
   <div class='ocr_carea' id='block_1_4' title="bbox 48 2576 1289 3777">
    <p class='ocr_par' dir='ltr' id='par_1_4' title="bbox 60 2576 1260 2861">
     <span class='ocr_line' id='line_1_18' title="bbox 60 2576 1259 2659; baseline 0.003 -16"><span class='ocrx_word' id='word_1_135' title='bbox 60 2578 125 2644; x_wconf 82' lang='lat'><strong>362</strong></span> <span class='ocrx_word' id='word_1_136' title='bbox 177 2576 265 2658; x_wconf 85' lang='lat' dir='ltr'><strong>Quod</strong></span> <span class='ocrx_word' id='word_1_137' title='bbox 293 2578 436 2642; x_wconf 89' lang='lat' dir='ltr'><strong>dominus</strong></span> <span class='ocrx_word' id='word_1_138' title='bbox 464 2576 555 2641; x_wconf 86' lang='lat' dir='ltr'><strong>dicit:</strong></span> <span class='ocrx_word' id='word_1_139' title='bbox 584 2577 689 2659; x_wconf 85' lang='lat' dir='ltr'><strong>date,</strong></span> <span class='ocrx_word' id='word_1_140' title='bbox 711 2579 750 2641; x_wconf 89' lang='lat' dir='ltr'><strong>et</strong></span> <span class='ocrx_word' id='word_1_141' title='bbox 773 2576 935 2642; x_wconf 88' lang='lat' dir='ltr'><strong>dabitur</strong></span> <span class='ocrx_word' id='word_1_142' title='bbox 957 2579 1085 2644; x_wconf 90' lang='lat' dir='ltr'><strong>uobis:</strong></span> <span class='ocrx_word' id='word_1_143' title='bbox 1111 2599 1259 2646; x_wconf 91' lang='lat' dir='ltr'><strong>mensu·</strong></span> 
     </span>
     <span class='ocr_line' id='line_1_19' title="bbox 130 2680 1259 2766; baseline 0.004 -22"><span class='ocrx_word' id='word_1_144' title='bbox 130 2698 210 2744; x_wconf 90' lang='lat' dir='ltr'><strong>ram</strong></span> <span class='ocrx_word' id='word_1_145' title='bbox 247 2680 401 2758; x_wconf 83' lang='lat' dir='ltr'><strong>bonam,</strong></span> <span class='ocrx_word' id='word_1_146' title='bbox 439 2681 661 2745; x_wconf 79' lang='lat' dir='ltr'><strong>confersam</strong></span> <span class='ocrx_word' id='word_1_147' title='bbox 698 2683 735 2745; x_wconf 88' lang='lat' dir='ltr'><strong>ct</strong></span> <span class='ocrx_word' id='word_1_148' title='bbox 772 2681 1014 2762; x_wconf 83' lang='lat' dir='ltr'><strong>coagitatam</strong></span> <span class='ocrx_word' id='word_1_149' title='bbox 1053 2686 1094 2746; x_wconf 91' lang='lat' dir='ltr'><strong>et</strong></span> <span class='ocrx_word' id='word_1_150' title='bbox 1132 2701 1259 2766; x_wconf 87' lang='lat' dir='ltr'><strong>super·</strong></span> 
     </span>
     <span class='ocr_line' id='line_1_20' title="bbox 130 2782 1260 2861; baseline 0.004 -14"><span class='ocrx_word' id='word_1_151' title='bbox 130 2782 367 2848; x_wconf 85' lang='lat' dir='ltr'><strong>effluentem</strong></span> <span class='ocrx_word' id='word_1_152' title='bbox 391 2782 541 2849; x_wconf 86' lang='lat' dir='ltr'><strong>dabunt</strong></span> <span class='ocrx_word' id='word_1_153' title='bbox 562 2784 604 2848; x_wconf 94' lang='lat' dir='ltr'><strong>in</strong></span> <span class='ocrx_word' id='word_1_154' title='bbox 627 2785 751 2849; x_wconf 89' lang='lat' dir='ltr'><strong>sinum</strong></span> <span class='ocrx_word' id='word_1_155' title='bbox 775 2788 964 2861; x_wconf 84' lang='lat' dir='ltr'><strong>uestrum,</strong></span> <span class='ocrx_word' id='word_1_156' title='bbox 980 2804 1016 2848; x_wconf 86' lang='lat' dir='ltr'><strong>ex</strong></span> <span class='ocrx_word' id='word_1_157' title='bbox 1032 2784 1090 2850; x_wconf 90' lang='lat' dir='ltr'><strong>illa</strong></span> <span class='ocrx_word' id='word_1_158' title='bbox 1105 2788 1260 2851; x_wconf 86' lang='lat' dir='ltr'><strong>sententia</strong></span> 
     </span>
    </p>

    <p class='ocr_par' dir='ltr' id='par_1_5' title="bbox 48 2885 1289 3777">
     <span class='ocr_line' id='line_1_21' title="bbox 48 2885 1288 2971; baseline 0.002 -21"><span class='ocrx_word' id='word_1_159' title='bbox 48 2954 51 2961; x_wconf 73' lang='grc'>,</span> <span class='ocrx_word' id='word_1_160' title='bbox 132 2885 232 2969; x_wconf 84' lang='lat' dir='ltr'><strong>accipi</strong></span> <span class='ocrx_word' id='word_1_161' title='bbox 259 2887 369 2969; x_wconf 89' lang='lat' dir='ltr'><strong>potest,</strong></span> <span class='ocrx_word' id='word_1_162' title='bbox 403 2905 463 2967; x_wconf 90' lang='lat' dir='ltr'><strong>qua</strong></span> <span class='ocrx_word' id='word_1_163' title='bbox 492 2886 570 2951; x_wconf 87' lang='lat' dir='ltr'><strong>dicit</strong></span> <span class='ocrx_word' id='word_1_164' title='bbox 606 2886 668 2952; x_wconf 90' lang='lat' dir='ltr'><strong>alio</strong></span> <span class='ocrx_word' id='word_1_165' title='bbox 701 2888 785 2953; x_wconf 88' lang='lat' dir='ltr'><strong>loco:</strong></span> <span class='ocrx_word' id='word_1_166' title='bbox 819 2890 860 2953; x_wconf 90' lang='lat' dir='ltr'><strong>nt</strong></span> <span class='ocrx_word' id='word_1_167' title='bbox 890 2890 928 2954; x_wconf 89' lang='lat' dir='ltr'><strong>et</strong></span> <span class='ocrx_word' id='word_1_168' title='bbox 956 2886 1031 2970; x_wconf 90' lang='lat' dir='ltr'><strong>ipsi</strong></span> <span class='ocrx_word' id='word_1_169' title='bbox 1060 2889 1288 2971; x_wconf 76' lang='lat' dir='ltr'><strong>recipiente</strong></span> 
     </span>
     <span class='ocr_line' id='line_1_22' title="bbox 131 2986 1257 3074; baseline 0.004 -21"><span class='ocrx_word' id='word_1_170' title='bbox 131 3007 199 3053; x_wconf 88' lang='lat' dir='ltr'><strong>nos</strong></span> <span class='ocrx_word' id='word_1_171' title='bbox 222 2989 260 3053; x_wconf 89' lang='lat' dir='ltr'><strong>in</strong></span> <span class='ocrx_word' id='word_1_172' title='bbox 284 2986 546 3053; x_wconf 85' lang='lat' dir='ltr'><strong>tabernacula</strong></span> <span class='ocrx_word' id='word_1_173' title='bbox 574 2994 749 3067; x_wconf 83' lang='lat' dir='ltr'><strong>aeterna,</strong></span> <span class='ocrx_word' id='word_1_174' title='bbox 780 2993 816 3055; x_wconf 90' lang='lat' dir='ltr'><strong>ut</strong></span> <span class='ocrx_word' id='word_1_175' title='bbox 837 2989 922 3073; x_wconf 91' lang='lat' dir='ltr'><strong>plebi</strong></span> <span class='ocrx_word' id='word_1_176' title='bbox 945 2991 1149 3074; x_wconf 86' lang='lat' dir='ltr'><strong>praeceptum</strong></span> <span class='ocrx_word' id='word_1_177' title='bbox 1172 2991 1257 3057; x_wconf 86' lang='lat' dir='ltr'><strong>uide·</strong></span> 
     </span>
     <span class='ocr_line' id='line_1_23' title="bbox 131 3091 1258 3177; baseline 0.004 -22"><span class='ocrx_word' id='word_1_178' title='bbox 131 3096 203 3156; x_wconf 84' lang='lat' dir='ltr'><strong>atur</strong></span> <span class='ocrx_word' id='word_1_179' title='bbox 226 3091 305 3174; x_wconf 91' lang='lat' dir='ltr'><strong>quod</strong></span> <span class='ocrx_word' id='word_1_180' title='bbox 329 3091 448 3157; x_wconf 90' lang='lat' dir='ltr'><strong>dictum</strong></span> <span class='ocrx_word' id='word_1_181' title='bbox 471 3093 534 3156; x_wconf 87' lang='lat' dir='ltr'><strong>est:</strong></span> <span class='ocrx_word' id='word_1_182' title='bbox 562 3092 664 3169; x_wconf 82' lang='lat' dir='ltr'><strong>date,</strong></span> <span class='ocrx_word' id='word_1_183' title='bbox 687 3099 725 3156; x_wconf 90' lang='lat' dir='ltr'><strong>et</strong></span> <span class='ocrx_word' id='word_1_184' title='bbox 747 3092 911 3173; x_wconf 71' lang='lat' dir='ltr'><strong>dabitur</strong></span> <span class='ocrx_word' id='word_1_185' title='bbox 933 3091 1059 3177; x_wconf 90' lang='lat' dir='ltr'><strong>uobis;</strong></span> <span class='ocrx_word' id='word_1_186' title='bbox 1089 3094 1258 3160; x_wconf 88' lang='lat' dir='ltr'><strong>secundum</strong></span> 
     </span>
     <span class='ocr_line' id='line_1_24' title="bbox 131 3195 1258 3279; baseline 0.002 -21"><span class='ocrx_word' id='word_1_187' title='bbox 131 3213 227 3275; x_wconf 85' lang='lat' dir='ltr'><strong>quam</strong></span> <span class='ocrx_word' id='word_1_188' title='bbox 242 3195 430 3260; x_wconf 90' lang='lat' dir='ltr'><strong>sententiam</strong></span> <span class='ocrx_word' id='word_1_189' title='bbox 445 3195 522 3260; x_wconf 91' lang='lat' dir='ltr'><strong>dicit</strong></span> <span class='ocrx_word' id='word_1_190' title='bbox 538 3195 712 3279; x_wconf 86' lang='lat' dir='ltr'><strong>apostolus:</strong></span> <span class='ocrx_word' id='word_1_191' title='bbox 730 3196 992 3262; x_wconf 88' lang='lat' dir='ltr'><strong>communicet</strong></span> <span class='ocrx_word' id='word_1_192' title='bbox 1005 3196 1073 3278; x_wconf 86' lang='lat' dir='ltr'><strong>qui</strong></span> <span class='ocrx_word' id='word_1_193' title='bbox 1092 3198 1258 3263; x_wconf 86' lang='lat' dir='ltr'><strong>catheci-</strong></span> 
     </span>
     <span class='ocr_line' id='line_1_25' title="bbox 130 3298 1257 3380; baseline 0.002 -19"><span class='ocrx_word' id='word_1_194' title='bbox 130 3300 244 3362; x_wconf 83' lang='lat' dir='ltr'><strong>aatur</strong></span> <span class='ocrx_word' id='word_1_195' title='bbox 274 3300 390 3363; x_wconf 91' lang='lat' dir='ltr'><strong>uerbo</strong></span> <span class='ocrx_word' id='word_1_196' title='bbox 418 3298 451 3363; x_wconf 89' lang='lat' dir='ltr'><strong>ei</strong></span> <span class='ocrx_word' id='word_1_197' title='bbox 474 3300 538 3380; x_wconf 88' lang='lat' dir='ltr'><strong>qui</strong></span> <span class='ocrx_word' id='word_1_198' title='bbox 561 3317 598 3362; x_wconf 91' lang='lat' dir='ltr'><strong>se</strong></span> <span class='ocrx_word' id='word_1_199' title='bbox 622 3299 847 3364; x_wconf 83' lang='lat' dir='ltr'><strong>catheoinat</strong></span> <span class='ocrx_word' id='word_1_200' title='bbox 869 3299 908 3364; x_wconf 91' lang='lat' dir='ltr'><strong>in</strong></span> <span class='ocrx_word' id='word_1_201' title='bbox 930 3298 1111 3364; x_wconf 90' lang='lat' dir='ltr'><strong>omnibus</strong></span> <span class='ocrx_word' id='word_1_202' title='bbox 1134 3300 1257 3366; x_wconf 86' lang='lat' dir='ltr'><strong>bonis.</strong></span> 
     </span>
     <span class='ocr_line' id='line_1_26' title="bbox 129 3400 1289 3487; baseline 0.004 -21"><span class='ocrx_word' id='word_1_203' title='bbox 129 3420 193 3466; x_wconf 92' lang='lat' dir='ltr'><strong>non</strong></span> <span class='ocrx_word' id='word_1_204' title='bbox 222 3401 306 3467; x_wconf 84' lang='lat' dir='ltr'><strong>enim</strong></span> <span class='ocrx_word' id='word_1_205' title='bbox 336 3402 469 3467; x_wconf 89' lang='lat' dir='ltr'><strong>diceret:</strong></span> <span class='ocrx_word' id='word_1_206' title='bbox 499 3400 648 3466; x_wconf 85' lang='lat' dir='ltr'><strong>dabunt</strong></span> <span class='ocrx_word' id='word_1_207' title='bbox 675 3403 712 3466; x_wconf 90' lang='lat' dir='ltr'><strong>in</strong></span> <span class='ocrx_word' id='word_1_208' title='bbox 735 3403 871 3467; x_wconf 89' lang='lat' dir='ltr'><strong>sinum</strong></span> <span class='ocrx_word' id='word_1_209' title='bbox 894 3403 1089 3487; x_wconf 81' lang='lat' dir='ltr'><strong>uestrum3</strong></span> <span class='ocrx_word' id='word_1_210' title='bbox 1113 3406 1166 3469; x_wconf 86' lang='lat' dir='ltr'><strong>sed</strong></span> <span class='ocrx_word' id='word_1_211' title='bbox 1189 3404 1289 3487; x_wconf 72' lang='lat' dir='ltr'><strong>quiae</strong></span> 
     </span>
     <span class='ocr_line' id='line_1_27' title="bbox 130 3504 1259 3590; baseline 0.002 -21"><span class='ocrx_word' id='word_1_212' title='bbox 130 3523 185 3586; x_wconf 90' lang='lat' dir='ltr'><strong>per</strong></span> <span class='ocrx_word' id='word_1_213' title='bbox 222 3505 348 3569; x_wconf 90' lang='lat' dir='ltr'><strong>illorum</strong></span> <span class='ocrx_word' id='word_1_214' title='bbox 382 3504 506 3582; x_wconf 87' lang='lat' dir='ltr'><strong>merite,</strong></span> <span class='ocrx_word' id='word_1_215' title='bbox 540 3504 653 3587; x_wconf 88' lang='lat' dir='ltr'><strong>quibus</strong></span> <span class='ocrx_word' id='word_1_216' title='bbox 689 3504 739 3569; x_wconf 91' lang='lat' dir='ltr'><strong>uel</strong></span> <span class='ocrx_word' id='word_1_217' title='bbox 774 3505 901 3572; x_wconf 83' lang='lat' dir='ltr'><strong>calicem</strong></span> <span class='ocrx_word' id='word_1_218' title='bbox 934 3522 1032 3588; x_wconf 82' lang='lat' dir='ltr'><strong>aquae</strong></span> <span class='ocrx_word' id='word_1_219' title='bbox 1066 3504 1259 3590; x_wconf 80' lang='lat' dir='ltr'><strong>frigidaein</strong></span> 
     </span>
     <span class='ocr_line' id='line_1_28' title="bbox 130 3607 1259 3693; baseline -0.001 -20"><span class='ocrx_word' id='word_1_220' title='bbox 130 3607 255 3673; x_wconf 89' lang='lat' dir='ltr'><strong>nomine</strong></span> <span class='ocrx_word' id='word_1_221' title='bbox 291 3608 437 3693; x_wconf 88' lang='lat' dir='ltr'><strong>discipuli</strong></span> <span class='ocrx_word' id='word_1_222' title='bbox 475 3608 628 3687; x_wconf 88' lang='lat' dir='ltr'><strong>dederint,</strong></span> <span class='ocrx_word' id='word_1_223' title='bbox 667 3609 840 3675; x_wconf 87' lang='lat' dir='ltr'><strong>mercedem</strong></span> <span class='ocrx_word' id='word_1_224' title='bbox 884 3609 1054 3675; x_wconf 88' lang='lat' dir='ltr'><strong>caelestem</strong></span> <span class='ocrx_word' id='word_1_225' title='bbox 1101 3608 1259 3691; x_wconf 85' lang='lat' dir='ltr'><strong>percipere</strong></span> 
     </span>
     <span class='ocr_line' id='line_1_29' title="bbox 130 3712 341 3777; baseline 0.005 -3"><span class='ocrx_word' id='word_1_226' title='bbox 130 3712 341 3777; x_wconf 90' lang='lat' dir='ltr'><strong>merebuntur.</strong></span> 
     </span>
    </p>
   </div>
   <div class='ocr_carea' id='block_1_5' title="bbox 128 3895 1258 4049">
    <p class='ocr_par' dir='ltr' id='par_1_6' title="bbox 128 3895 1258 4049">
     <span class='ocr_line' id='line_1_30' title="bbox 231 3895 1258 3966; baseline 0.002 -15"><span class='ocrx_word' id='word_1_227' title='bbox 231 3896 390 3966; x_wconf 83' lang='lat' dir='ltr'><strong>4Phi1ipp.</strong></span> <span class='ocrx_word' id='word_1_228' title='bbox 414 3897 439 3961; x_wconf 78' lang='lat'><strong>2,</strong></span> <span class='ocrx_word' id='word_1_229' title='bbox 463 3896 529 3964; x_wconf 79' lang='lat' dir='ltr'><strong>tsq.</strong></span> <span class='ocrx_word' id='word_1_230' title='bbox 633 3896 650 3949; x_wconf 88' lang='grc'><strong>9</strong></span> <span class='ocrx_word' id='word_1_231' title='bbox 673 3895 772 3951; x_wconf 86' lang='lat' dir='ltr'><strong>Matth.</strong></span> <span class='ocrx_word' id='word_1_232' title='bbox 798 3896 838 3963; x_wconf 83' lang='lat'><strong>12,</strong></span> <span class='ocrx_word' id='word_1_233' title='bbox 860 3896 895 3950; x_wconf 79' lang='lat'><strong>48</strong></span> <span class='ocrx_word' id='word_1_234' title='bbox 999 3897 1031 3950; x_wconf 87' lang='grc'><strong>16</strong></span> <span class='ocrx_word' id='word_1_235' title='bbox 1054 3898 1108 3961; x_wconf 83' lang='grc'><strong>(17.</strong></span> <span class='ocrx_word' id='word_1_236' title='bbox 1127 3897 1173 3965; x_wconf 73' lang='grc'><strong>22)</strong></span> <span class='ocrx_word' id='word_1_237' title='bbox 1198 3899 1258 3953; x_wconf 77' lang='lat' dir='ltr'><strong>Luc</strong></span> 
     </span>
     <span class='ocr_line' id='line_1_31' title="bbox 128 3980 1194 4049; baseline 0.005 -15"><span class='ocrx_word' id='word_1_238' title='bbox 128 3980 153 4043; x_wconf 87' lang='grc'><strong>6,</strong></span> <span class='ocrx_word' id='word_1_239' title='bbox 171 3981 206 4035; x_wconf 84' lang='grc'><strong>38</strong></span> <span class='ocrx_word' id='word_1_240' title='bbox 292 3981 406 4035; x_wconf 82' lang='lat' dir='ltr'><strong>20Luc.</strong></span> <span class='ocrx_word' id='word_1_241' title='bbox 426 3981 501 4047; x_wconf 73' lang='lat' dir='ltr'><strong>raa</strong></span> <span class='ocrx_word' id='word_1_242' title='bbox 591 3981 781 4045; x_wconf 49' lang='grc'><strong>2361116</strong></span> <span class='ocrx_word' id='word_1_243' title='bbox 872 3981 905 4034; x_wconf 86' lang='grc'><strong>26</strong></span> <span class='ocrx_word' id='word_1_244' title='bbox 923 3980 957 4036; x_wconf 79' lang='lat' dir='ltr'><strong>cs.</strong></span> <span class='ocrx_word' id='word_1_245' title='bbox 976 3981 1076 4036; x_wconf 79' lang='lat' dir='ltr'><strong>Mettio.</strong></span> <span class='ocrx_word' id='word_1_246' title='bbox 1097 3985 1140 4049; x_wconf 88' lang='grc'><strong>10,</strong></span> <span class='ocrx_word' id='word_1_247' title='bbox 1158 3984 1194 4039; x_wconf 79' lang='grc'><strong>42</strong></span> 
     </span>
    </p>
   </div>
   <div class='ocr_carea' id='block_1_6' title="bbox 126 4147 1263 4571">
    <p class='ocr_par' dir='ltr' id='par_1_7' title="bbox 126 4147 1263 4571">
     <span class='ocr_line' id='line_1_32' title="bbox 182 4147 1261 4223; baseline 0.008 -23"><span class='ocrx_word' id='word_1_248' title='bbox 182 4147 323 4202; x_wconf 77' lang='lat' dir='ltr'><strong>decoloria</strong></span> <span class='ocrx_word' id='word_1_249' title='bbox 339 4149 374 4203; x_wconf 87' lang='lat' dir='ltr'><strong>V:</strong></span> <span class='ocrx_word' id='word_1_250' title='bbox 404 4151 433 4202; x_wconf 91' lang='lat' dir='ltr'><strong>in</strong></span> <span class='ocrx_word' id='word_1_251' title='bbox 451 4148 562 4204; x_wconf 85' lang='lat' dir='ltr'><strong>ecclesia</strong></span> <span class='ocrx_word' id='word_1_252' title='bbox 579 4148 608 4203; x_wconf 89' lang='lat' dir='ltr'><em>P</em></span> <span class='ocrx_word' id='word_1_253' title='bbox 707 4149 879 4219; x_wconf 70' lang='lat' dir='ltr'><strong>irapinaV</strong></span> <span class='ocrx_word' id='word_1_254' title='bbox 979 4153 1011 4207; x_wconf 87' lang='grc'><strong>16</strong></span> <span class='ocrx_word' id='word_1_255' title='bbox 1029 4168 1091 4223; x_wconf 82' lang='lat' dir='ltr'><strong>cup.</strong></span> <span class='ocrx_word' id='word_1_256' title='bbox 1111 4154 1261 4212; x_wconf 64' lang='lat' dir='ltr'><strong>aucum</strong></span> 
     </span>
     <span class='ocr_line' id='line_1_33' title="bbox 127 4232 1262 4300; baseline 0.007 -12"><span class='ocrx_word' id='word_1_257' title='bbox 127 4234 156 4288; x_wconf 89' lang='lat' dir='ltr'><strong><em>P</em></strong></span> <span class='ocrx_word' id='word_1_258' title='bbox 184 4232 329 4289; x_wconf 79' lang='lat' dir='ltr'><strong>cccnvv</strong></span> <span class='ocrx_word' id='word_1_259' title='bbox 355 4232 468 4290; x_wconf 78' lang='lat' dir='ltr'>CCCLX</span> <span class='ocrx_word' id='word_1_260' title='bbox 488 4235 528 4300; x_wconf 83' lang='lat' dir='ltr'><strong>G,</strong></span> <span class='ocrx_word' id='word_1_261' title='bbox 556 4250 606 4290; x_wconf 83' lang='lat' dir='ltr'><strong>om.</strong></span> <span class='ocrx_word' id='word_1_262' title='bbox 626 4234 701 4299; x_wconf 78' lang='lat' dir='ltr'><strong>MV;</strong></span> <span class='ocrx_word' id='word_1_263' title='bbox 731 4236 990 4297; x_wconf 78' lang='lat' dir='ltr'><strong>collatieuntccdd.</strong></span> <span class='ocrx_word' id='word_1_264' title='bbox 1011 4238 1060 4295; x_wconf 78' lang='lat' dir='ltr'><strong>Ge</strong></span> <span class='ocrx_word' id='word_1_265' title='bbox 1150 4242 1182 4298; x_wconf 86' lang='grc'><strong>18</strong></span> <span class='ocrx_word' id='word_1_266' title='bbox 1200 4258 1262 4297; x_wconf 85' lang='lat' dir='ltr'><strong>eon·</strong></span> 
     </span>
     <span class='ocr_line' id='line_1_34' title="bbox 126 4318 1263 4389; baseline 0.012 -17"><span class='ocrx_word' id='word_1_267' title='bbox 126 4318 227 4373; x_wconf 73' lang='lat' dir='ltr'><strong>farsam</strong></span> <span class='ocrx_word' id='word_1_268' title='bbox 252 4318 300 4374; x_wconf 79' lang='lat' dir='ltr'><strong>Ge</strong></span> <span class='ocrx_word' id='word_1_269' title='bbox 329 4319 376 4386; x_wconf 73' lang='lat' dir='ltr'><strong>(cs.</strong></span> <span class='ocrx_word' id='word_1_270' title='bbox 399 4319 509 4376; x_wconf 75' lang='lat' dir='ltr'><strong>Ro&#39;oeech</strong></span> <span class='ocrx_word' id='word_1_271' title='bbox 526 4321 543 4377; x_wconf 87' lang='grc'><strong>1.</strong></span> <span class='ocrx_word' id='word_1_272' title='bbox 562 4337 584 4377; x_wconf 89' lang='lat' dir='ltr'><strong>c.</strong></span> <span class='ocrx_word' id='word_1_273' title='bbox 604 4337 635 4389; x_wconf 79' lang='lat' dir='ltr'><strong>p.</strong></span> <span class='ocrx_word' id='word_1_274' title='bbox 653 4323 723 4376; x_wconf 77' lang='lat'><strong>295:</strong></span> <span class='ocrx_word' id='word_1_275' title='bbox 753 4322 822 4377; x_wconf 84' lang='lat' dir='ltr'><strong>Luc.</strong></span> <span class='ocrx_word' id='word_1_276' title='bbox 847 4326 874 4389; x_wconf 81' lang='grc'><strong>6,</strong></span> <span class='ocrx_word' id='word_1_277' title='bbox 900 4326 950 4380; x_wconf 81' lang='lat'><strong>38:</strong></span> <span class='ocrx_word' id='word_1_278' title='bbox 980 4341 1131 4383; x_wconf 83' lang='lat' dir='ltr'><strong>mensuram</strong></span> <span class='ocrx_word' id='word_1_279' title='bbox 1149 4367 1156 4381; x_wconf 93' lang='lat'><em>.</em></span> <span class='ocrx_word' id='word_1_280' title='bbox 1175 4370 1183 4386; x_wconf 91' lang='lat'><strong>.</strong></span> <span class='ocrx_word' id='word_1_281' title='bbox 1201 4344 1263 4385; x_wconf 82' lang='lat' dir='ltr'><strong>eon·</strong></span> 
     </span>
     <span class='ocr_line' id='line_1_35' title="bbox 126 4400 1193 4481; baseline 0.015 -25"><span class='ocrx_word' id='word_1_282' title='bbox 126 4400 234 4470; x_wconf 66' lang='lat' dir='ltr'><strong>ierem</strong></span> <span class='ocrx_word' id='word_1_283' title='bbox 257 4402 354 4458; x_wconf 78' lang='lat' dir='ltr'><strong>Veron.</strong></span> <span class='ocrx_word' id='word_1_284' title='bbox 367 4404 465 4472; x_wconf 76' lang='lat' dir='ltr'><strong>Reno.)</strong></span> <span class='ocrx_word' id='word_1_285' title='bbox 552 4407 586 4461; x_wconf 74' lang='lat'><strong>22</strong></span> <span class='ocrx_word' id='word_1_286' title='bbox 603 4409 631 4460; x_wconf 90' lang='lat' dir='ltr'><strong>et</strong></span> <span class='ocrx_word' id='word_1_287' title='bbox 642 4404 832 4466; x_wconf 74' lang='lat' dir='ltr'><strong>decitur-ao</strong></span> <span class='ocrx_word' id='word_1_288' title='bbox 848 4412 994 4481; x_wconf 89' lang='lat' dir='ltr'><strong>nonenim]</strong></span> <span class='ocrx_word' id='word_1_289' title='bbox 1012 4412 1115 4469; x_wconf 79' lang='lat' dir='ltr'><strong>adrosa</strong></span> <span class='ocrx_word' id='word_1_290' title='bbox 1126 4416 1158 4469; x_wconf 74' lang='lat' dir='ltr'><strong>in</strong></span> <span class='ocrx_word' id='word_1_291' title='bbox 1175 4432 1193 4472; x_wconf 76' lang='lat' dir='ltr'><em>v</em></span> 
     </span>
     <span class='ocr_line' id='line_1_36' title="bbox 128 4489 1262 4571; baseline 0.007 -28"><span class='ocrx_word' id='word_1_292' title='bbox 128 4489 162 4543; x_wconf 80' lang='lat'><strong>23</strong></span> <span class='ocrx_word' id='word_1_293' title='bbox 181 4489 362 4544; x_wconf 83' lang='lat' dir='ltr'><strong>catheriratnr</strong></span> <span class='ocrx_word' id='word_1_294' title='bbox 379 4495 405 4544; x_wconf 83' lang='lat' dir='ltr'><strong>et</strong></span> <span class='ocrx_word' id='word_1_295' title='bbox 422 4490 457 4544; x_wconf 74' lang='lat'><strong>24</strong></span> <span class='ocrx_word' id='word_1_296' title='bbox 474 4490 664 4546; x_wconf 81' lang='lat' dir='ltr'><strong>eatheairatG</strong></span> <span class='ocrx_word' id='word_1_297' title='bbox 754 4494 788 4549; x_wconf 77' lang='grc'><strong>25</strong></span> <span class='ocrx_word' id='word_1_298' title='bbox 807 4494 851 4549; x_wconf 87' lang='lat' dir='ltr'><strong>ced</strong></span> <span class='ocrx_word' id='word_1_299' title='bbox 869 4495 930 4552; x_wconf 81' lang='lat' dir='ltr'><strong>Ge:</strong></span> <span class='ocrx_word' id='word_1_300' title='bbox 959 4496 1050 4551; x_wconf 85' lang='lat' dir='ltr'><strong>nisio</strong></span> <span class='ocrx_word' id='word_1_301' title='bbox 1142 4502 1208 4571; x_wconf 76' lang='lat' dir='ltr'><strong>qnia</strong></span> <span class='ocrx_word' id='word_1_302' title='bbox 1222 4500 1262 4557; x_wconf 79' lang='lat'><strong>0:</strong></span> 
     </span>
    </p>
   </div>
   <div class='ocr_carea' id='block_1_7' title="bbox 122 4575 207 4652">
    <p class='ocr_par' dir='ltr' id='par_1_8' title="bbox 122 4575 207 4652">
     <span class='ocr_line' id='line_1_37' title="bbox 122 4575 207 4652; baseline 0.024 -18"><span class='ocrx_word' id='word_1_303' title='bbox 122 4575 173 4652; x_wconf 79' lang='lat' dir='ltr'><strong>qui</strong></span> <span class='ocrx_word' id='word_1_304' title='bbox 191 4592 207 4636; x_wconf 81' lang='lat' dir='ltr'><strong>o</strong></span> 
     </span>
    </p>
   </div>
   <div class='ocr_carea' id='block_1_8' title="bbox 0 102 1384 4814">
    <p class='ocr_par' dir='ltr' id='par_1_9' title="bbox 0 102 1384 4814">
     <span class='ocr_line' id='line_1_38' title="bbox 0 102 1384 4814; baseline 0 1"><span class='ocrx_word' id='word_1_305' title='bbox 0 102 1384 4814; x_wconf 95' lang='lat' dir='ltr'><strong> </strong></span> 
     </span>
    </p>
   </div>
  </div>
 </body>
</html>
