2760 4814
135 367 156 432 6
206 398 209 402 ’
607 363 774 434 Eugippii

135 553 173 618 V.
196 554 226 617 5.
251 555 296 618 De
319 555 453 636 quinque
476 552 613 634 eorporis
637 552 790 617 sensibus.
811 548 850 618 'er
873 551 953 617 libro
976 553 1128 620 confessio:

193 659 237 721 5·.
262 657 344 721 Item
367 656 404 721 de
433 655 535 723 isdem
564 656 700 739 quinque
729 656 870 722 sensibus
892 656 991 722 oratio
1013 656 1128 741 pulohn

235 761 362 842 prolixa.
398 778 434 824 ex
456 758 537 824 libro
560 777 654 841 supra
675 758 801 843 scripto.

138 863 189 928 VI.
213 867 242 929 6.
267 864 312 927 De
341 863 535 927 sacramento
564 863 746 927 mediatoris
774 862 814 927 ad
835 863 1051 946 purgationem
1072 865 1126 928 ani

238 986 274 1031 ex
296 966 376 1032 libro
400 965 627 1032 confessionum
649 967 688 1030 Χ.

94 1126 97 1132 .
134 1069 207 1135 Vll.
231 1070 261 1134 I.
289 1069 371 1135 Item
400 1071 438 1135 do
465 1073 572 1137 eodem
602 1073 807 1136 sacramento.
840 1087 876 1135 er
898 1067 979 1133 libro
1002 1069 1039 1134 de
1061 1069 1126 1135 ciui¹

232 1277 274 1341 7⁶.
297 1278 381 1344 Item
408 1279 446 1343 de
472 1280 582 1345 eodem
611 1277 806 1343 sacramento
834 1275 1026 1343 mediatoris.
1061 1276 1125 1343 ox]

234 1381 378 1446 trinitate
399 1381 479 1446 IIII.
560 1416 564 1427 ·

133 1482 222 1548 VIII.
246 1484 275 1548 8.
300 1484 345 1548 Er
367 1483 447 1550 libro
469 1483 697 1550 confessionum
718 1485 829 1568 primo.

133 1586 240 1652 VIIII.
265 1588 294 1652 9.
318 1589 365 1653 De
393 1591 542 1670 temporo,
572 1589 653 1670 qnod
681 1605 753 1652 cum
777 1586 870 1652 homo
893 1586 1000 1652 metiri
1021 1584 1124 1650 uideat

237 1692 342 1756 tamen
371 1693 472 1773 potest
500 1691 759 1772 comprehendere
787 1690 862 1773 quid
885 1690 929 1754 sit
949 1691 1085 1773 tompus.
1119 1711 1124 1749 o

236 1794 465 1860 confessionum
487 1793 543 1858 xl.

129 1906 133 1973 j
237 1896 299 1980 [10.
323 1899 369 1964 De
391 1897 561 1980 miraculis,
590 1915 668 1979 quae
692 1895 824 1981 magicis
846 1897 966 1962 mdbus
995 1895 1083 1961 finnt
1121 1923 1123 1952 ι

233 2000 272 2066 do
295 2000 437 2065 trinitate
459 2000 517 2065 III.

237 2105 286 2171 11.
309 2106 356 2169 De
379 2104 480 2169 causis
501 2103 705 2186 originalibus
729 2107 943 2168 creaturarum
958 2101 1122 2167 naturaliru

233 2208 350 2273 mundo
366 2208 487 2273 creator
509 2206 651 2270 inseruit.
680 2223 716 2270 ex
738 2206 847 2271 eodem
868 2203 950 2271 libro
965 2204 1026 2270 ΙΙΙ.
1049 2203 1122 2268 det

128 2382 132 2389 ,
238 2310 287 2376 12.
310 2311 357 2375 De
389 2309 504 2392 simplo
532 2308 696 2374 saluatoris
730 2307 837 2388 nostri,
866 2310 947 2392 quod
974 2309 1015 2374 ad
1043 2307 1122 2391 dnpl

128 2489 133 2499 Ι
233 2418 335 2480 strum
358 2412 514 2479 concurrit
536 2416 567 2477 ot
595 2413 747 2494 congruit.
785 2431 822 2478 ex
850 2410 931 2477 libro
955 2411 992 2477 do
1017 2411 1121 2477 trinita

234 2515 552 2581 rebenedicere
580 2514 619 2579 ad
647 2517 780 2580 mortem
812 2513 936 2579 diabolo
965 2515 998 2579 ot
1024 2514 1121 2578 modia

233 2617 336 2682 uitam
358 2615 481 2683 Christo
503 2618 584 2682 Iesu.
623 2636 660 2680 er
681 2619 788 2682 eodem
811 2616 891 2682 libro
913 2616 952 2682 do
974 2616 1118 2682 trinitate

234 2723 285 2788 14.
312 2721 357 2787 Do
390 2720 545 2786 facilitate
577 2719 840 2802 ludificationem,
875 2722 988 2805 quibus
1022 2719 1121 2785 homir

234 2825 343 2891 mundi
366 2825 494 2908 spiritus
515 2824 642 2890 fallunt
679 2844 716 2889 er
739 2827 845 2891 eodem
868 2823 948 2890 libro
971 2823 1048 2891 1111.

235 2929 283 2996 15.
309 2930 355 2995 Do
377 2927 464 2994 falsis
482 2929 515 2993 et
530 2927 713 3012 deceptoriis
727 2925 975 3012 purgationibus.
1000 2946 1037 2993 ex
1053 2928 1120 2992 eodo

234 3137 284 3202 16.
308 3137 354 3202 De
376 3136 424 3202 his
448 3137 501 3217 qui
522 3135 580 3202 sibi
604 3137 820 3218 purgationem
835 3135 874 3201 do
893 3136 1010 3201 intuto
1025 3150 1120 3219 propr

233 3245 350 3306 centur.
384 3259 421 3305 or
443 3240 553 3306 eodem
574 3241 654 3305 libro
675 3239 754 3306 IIII.

233 3342 283 3408 11.
307 3343 395 3424 Quod
416 3343 600 3410 testimonia
622 3343 774 3427 quasdam
795 3343 963 3409 uenturum
984 3340 1120 3408 Christor

132 3514 136 3521 ,
233 3444 462 3526 nuntiauerint‚
485 3448 637 3529 quaedam
660 3447 780 3511 uenisse
802 3446 958 3511 testarint.
989 3464 1026 3512 ox
1048 3443 1119 3510 eode

234 3651 284 3716 18.
308 3653 390 3718 Item
413 3653 451 3719 do
474 3653 582 3719 eodem
609 3655 805 3719 sacramento
832 3653 1022 3720 mediatoris.
1059 3652 1119 3718 exj

232 3772 380 3821 consensu
408 3757 673 3840 euangelistarum
696 3757 722 3821 I.

234 3859 283 3924 19.
307 3858 387 3939 Quid
410 3859 501 3925 Plato
523 3865 628 3943 posset
656 3860 684 3924 si
709 3863 820 3927 uiuens
849 3860 1092 3942 interrogaretur
1113 3882 1119 3924 o

233 3963 336 4027 stione
358 3963 507 4046 religione
530 3963 725 4046 respondero,
752 3980 829 4045 qnae
852 3963 1098 4028 incommutabili

180 4219 197 4274 6
214 4218 305 4274 eodem
322 4235 374 4275 om.
392 4220 418 4274 0
506 4219 539 4273 10
555 4235 633 4289 capp.
649 4219 730 4274 VIII
738 4223 764 4273 et
780 4217 877 4272 VIIII
890 4217 990 4273 desum
1003 4218 1035 4272 tos
1053 4217 1078 4273 θ

128 4304 245 4361 oillitato
266 4305 293 4361 θ
378 4305 499 4375 251111]
518 4304 575 4359 XII
594 4304 621 4360 G
705 4304 740 4359 33
758 4303 844 4373 possit
862 4303 890 4359 θ
974 4303 1009 4358 84
1025 4303 1119 4358 norim
