2760 4814
129 320 193 385 '162
610 317 774 386 Eugippus

129 506 188 572 filii
217 525 346 591 persona
375 509 432 580 est,
462 524 524 572 non
555 506 649 572 etiarn
673 507 779 588 patris.
825 507 1012 590 quapropter
1035 506 1126 587 pater
1148 503 1257 570 inuisi·

129 609 204 674 bilis
228 628 384 675 unacum
414 609 479 674 filio
503 629 607 675 secum
637 610 791 674 inuisibili
814 610 947 674 eundern
970 609 1072 673 filium
1098 608 1256 674 nisibilam

130 713 271 779 iaciendo
306 713 429 779 misisse
463 734 535 778 eum
568 714 669 779 dietus
703 719 761 791 est,
796 716 849 797 qui
878 713 906 777 si
936 731 972 778 eo
1001 710 1092 777 modo
1124 710 1257 777 uisibilis

129 816 228 895 fieret,
259 821 295 882 ut
321 837 391 882 oum
415 822 504 899 patre
527 817 695 900 inuisibilis
718 836 784 883 esse
809 817 984 892 desisteret,
1007 815 1039 880 id
1061 819 1113 880 est
1134 816 1164 880 si
1187 815 1255 879 sub·

17 922 29 945 ’
130 922 249 987 stantia
281 920 452 986 inuisibilis
486 919 576 985 uerbi
610 921 641 984 iu
672 924 848 985 ereaturam
878 918 1040 984 nisibilem
1070 919 1201 984 mutata
1228 920 1285 983 ets

130 1026 281 1090 transiens
310 1025 493 1101 uerteretur,
524 1024 571 1089 ita
599 1022 713 1088 missus
736 1042 755 1088 a
776 1027 865 1108 patre
895 1023 1134 1104 intellegeretur
1164 1021 1256 1104 lilius,

129 1132 166 1193 ut
189 1132 312 1193 tantum
335 1128 460 1204 missus,
490 1144 552 1191 non
576 1126 673 1192 etiam
696 1146 766 1193 oum
790 1129 879 1210 patre
901 1128 1032 1192 mittens
1054 1126 1255 1191 inueniretur.

130 1249 201 1297 oum
232 1250 305 1296 uero
332 1232 378 1297 sio
399 1235 526 1314 aooepta
548 1235 596 1296 ast
617 1231 719 1296 forma
741 1233 832 1310 serui,
861 1232 897 1296 nt
917 1235 1060 1295 muneret
1082 1228 1257 1295 incommu-

129 1336 238 1401 tabilis
268 1336 369 1400 forma
394 1334 454 1411 dei,
485 1335 688 1400 manifestum
710 1339 767 1413 est,
798 1335 880 1416 quod
904 1352 923 1399 a
944 1337 1033 1416 patre
1055 1336 1088 1397 at
1110 1331 1176 1398 filio
1199 1351 1257 1397 non

131 1438 353 1522 apparentibus
375 1436 492 1502 laetum
515 1440 557 1502 sit
579 1438 661 1521 quod
685 1441 850 1520 appareret
871 1436 904 1501 in
926 1436 1001 1513 filio,
1024 1435 1057 1500 id
1080 1436 1131 1500 est
1146 1437 1187 1501 ab
1208 1435 1287 1500 in-rr

131 1539 251 1605 nisibili
287 1543 375 1622 patra
409 1560 480 1606 oum
513 1540 668 1606 inuisibili
701 1541 766 1607 filio
799 1542 882 1608 idem
915 1543 982 1623 ipse
1011 1539 1098 1605 filius
1120 1539 1257 1605 nisibil'n

131 1644 319 1710 mitteretur.
364 1663 419 1709 eur
449 1663 520 1727 ergo
550 1645 610 1710 ait:
640 1646 677 1709 et
698 1663 716 1709 a
740 1664 794 1710 me
823 1645 909 1728 ipso
938 1662 1010 1709 non
1041 1643 1159 1708 ueni?
1195 1644 1257 1709 ianr

130 1746 190 1812 hoo
222 1749 391 1813 seeundum
429 1747 560 1813 sormam
595 1748 677 1814 serui
710 1749 831 1813 dietum
864 1749 920 1830 est,
954 1749 1129 1814 seeundum
1164 1765 1255 1831 quarn

131 1851 250 1916 dietum
274 1854 340 1916 est:
363 1868 432 1934 ego
454 1869 528 1916 nou
551 1851 686 1917 iudieo
710 1871 948 1936 quemquam.

174 1972 207 2038 Si
229 1990 302 2056 ergo
325 1973 440 2038 missus
464 1973 588 2051 dieitur,
618 1973 651 2037 in
674 1977 826 2056 quantum
848 1974 994 2056 apparuit
1016 1970 1094 2038 ioris
1115 1972 1150 2036 in
1173 1988 1287 2036 urea-n

132 2077 205 2141 tura
228 2077 379 2158 corporali
409 2077 462 2158 qni
493 2076 577 2140 intus
608 2076 639 2140 in
662 2082 774 2142 natura
795 2077 931 2160 spiritali
955 2077 1053 2142 oeulis
1076 2074 1257 2140 mortalium

131 2196 255 2262 semper
285 2181 424 2245 oeeultus
448 2182 504 2258 est,
534 2179 599 2244 iam
622 2179 654 2244 in
677 2181 800 2261 promtu
823 2185 870 2246 est
898 2180 1081 2263 intellegere
1101 2180 1199 2244 etiam
1221 2178 1257 2242 da

133 2283 247 2366 spiritu
270 2288 384 2361 saneto,
408 2301 465 2348 our
485 2282 600 2349 missus
623 2285 718 2348 etiam
741 2285 806 2365 ipse
829 2283 960 2348 dicatur.
997 2283 1082 2348 iacta
1102 2282 1155 2346 est
1175 2281 1256 2346 enim

131 2389 283 2468 quaedam
317 2390 477 2451 creaturae
509 2387 631 2469 speeies
669 2407 703 2452 er
738 2387 886 2469 tempore,
924 2389 955 2452 in
992 2403 1054 2469 qua
1090 2384 1256 2451 nisibiliter

132 2489 347 2554 ostenderetur
369 2489 498 2571 spiritus
520 2491 658 2572 sanatus,
683 2508 755 2554 oum
779 2509 870 2571 super
893 2492 996 2573 ipsum
1013 2487 1176 2554 dominum
1192 2504 1286 2553 our-at

131 2592 230 2674 porali
253 2592 356 2674 speeie
378 2593 467 2658 uelut
490 2593 636 2658 columba
657 2593 825 2671 deseendit,
848 2593 916 2658 siue
932 2613 1003 2659 oum
1022 2591 1130 2657 desem
1146 2590 1256 2656 diebus

131 2693 264 2776 peractis
287 2699 356 2778 post
379 2697 446 2761 eius
469 2698 681 2763 ascensionem
698 2697 748 2761 die
763 2699 955 2779 pentecostes
972 2697 1074 2762 iactus
1089 2697 1138 2760 est
1154 2695 1257 2761 subito

131 2798 169 2863 de
192 2800 276 2865 eaelo
298 2817 401 2877 sonus,
425 2800 514 2883 quasi
537 2799 671 2866 ferretur
693 2799 787 2865 flatus
810 2801 989 2877 uehemens,
1020 2803 1051 2864 et
1074 2798 1164 2864 nisae
1186 2804 1258 2865 sunt

130 2901 195 2966 illis
225 2900 351 2984 linguae
380 2901 501 2967 diuisae
531 2902 620 2985 quasi
649 2903 740 2985 ignis,
772 2903 825 2985 qui
855 2904 992 2968 consedit
1022 2921 1116 2986 super
1143 2921 1257 2969 unum·

131 3022 284 3089 quemque
315 3022 431 3070 eorum.
470 3004 546 3070 haee
575 3005 713 3089 operatio
743 3005 914 3071 nisibiliter
938 3024 1080 3089 expressa
1103 3007 1136 3071 et
1159 3005 1290 3071 oeulisrs

131 3106 238 3172 oblata
266 3108 454 3174 mortalibus
484 3108 590 3174 missio
621 3109 749 3191 spiritus
785 3109 886 3174 sancii
916 3110 1000 3176 dicta
1030 3108 1095 3188 est,
1130 3126 1196 3174 non
1226 3110 1261 3174 nt

234 3318 316 3372 1210.
329 3320 354 3381 8,
367 3320 401 3374 42
489 3319 571 3373 1410.
585 3321 610 3384 8,
625 3322 658 3375 15
744 3320 1018 3384 21cf.nlstth.3,16
1106 3321 1262 3377 nactust

130 3404 155 3469 2,
173 3404 255 3474 seqq.

182 3600 292 3667 lpater
311 3599 393 3655 GPo:
423 3617 472 3656 om.
496 3600 522 3654 V
604 3601 702 3671 2una]
721 3617 802 3655 unam
826 3601 852 3654 V
939 3601 1193 3659 lsnbstantiamo

129 3685 283 3773 diunisilia
301 3721 338 3784 (bi
358 3721 470 3776 addua
485 3726 549 3785 2lo
647 3727 752 3777 mnata
773 3723 828 3779 Ga:
856 3727 987 3777 mutatam
1006 3722 1032 3776 V
1127 3725 1264 3783 limisano

130 3803 187 3858 Ge:
205 3805 359 3860 missumV
442 3809 554 3879 epatre]
568 3825 720 3877 appararet
809 3807 1053 3877 10apareutibusu
1142 3811 1177 3865 12
1193 3813 1263 3883 ism]

129 3905 215 3943 orma
302 3892 334 3944 16
352 3893 469 3959 spiritali
490 3894 546 3950 Ge:
572 3894 703 3964 spiritalis
722 3893 748 3947 V
818 3894 862 3950 :17
875 3898 1054 3963 prompturus
1142 3898 1177 3952 18
1197 3901 1265 3954 ruis·

129 3991 175 4030 sua
193 3976 274 4029 etiarn
293 3977 350 4044 ipsa
373 3977 407 4031 V:
438 3983 466 4031 et
483 3980 540 4048 ipse
557 3981 655 4034 missus
675 3979 718 4035 Ge
821 3981 892 4034 euim
910 3982 985 4034 estu
1087 3980 1123 4036 20
1139 3998 1202 4039 eum
1226 3985 1264 4041 V:

129 4062 188 4115 siue
211 4078 272 4116 curn
296 4063 366 4117 GPo
468 4065 500 4120 21
525 4067 660 4121 deseendit
681 4067 733 4122 Vv:
769 4067 902 4122 discendit
925 4068 953 4122 P
1054 4067 1141 4124 (latim
1164 4071 1195 4126 P

128 4148 165 4202 22
181 4147 224 4202 dis
243 4148 325 4203 GPu:
356 4149 426 4202 diem
448 4150 474 4204 V
576 4153 674 4223 iaetus]
694 4169 780 4208 om.u
889 4154 923 4208 23
941 4153 1015 4207 uisae
1036 4154 1072 4209 V:
1102 4157 1193 4213 nisio

129 4234 163 4288 al
181 4235 257 4304 quasi
280 4235 315 4288 V:
344 4235 416 4289 siout
435 4236 506 4292 GPu
606 4239 726 4294 oonsadit
748 4240 785 4293 V:
815 4244 843 4294 et
861 4239 995 4295 inseditu
