2760 4814
285 543 452 613 Excerpta
469 559 505 597 ex
523 560 592 614 opp.
611 544 638 598 S.
657 546 845 616 Augustini
869 548 979 604 11.111.
1156 553 1197 619 51

55 731 279 810 incommodis,
302 738 382 817 quod
404 737 454 801 ost
476 735 679 816 fortitudinis,
710 737 791 803 nulli
814 738 870 804 alii
891 741 1016 819 seruiat,
1046 743 1127 824 quod
1151 746 1199 808 est

56 835 212 916 iustitiae,
247 837 360 920 utgilet
387 837 419 903 in
451 839 664 905 discernendis
693 841 794 920 rebus,
824 858 864 906 ne
891 842 1018 909 fallacia
1046 847 1199 926 paulatim

58 941 197 1006 doluaue
218 941 377 1024 subrepat,
400 942 483 1025 quod
505 945 553 1008 est
574 944 767 1024 prudentiae.
799 945 874 1010 haec
893 950 941 1011 est
957 964 1018 1012 une
1040 946 1197 1029 perfectio,

58 1062 120 1125 qua
153 1043 225 1109 sola
255 1044 406 1126 impetrat
435 1046 472 1109 ut
504 1046 649 1111 ueritatIs
684 1047 864 1114 sinceritate
898 1048 1085 1131 perfruatur.
1124 1049 1199 1116 haec

40 1147 150 1212 euobis
185 1149 380 1212 testamento
408 1152 538 1232 utroque
568 1151 751 1229 concinitur,
788 1151 865 1217 haec
892 1151 982 1217 nobis
1011 1152 1084 1217 hinc
1107 1154 1199 1235 etque

60 1251 133 1315 indo
155 1251 318 1316 suadetur.
358 1251 528 1336 diligamus
551 1253 650 1336 igitur
680 1253 773 1317 deum
796 1272 833 1318 ex
855 1257 921 1319 toto
944 1255 1045 1334 corde,
1074 1273 1110 1319 ex
1133 1258 1200 1321 tota

60 1355 178 1431 anima,
201 1372 240 1418 ex
261 1359 331 1418 tota
352 1359 458 1419 mento
480 1356 668 1438 quicumque
688 1359 726 1421 ed
742 1357 844 1421 uitam
859 1361 1019 1422 aeternam
1037 1358 1200 1439 peruenire

61 1456 294 1539 proposuimus.
333 1457 426 1523 haec
449 1462 523 1535 est,
546 1458 649 1542 iuquit
671 1459 819 1539 saluatur,
849 1460 933 1526 nita
955 1463 1135 1544 aeterne,
1159 1466 1200 1527 ut

61 1564 313 1642 cognoscant
336 1561 376 1624 te
397 1578 531 1626 uerum
560 1559 672 1649 deum
700 1566 738 1626 et
761 1579 872 1644 quem
896 1563 1048 1628 misisti
1071 1563 1200 1629 Iesum

32 1660 277 1728 scurrarum.
319 1665 447 1729 aeterna
479 1665 578 1749 igitur
610 1666 679 1731 uita
708 1670 758 1730 est
787 1667 855 1748 ipsa
882 1667 1021 1749 cognitio
1044 1666 1199 1733 ueritatis.
1308 1680 1311 1684 ·

61 1785 155 1848 quam
184 1769 227 1832 ob
256 1784 326 1832 rem
354 1785 449 1850 quam
476 1770 615 1851 peruersi
646 1771 740 1852 atque
767 1769 960 1854 praeposteri
989 1774 1062 1835 sunt
1090 1770 1143 1852 qui
1166 1788 1200 1834 ae

62 1871 258 1935 utimntur
287 1871 339 1936 dei
368 1872 578 1956 cognitionem
608 1874 733 1938 tradere
764 1877 801 1938 ut
831 1874 1094 1956 perfectisimus,
1127 1892 1200 1939 cum

63 1975 275 2055 perfectorum
305 1977 373 2057 ipsa
403 1976 445 2040 eit
474 1976 656 2059 praemium.
695 1977 770 2058 quid
793 1993 865 2059 ergo
889 1978 1055 2060 agendum,
1078 1975 1140 2042 nisi
1164 1978 1200 2041 ut

64 2094 133 2142 oum
170 2081 276 2162 ipsum
307 2096 400 2160 quem
425 2095 605 2162 cognoscere
626 2078 771 2143 uolumus
801 2079 889 2160 prius
922 2079 1042 2144 sincera
1065 2079 1198 2144 caritate

35 2179 258 2263 odiligamust

601 2369 665 2452 ΠΙ.

65 2541 109 2588 nu
124 2541 307 2599 vrn‘rv'rffi,
324 2541 447 2601 QVIBVS
464 2544 511 2589 An
522 2543 788 2591 AETERNITATEM
803 2542 989 2602 TENDITVR,
1006 2541 1199 2590 DESI'I'VRAE

66 2646 140 2693 sm
170 2647 243 2693 CVM
266 2647 313 2693 ΔΙ)
336 2647 495 2695 amnena
518 2649 772 2696 PERDVXERINT.
806 2648 852 2694 Ex
880 2646 984 2694 LIBRO
1012 2646 1059 2693 DE
1088 2646 1199 2694 ’1111111-

252 2750 342 2796 TATII
364 2751 444 2797 xn11
470 2752 573 2798 INTER
596 2750 728 2798 CETERA
751 2751 794 2797 ΕΤ
817 2751 863 2797 ΔΙ)
885 2749 1012 2797 LOCVM.

39 2883 61 2923 ι
108 2868 226 2933 Vtrum
241 2874 348 2934 autem
364 2870 459 2935 etiam
483 2873 558 2935 tuuc
581 2872 725 2954 uirtutes,
751 2871 863 2954 quibus
882 2872 914 2937 in
931 2871 989 2934 hec
1006 2871 1230 2941 mortalitate3

67 2973 142 3037 bene
166 2974 297 3050 uiuitur,
321 2973 393 3055 quia
416 2976 448 3038 ot
470 2973 555 3058 ipsae
579 2973 733 3058 incipiunt
760 2993 828 3040 esse
850 2976 882 3039 in
906 2975 1020 3050 auimo,
1050 2976 1103 3056 qui
1128 2992 1200 3038 curn

66 3075 132 3140 eino
161 3075 230 3141 illis
255 3077 343 3158 prius
372 3079 455 3142 esset
482 3080 589 3142 tamon
618 3078 741 3144 animus
765 3079 840 3155 erat,
871 3077 1017 3143 desinant
1039 3096 1105 3142 esse
1129 3096 1200 3141 cum

67 3177 105 3243 ad
126 3180 257 3244 aeterna
281 3179 482 3261 perduxerint
504 3181 655 3246 nonnulla
670 3180 808 3263 quaestio
825 3183 882 3245 eet.
913 3179 1099 3261 quibusdam
1116 3179 1200 3243 euim

67 3282 171 3347 uisum
202 3285 251 3348 est
279 3284 434 3349 desituras
455 3285 488 3348 et
509 3283 608 3350 bonos
638 3287 759 3350 animos
783 3284 849 3349 sola
872 3283 978 3349 beatos
1002 3302 1069 3348 esse
1093 3285 1200 3366 cogui-

41 3386 153 3450 ⁸tione
177 3390 211 3450 et
233 3385 376 3468 scientia,
400 3387 456 3452 hoc
480 3392 528 3451 eet
544 3388 805 3469 contemplatione
827 3390 973 3462 naturae3
998 3388 1031 3451 iu
1045 3402 1106 3468 qua
1121 3384 1199 3449 nihil

68 3494 115 3553 est
138 3489 254 3554 melius
278 3494 309 3553 et
331 3488 496 3555 amabilius
519 3508 555 3555 oa
576 3495 801 3572 naturq‘quue
822 3490 940 3554 creauit
955 3507 1061 3553 omnes
1084 3492 1200 3553 ceteras

69 3593 271 3675 instituitque
294 3597 430 3659 naturas.
462 3595 512 3659 oui
535 3595 657 3677 regenti
680 3612 748 3659 osse
770 3594 931 3659 subditum
952 3593 981 3659 ei
1004 3592 1127 3658 iustitia
1143 3594 1199 3669 est,

71 3694 258 3761 immortalis
291 3700 339 3760 eet
373 3697 499 3762 omuino
533 3697 657 3761 iustitia
679 3715 734 3761 neo
756 3697 789 3760 in
824 3697 880 3762 illa
910 3715 973 3762 esse
1008 3695 1201 3760 beatitudine

170 3885 189 3937 8
212 3883 251 3937 Io.
270 3883 311 3949 II,
329 3884 346 3938 3

120 4054 210 4109 lolia
230 4054 268 4109 0¹
297 4054 353 4109 alto
375 4054 427 4109 (Po
529 4055 547 4108 3
570 4053 697 4126 subrepet
714 4072 748 4108 o:
776 4053 909 4122 subripiat
926 4053 991 4107 Itort
1096 4053 1113 4105 4
1136 4067 1203 4121 quae

74 4139 179 4194 G'P'T
280 4138 296 4193 t
322 4141 433 4208 etpost
456 4141 547 4194 anima
563 4140 629 4195 odd.
652 4142 681 4196 P
782 4140 816 4195 12
842 4137 1052 4209 perfectissimus
1074 4135 1206 4191 G²MTV

70 4224 528 4295 ndoetiuirnosterteotisairnie
540 4227 576 4281 Ρ·
647 4229 680 4285 13
692 4226 859 4299 praemiati
928 4224 961 4277 14
973 4222 1079 4276 caritati
1093 4222 1134 4276 D·

73 4311 103 4364 li
121 4311 380 4380 An-pardnroiiut
395 4328 445 4366 om.
466 4312 530 4367 MV
611 4320 644 4375 18
661 4321 797 4373 aeteruum
816 4310 995 4381 perduxerunt
1013 4307 1041 4362 P
1126 4309 1158 4363 19
1176 4312 1205 4363 ot

73 4398 105 4451 ad
121 4399 210 4454 locum
227 4414 280 4454 on.
295 4398 338 4453 Ga
428 4399 460 4453 21
480 4399 581 4458 uiuitur
597 4406 663 4466 bene
681 4422 698 4463 v
792 4399 827 4454 24
844 4397 928 4451 bonus
946 4396 1051 4449 animus
1070 4412 1089 4448 s.
1109 4397 1205 4450 boatus

75 4484 140 4540 Do·
229 4484 468 4540 atneoiuseson
550 4492 808 4564 mmqsubditq
823 4484 865 4540 P²
944 4485 1137 4539 28inom.Po

1063 4588 1103 4640 μ
