<?xml version="1.0" encoding="UTF-8"?>
<!DOCTYPE html PUBLIC "-//W3C//DTD XHTML 1.0 Transitional//EN"
    "http://www.w3.org/TR/xhtml1/DTD/xhtml1-transitional.dtd">
<html xmlns="http://www.w3.org/1999/xhtml" xml:lang="en" lang="en">
 <head>
  <title>
</title>
<meta http-equiv="Content-Type" content="text/html;charset=utf-8" />
  <meta name='ocr-system' content='tesseract 3.04.00' />
  <meta name='ocr-capabilities' content='ocr_page ocr_carea ocr_par ocr_line ocrx_word'/>
</head>
<body>
  <div class='ocr_page' id='page_1' title='image "./evgippiiexcerpt00kngoog/evgippiiexcerpt00kngoog_0481.png"; bbox 0 0 2760 4814; ppageno 0'>
   <div class='ocr_carea' id='block_1_1' title="bbox 352 742 1278 814">
    <p class='ocr_par' dir='ltr' id='par_1_1' title="bbox 352 742 1278 814">
     <span class='ocr_line' id='line_1_1' title="bbox 352 742 1278 814; baseline 0.002 -16"><span class='ocrx_word' id='word_1_1' title='bbox 352 743 515 814; x_wconf 78' lang='lat' dir='ltr'><strong>Exearpta</strong></span> <span class='ocrx_word' id='word_1_2' title='bbox 532 759 569 799; x_wconf 82' lang='lat' dir='ltr'><strong>ax</strong></span> <span class='ocrx_word' id='word_1_3' title='bbox 586 758 657 814; x_wconf 79' lang='lat' dir='ltr'><strong>app.</strong></span> <span class='ocrx_word' id='word_1_4' title='bbox 675 743 701 799; x_wconf 82' lang='lat' dir='ltr'><strong>S.</strong></span> <span class='ocrx_word' id='word_1_5' title='bbox 720 743 908 813; x_wconf 72' lang='lat' dir='ltr'><strong>Augustini</strong></span> <span class='ocrx_word' id='word_1_6' title='bbox 932 743 1073 800; x_wconf 80' lang='lat' dir='ltr'><strong>cxmn.</strong></span> <span class='ocrx_word' id='word_1_7' title='bbox 1215 742 1278 811; x_wconf 76' lang='grc'><strong>457</strong></span> 
     </span>
    </p>
   </div>
   <div class='ocr_carea' id='block_1_2' title="bbox 153 933 1280 1121">
    <p class='ocr_par' dir='ltr' id='par_1_2' title="bbox 153 933 1280 1121">
     <span class='ocr_line' id='line_1_2' title="bbox 156 933 1280 1019; baseline 0.001 -19"><span class='ocrx_word' id='word_1_8' title='bbox 156 953 226 1019; x_wconf 82' lang='lat' dir='ltr'><strong>quos</strong></span> <span class='ocrx_word' id='word_1_9' title='bbox 248 935 407 1018; x_wconf 85' lang='lat' dir='ltr'><strong>apostolus</strong></span> <span class='ocrx_word' id='word_1_10' title='bbox 429 934 474 1001; x_wconf 89' lang='lat' dir='ltr'><strong>eis</strong></span> <span class='ocrx_word' id='word_1_11' title='bbox 499 935 622 1000; x_wconf 83' lang='lat' dir='ltr'><strong>credere</strong></span> <span class='ocrx_word' id='word_1_12' title='bbox 644 933 837 1016; x_wconf 74' lang='lat' dir='ltr'><strong>prohibebat,</strong></span> <span class='ocrx_word' id='word_1_13' title='bbox 867 933 919 999; x_wconf 93' lang='lat' dir='ltr'><strong>uel</strong></span> <span class='ocrx_word' id='word_1_14' title='bbox 942 935 1007 1016; x_wconf 85' lang='lat' dir='ltr'><strong>ipae</strong></span> <span class='ocrx_word' id='word_1_15' title='bbox 1030 933 1196 1017; x_wconf 77' lang='lat' dir='ltr'><strong>apostolus,</strong></span> <span class='ocrx_word' id='word_1_16' title='bbox 1225 935 1280 1018; x_wconf 87' lang='lat' dir='ltr'><strong>qui</strong></span> 
     </span>
     <span class='ocr_line' id='line_1_3' title="bbox 153 1035 603 1121; baseline 0 -18"><span class='ocrx_word' id='word_1_17' title='bbox 153 1035 206 1106; x_wconf 85' lang='lat' dir='ltr'><strong>hoe</strong></span> <span class='ocrx_word' id='word_1_18' title='bbox 227 1038 336 1121; x_wconf 80' lang='lat' dir='ltr'><strong>ntique</strong></span> <span class='ocrx_word' id='word_1_19' title='bbox 360 1055 420 1104; x_wconf 87' lang='lat' dir='ltr'><strong>non</strong></span> <span class='ocrx_word' id='word_1_20' title='bbox 444 1035 603 1103; x_wconf 83' lang='lat' dir='ltr'><strong>eradebat.</strong></span> 
     </span>
    </p>
   </div>
   <div class='ocr_carea' id='block_1_3' title="bbox 189 1155 1278 1240">
    <p class='ocr_par' dir='ltr' id='par_1_3' title="bbox 189 1155 1278 1240">
     <span class='ocr_line' id='line_1_4' title="bbox 189 1155 1278 1240; baseline -0.002 -15"><span class='ocrx_word' id='word_1_21' title='bbox 189 1157 223 1226; x_wconf 87' lang='lat' dir='ltr'><strong>Si</strong></span> <span class='ocrx_word' id='word_1_22' title='bbox 253 1174 327 1240; x_wconf 82' lang='lat' dir='ltr'><strong>ergo</strong></span> <span class='ocrx_word' id='word_1_23' title='bbox 357 1157 447 1233; x_wconf 84' lang='lat' dir='ltr'><strong>latet,</strong></span> <span class='ocrx_word' id='word_1_24' title='bbox 473 1156 597 1240; x_wconf 86' lang='lat' dir='ltr'><strong>qnando</strong></span> <span class='ocrx_word' id='word_1_25' title='bbox 619 1155 749 1223; x_wconf 73' lang='lat' dir='ltr'><strong>eudesia</strong></span> <span class='ocrx_word' id='word_1_26' title='bbox 769 1156 979 1223; x_wconf 84' lang='lat' dir='ltr'><strong>fruetifiaante</strong></span> <span class='ocrx_word' id='word_1_27' title='bbox 1002 1161 1097 1240; x_wconf 86' lang='lat' dir='ltr'><strong>atque</strong></span> <span class='ocrx_word' id='word_1_28' title='bbox 1116 1159 1278 1224; x_wconf 75' lang='lat' dir='ltr'><strong>arescente</strong></span> 
     </span>
    </p>
   </div>
   <div class='ocr_carea' id='block_1_4' title="bbox 131 1259 1277 1447">
    <p class='ocr_par' dir='ltr' id='par_1_4' title="bbox 131 1259 1277 1447">
     <span class='ocr_line' id='line_1_5' title="bbox 149 1259 1277 1343; baseline 0 -17"><span class='ocrx_word' id='word_1_29' title='bbox 149 1261 312 1327; x_wconf 84' lang='lat' dir='ltr'><strong>uniuersus</strong></span> <span class='ocrx_word' id='word_1_30' title='bbox 344 1259 475 1326; x_wconf 83' lang='lat' dir='ltr'><strong>omnino</strong></span> <span class='ocrx_word' id='word_1_31' title='bbox 497 1278 516 1324; x_wconf 88' lang='lat' dir='ltr'><strong>a</strong></span> <span class='ocrx_word' id='word_1_32' title='bbox 537 1259 619 1325; x_wconf 85' lang='lat' dir='ltr'><strong>mari</strong></span> <span class='ocrx_word' id='word_1_33' title='bbox 652 1278 750 1343; x_wconf 89' lang='lat' dir='ltr'><strong>usque</strong></span> <span class='ocrx_word' id='word_1_34' title='bbox 779 1260 818 1324; x_wconf 86' lang='lat' dir='ltr'><strong>ad</strong></span> <span class='ocrx_word' id='word_1_35' title='bbox 841 1274 934 1326; x_wconf 83' lang='lat' dir='ltr'><strong>¹mare</strong></span> <span class='ocrx_word' id='word_1_36' title='bbox 968 1259 1051 1325; x_wconf 88' lang='lat' dir='ltr'><strong>orbis</strong></span> <span class='ocrx_word' id='word_1_37' title='bbox 1084 1260 1277 1343; x_wconf 77' lang='lat' dir='ltr'>implebitur,</span> 
     </span>
     <span class='ocr_line' id='line_1_6' title="bbox 131 1361 1220 1447; baseline 0.007 -24"><span class='ocrx_word' id='word_1_38' title='bbox 131 1364 249 1447; x_wconf 79' lang='lat' dir='ltr'><strong>sproeui</strong></span> <span class='ocrx_word' id='word_1_39' title='bbox 273 1362 366 1429; x_wconf 85' lang='lat' dir='ltr'><strong>dubio</strong></span> <span class='ocrx_word' id='word_1_40' title='bbox 388 1361 475 1442; x_wconf 71' lang='lat' dir='ltr'><strong>latet,</strong></span> <span class='ocrx_word' id='word_1_41' title='bbox 499 1365 623 1445; x_wconf 89' lang='lat' dir='ltr'><strong>quando</strong></span> <span class='ocrx_word' id='word_1_42' title='bbox 644 1361 715 1428; x_wconf 89' lang='lat' dir='ltr'><strong>finis</strong></span> <span class='ocrx_word' id='word_1_43' title='bbox 738 1363 816 1438; x_wconf 64' lang='lat' dir='ltr'><strong>eriis</strong></span> <span class='ocrx_word' id='word_1_44' title='bbox 834 1365 907 1429; x_wconf 86' lang='lat' dir='ltr'><strong>anta</strong></span> <span class='ocrx_word' id='word_1_45' title='bbox 929 1361 1043 1446; x_wconf 86' lang='lat' dir='ltr'><strong>quippe</strong></span> <span class='ocrx_word' id='word_1_46' title='bbox 1064 1380 1127 1429; x_wconf 83' lang='lat' dir='ltr'><strong>nen</strong></span> <span class='ocrx_word' id='word_1_47' title='bbox 1150 1363 1220 1431; x_wconf 78' lang='lat' dir='ltr'><strong>erit</strong></span> 
     </span>
    </p>
   </div>
   <div class='ocr_carea' id='block_1_5' title="bbox 147 1470 1275 1671">
    <p class='ocr_par' dir='ltr' id='par_1_5' title="bbox 147 1470 1275 1671">
     <span class='ocr_line' id='line_1_7' title="bbox 172 1470 1274 1581; baseline 0 -31"><span class='ocrx_word' id='word_1_48' title='bbox 172 1485 231 1550; x_wconf 84' lang='lat' dir='ltr'><strong>’Vt</strong></span> <span class='ocrx_word' id='word_1_49' title='bbox 252 1470 359 1550; x_wconf 74' lang='lat' dir='ltr'><strong>auteni</strong></span> <span class='ocrx_word' id='word_1_50' title='bbox 389 1481 449 1546; x_wconf 85' lang='lat' dir='ltr'><strong>tibi</strong></span> <span class='ocrx_word' id='word_1_51' title='bbox 476 1486 639 1565; x_wconf 75' lang='lat' dir='ltr'><strong>tamaium</strong></span> <span class='ocrx_word' id='word_1_52' title='bbox 662 1484 770 1549; x_wconf 82' lang='lat' dir='ltr'><strong>saneta</strong></span> <span class='ocrx_word' id='word_1_53' title='bbox 793 1483 913 1581; x_wconf 74' lang='lat' dir='ltr'><strong>homini</strong></span> <span class='ocrx_word' id='word_1_54' title='bbox 936 1484 986 1549; x_wconf 87' lang='lat' dir='ltr'><strong>dei</strong></span> <span class='ocrx_word' id='word_1_55' title='bbox 1009 1485 1042 1548; x_wconf 85' lang='lat' dir='ltr'><strong>et</strong></span> <span class='ocrx_word' id='word_1_56' title='bbox 1063 1483 1274 1550; x_wconf 81' lang='lat' dir='ltr'><strong>sinuerissimo</strong></span> 
     </span>
     <span class='ocr_line' id='line_1_8' title="bbox 147 1584 1275 1671; baseline 0.002 -19"><span class='ocrx_word' id='word_1_57' title='bbox 147 1585 234 1652; x_wconf 76' lang='lat' dir='ltr'><strong>fretai</strong></span> <span class='ocrx_word' id='word_1_58' title='bbox 257 1587 404 1669; x_wconf 87' lang='lat' dir='ltr'><strong>aperiam,</strong></span> <span class='ocrx_word' id='word_1_59' title='bbox 428 1584 466 1650; x_wconf 87' lang='lat' dir='ltr'><strong>de</strong></span> <span class='ocrx_word' id='word_1_60' title='bbox 487 1585 546 1650; x_wconf 83' lang='lat' dir='ltr'><strong>hae</strong></span> <span class='ocrx_word' id='word_1_61' title='bbox 567 1586 747 1669; x_wconf 76' lang='lat' dir='ltr'><strong>quaestione</strong></span> <span class='ocrx_word' id='word_1_62' title='bbox 769 1587 845 1669; x_wconf 79' lang='lat' dir='ltr'><strong>qnid</strong></span> <span class='ocrx_word' id='word_1_63' title='bbox 867 1587 1019 1652; x_wconf 84' lang='lat' dir='ltr'><strong>sentiam:</strong></span> <span class='ocrx_word' id='word_1_64' title='bbox 1042 1605 1126 1653; x_wconf 83' lang='lat' dir='ltr'><strong>error</strong></span> <span class='ocrx_word' id='word_1_65' title='bbox 1148 1586 1275 1671; x_wconf 87' lang='lat' dir='ltr'><strong>quidem</strong></span> 
     </span>
    </p>
   </div>
   <div class='ocr_carea' id='block_1_6' title="bbox 104 1677 1274 3946">
    <p class='ocr_par' dir='ltr' id='par_1_6' title="bbox 104 1677 1274 3946">
     <span class='ocr_line' id='line_1_9' title="bbox 146 1677 1273 1775; baseline 0.004 -22"><span class='ocrx_word' id='word_1_66' title='bbox 146 1689 173 1755; x_wconf 89' lang='lat' dir='ltr'><strong>in</strong></span> <span class='ocrx_word' id='word_1_67' title='bbox 204 1690 339 1771; x_wconf 85' lang='lat' dir='ltr'><strong>utroque</strong></span> <span class='ocrx_word' id='word_1_68' title='bbox 371 1688 518 1754; x_wconf 88' lang='lat' dir='ltr'><strong>uitandus</strong></span> <span class='ocrx_word' id='word_1_69' title='bbox 550 1693 615 1768; x_wconf 71' lang='lat' dir='ltr'><strong>est·</strong></span> <span class='ocrx_word' id='word_1_70' title='bbox 641 1693 795 1772; x_wconf 86' lang='lat' dir='ltr'><strong>quantum</strong></span> <span class='ocrx_word' id='word_1_71' title='bbox 826 1690 866 1755; x_wconf 88' lang='lat' dir='ltr'><strong>ab</strong></span> <span class='ocrx_word' id='word_1_72' title='bbox 890 1689 1020 1755; x_wconf 84' lang='lat' dir='ltr'><strong>homine</strong></span> <span class='ocrx_word' id='word_1_73' title='bbox 1042 1691 1137 1756; x_wconf 89' lang='lat' dir='ltr'><strong>uitari</strong></span> <span class='ocrx_word' id='word_1_74' title='bbox 1159 1677 1273 1775; x_wconf 83' lang='lat' dir='ltr'><strong>potest,</strong></span> 
     </span>
     <span class='ocr_line' id='line_1_10' title="bbox 144 1790 1274 1875; baseline 0.002 -17"><span class='ocrx_word' id='word_1_75' title='bbox 144 1793 206 1858; x_wconf 88' lang='lat' dir='ltr'><strong>aiue</strong></span> <span class='ocrx_word' id='word_1_76' title='bbox 229 1792 324 1857; x_wconf 88' lang='lat' dir='ltr'><strong>eitius</strong></span> <span class='ocrx_word' id='word_1_77' title='bbox 352 1790 420 1858; x_wconf 89' lang='lat' dir='ltr'><strong>siue</strong></span> <span class='ocrx_word' id='word_1_78' title='bbox 448 1794 568 1857; x_wconf 86' lang='lat' dir='ltr'><strong>tardius</strong></span> <span class='ocrx_word' id='word_1_79' title='bbox 591 1810 685 1875; x_wconf 88' lang='lat' dir='ltr'><strong>quam</strong></span> <span class='ocrx_word' id='word_1_80' title='bbox 714 1792 855 1858; x_wconf 76' lang='lat' dir='ltr'><strong>titutum</strong></span> <span class='ocrx_word' id='word_1_81' title='bbox 884 1801 933 1857; x_wconf 84' lang='lat' dir='ltr'><strong>est</strong></span> <span class='ocrx_word' id='word_1_82' title='bbox 954 1792 1100 1859; x_wconf 84' lang='lat' dir='ltr'><strong>deminus</strong></span> <span class='ocrx_word' id='word_1_83' title='bbox 1123 1794 1274 1860; x_wconf 87' lang='lat' dir='ltr'><strong>uenturus</strong></span> 
     </span>
     <span class='ocr_line' id='line_1_11' title="bbox 119 1894 1273 1978; baseline 0.006 -23"><span class='ocrx_word' id='word_1_84' title='bbox 119 1913 208 1961; x_wconf 81' lang='lat' dir='ltr'><strong>nesse</strong></span> <span class='ocrx_word' id='word_1_85' title='bbox 241 1895 395 1960; x_wconf 85' lang='lat' dir='ltr'><strong>eradatur.</strong></span> <span class='ocrx_word' id='word_1_86' title='bbox 437 1895 491 1959; x_wconf 90' lang='lat' dir='ltr'><strong>ssd</strong></span> <span class='ocrx_word' id='word_1_87' title='bbox 521 1894 601 1960; x_wconf 88' lang='lat' dir='ltr'><strong>mihi</strong></span> <span class='ocrx_word' id='word_1_88' title='bbox 630 1897 796 1978; x_wconf 88' lang='lat' dir='ltr'><strong>quisquam</strong></span> <span class='ocrx_word' id='word_1_89' title='bbox 823 1912 882 1961; x_wconf 88' lang='lat' dir='ltr'><strong>non</strong></span> <span class='ocrx_word' id='word_1_90' title='bbox 905 1896 1032 1962; x_wconf 89' lang='lat' dir='ltr'><strong>uidetur</strong></span> <span class='ocrx_word' id='word_1_91' title='bbox 1053 1915 1166 1973; x_wconf 74' lang='lat' dir='ltr'><strong>enare,</strong></span> <span class='ocrx_word' id='word_1_92' title='bbox 1200 1915 1273 1962; x_wconf 84' lang='lat' dir='ltr'><strong>eum</strong></span> 
     </span>
     <span class='ocr_line' id='line_1_12' title="bbox 145 1996 1273 2082; baseline 0.002 -18"><span class='ocrx_word' id='word_1_93' title='bbox 145 1996 261 2081; x_wconf 86' lang='lat' dir='ltr'><strong>aliquid</strong></span> <span class='ocrx_word' id='word_1_94' title='bbox 290 1999 409 2063; x_wconf 81' lang='lat' dir='ltr'><strong>nescire</strong></span> <span class='ocrx_word' id='word_1_95' title='bbox 431 2016 464 2062; x_wconf 90' lang='lat' dir='ltr'><strong>se</strong></span> <span class='ocrx_word' id='word_1_96' title='bbox 486 1997 558 2081; x_wconf 84' lang='lat' dir='ltr'><strong>suit,</strong></span> <span class='ocrx_word' id='word_1_97' title='bbox 588 1999 643 2062; x_wconf 88' lang='lat' dir='ltr'><strong>sed</strong></span> <span class='ocrx_word' id='word_1_98' title='bbox 674 2016 746 2063; x_wconf 83' lang='lat' dir='ltr'><strong>aum</strong></span> <span class='ocrx_word' id='word_1_99' title='bbox 768 2016 801 2063; x_wconf 89' lang='lat' dir='ltr'><strong>se</strong></span> <span class='ocrx_word' id='word_1_100' title='bbox 822 2000 916 2080; x_wconf 83' lang='lat' dir='ltr'><strong>putat</strong></span> <span class='ocrx_word' id='word_1_101' title='bbox 945 1999 1023 2065; x_wconf 86' lang='lat' dir='ltr'><strong>seire</strong></span> <span class='ocrx_word' id='word_1_102' title='bbox 1052 2003 1132 2082; x_wconf 88' lang='lat' dir='ltr'><strong>quod</strong></span> <span class='ocrx_word' id='word_1_103' title='bbox 1162 1999 1273 2066; x_wconf 79' lang='lat' dir='ltr'><strong>nesuit</strong></span> 
     </span>
     <span class='ocr_line' id='line_1_13' title="bbox 144 2100 1274 2187; baseline 0.003 -21"><span class='ocrx_word' id='word_1_104' title='bbox 144 2118 357 2169; x_wconf 76' lang='lat' dir='ltr'><strong>remaneamus</strong></span> <span class='ocrx_word' id='word_1_105' title='bbox 379 2102 486 2184; x_wconf 86' lang='lat' dir='ltr'><strong>itaque</strong></span> <span class='ocrx_word' id='word_1_106' title='bbox 509 2102 547 2167; x_wconf 89' lang='lat' dir='ltr'><strong>de</strong></span> <span class='ocrx_word' id='word_1_107' title='bbox 562 2100 666 2167; x_wconf 84' lang='lat' dir='ltr'><strong>medie</strong></span> <span class='ocrx_word' id='word_1_108' title='bbox 680 2118 808 2167; x_wconf 85' lang='lat' dir='ltr'><strong>seruum</strong></span> <span class='ocrx_word' id='word_1_109' title='bbox 830 2101 922 2167; x_wconf 88' lang='lat' dir='ltr'><strong>illum</strong></span> <span class='ocrx_word' id='word_1_110' title='bbox 944 2102 1075 2182; x_wconf 83' lang='lat' dir='ltr'><strong>malum,</strong></span> <span class='ocrx_word' id='word_1_111' title='bbox 1099 2105 1152 2187; x_wconf 91' lang='lat' dir='ltr'><strong>qui</strong></span> <span class='ocrx_word' id='word_1_112' title='bbox 1167 2103 1274 2169; x_wconf 79' lang='lat' dir='ltr'><strong>disens</strong></span> 
     </span>
     <span class='ocr_line' id='line_1_14' title="bbox 144 2204 1273 2286; baseline 0.002 -16"><span class='ocrx_word' id='word_1_113' title='bbox 144 2204 288 2271; x_wconf 85' lang='lat' dir='ltr'><strong>iueorde</strong></span> <span class='ocrx_word' id='word_1_114' title='bbox 309 2221 382 2270; x_wconf 87' lang='lat' dir='ltr'><strong>suo:</strong></span> <span class='ocrx_word' id='word_1_115' title='bbox 416 2222 567 2269; x_wconf 86' lang='lat' dir='ltr'><strong>moram</strong></span> <span class='ocrx_word' id='word_1_116' title='bbox 590 2204 689 2270; x_wconf 86' lang='lat' dir='ltr'><strong>iaait</strong></span> <span class='ocrx_word' id='word_1_117' title='bbox 711 2204 891 2270; x_wconf 88' lang='lat' dir='ltr'><strong>dominus</strong></span> <span class='ocrx_word' id='word_1_118' title='bbox 914 2224 1021 2274; x_wconf 88' lang='lat' dir='ltr'><strong>meus</strong></span> <span class='ocrx_word' id='word_1_119' title='bbox 1044 2208 1193 2286; x_wconf 85' lang='lat' dir='ltr'><strong>uenire,</strong></span> <span class='ocrx_word' id='word_1_120' title='bbox 1217 2207 1273 2272; x_wconf 88' lang='lat' dir='ltr'><strong>do·</strong></span> 
     </span>
     <span class='ocr_line' id='line_1_15' title="bbox 143 2306 1273 2386; baseline 0.003 -13"><span class='ocrx_word' id='word_1_121' title='bbox 143 2309 282 2374; x_wconf 83' lang='lat' dir='ltr'><strong>minatur</strong></span> <span class='ocrx_word' id='word_1_122' title='bbox 304 2306 461 2372; x_wconf 80' lang='lat' dir='ltr'><strong>conseruis</strong></span> <span class='ocrx_word' id='word_1_123' title='bbox 483 2308 548 2373; x_wconf 86' lang='lat' dir='ltr'><strong>suis</strong></span> <span class='ocrx_word' id='word_1_124' title='bbox 571 2308 603 2372; x_wconf 87' lang='lat' dir='ltr'><strong>et</strong></span> <span class='ocrx_word' id='word_1_125' title='bbox 624 2306 753 2373; x_wconf 80' lang='lat' dir='ltr'>ebriosis</span> <span class='ocrx_word' id='word_1_126' title='bbox 784 2308 980 2375; x_wconf 78' lang='lat' dir='ltr'><strong>conuiuando</strong></span> <span class='ocrx_word' id='word_1_127' title='bbox 1009 2311 1177 2386; x_wconf 69' lang='lat' dir='ltr'><strong>mtsuetun</strong></span> <span class='ocrx_word' id='word_1_128' title='bbox 1210 2310 1273 2377; x_wconf 87' lang='lat' dir='ltr'><strong>iate</strong></span> 
     </span>
     <span class='ocr_line' id='line_1_16' title="bbox 117 2410 1273 2498; baseline 0.004 -23"><span class='ocrx_word' id='word_1_129' title='bbox 117 2411 255 2496; x_wconf 76' lang='lat' dir='ltr'><strong>equippe</strong></span> <span class='ocrx_word' id='word_1_130' title='bbox 289 2411 396 2493; x_wconf 84' lang='lat' dir='ltr'><strong>procul</strong></span> <span class='ocrx_word' id='word_1_131' title='bbox 429 2410 526 2475; x_wconf 86' lang='lat' dir='ltr'><strong>dubio</strong></span> <span class='ocrx_word' id='word_1_132' title='bbox 560 2411 678 2475; x_wconf 87' lang='lat' dir='ltr'><strong>domini</strong></span> <span class='ocrx_word' id='word_1_133' title='bbox 712 2414 760 2478; x_wconf 92' lang='lat' dir='ltr'><strong>sui</strong></span> <span class='ocrx_word' id='word_1_134' title='bbox 789 2412 857 2477; x_wconf 81' lang='lat' dir='ltr'><strong>odit</strong></span> <span class='ocrx_word' id='word_1_135' title='bbox 879 2413 1060 2478; x_wconf 86' lang='lat' dir='ltr'><strong>aduentum.</strong></span> <span class='ocrx_word' id='word_1_136' title='bbox 1099 2431 1159 2498; x_wconf 86' lang='lat' dir='ltr'><strong>quo</strong></span> <span class='ocrx_word' id='word_1_137' title='bbox 1182 2432 1273 2481; x_wconf 84' lang='lat' dir='ltr'><strong>seruo</strong></span> 
     </span>
     <span class='ocr_line' id='line_1_17' title="bbox 142 2513 1271 2583; baseline 0.002 -3"><span class='ocrx_word' id='word_1_138' title='bbox 142 2516 222 2581; x_wconf 85' lang='lat' dir='ltr'><strong>malo</strong></span> <span class='ocrx_word' id='word_1_139' title='bbox 261 2518 380 2580; x_wconf 82' lang='lat' dir='ltr'><strong>semote</strong></span> <span class='ocrx_word' id='word_1_140' title='bbox 419 2513 648 2579; x_wconf 80' lang='lat' dir='ltr'><strong>constituamus</strong></span> <span class='ocrx_word' id='word_1_141' title='bbox 688 2517 760 2579; x_wconf 85' lang='lat' dir='ltr'><strong>ante</strong></span> <span class='ocrx_word' id='word_1_142' title='bbox 794 2516 899 2581; x_wconf 84' lang='lat' dir='ltr'><strong>oeulos</strong></span> <span class='ocrx_word' id='word_1_143' title='bbox 936 2518 1000 2582; x_wconf 86' lang='lat' dir='ltr'><strong>tras</strong></span> <span class='ocrx_word' id='word_1_144' title='bbox 1036 2534 1142 2582; x_wconf 85' lang='lat' dir='ltr'><strong>seruos</strong></span> <span class='ocrx_word' id='word_1_145' title='bbox 1176 2516 1271 2583; x_wconf 88' lang='lat' dir='ltr'><strong>bonas</strong></span> 
     </span>
     <span class='ocr_line' id='line_1_18' title="bbox 141 2616 1271 2701; baseline 0.001 -18"><span class='ocrx_word' id='word_1_146' title='bbox 141 2616 296 2684; x_wconf 83' lang='lat' dir='ltr'><strong>familiam</strong></span> <span class='ocrx_word' id='word_1_147' title='bbox 311 2617 500 2683; x_wconf 77' lang='lat' dir='ltr'><strong>dominicam</strong></span> <span class='ocrx_word' id='word_1_148' title='bbox 523 2616 691 2700; x_wconf 83' lang='lat' dir='ltr'><strong>diligenter</strong></span> <span class='ocrx_word' id='word_1_149' title='bbox 712 2618 875 2701; x_wconf 86' lang='lat' dir='ltr'><strong>sobrieque</strong></span> <span class='ocrx_word' id='word_1_150' title='bbox 896 2621 1075 2698; x_wconf 69' lang='lat' dir='ltr'><strong>tractantes,</strong></span> <span class='ocrx_word' id='word_1_151' title='bbox 1099 2622 1271 2685; x_wconf 64' lang='lat' dir='ltr'><strong>meantum</strong></span> 
     </span>
     <span class='ocr_line' id='line_1_19' title="bbox 140 2718 1269 2806; baseline 0.004 -22"><span class='ocrx_word' id='word_1_152' title='bbox 140 2718 257 2786; x_wconf 80' lang='lat' dir='ltr'><strong>domini</strong></span> <span class='ocrx_word' id='word_1_153' title='bbox 294 2719 344 2786; x_wconf 91' lang='lat' dir='ltr'><strong>sui</strong></span> <span class='ocrx_word' id='word_1_154' title='bbox 379 2719 522 2785; x_wconf 88' lang='lat' dir='ltr'><strong>sitienter</strong></span> <span class='ocrx_word' id='word_1_155' title='bbox 558 2719 786 2802; x_wconf 75' lang='lat' dir='ltr'><strong>desiderantes,</strong></span> <span class='ocrx_word' id='word_1_156' title='bbox 834 2721 1006 2806; x_wconf 81' lang='lat' dir='ltr'><strong>uigilanter</strong></span> <span class='ocrx_word' id='word_1_157' title='bbox 1043 2723 1269 2803; x_wconf 86' lang='lat' dir='ltr'><strong>exspsutantas,</strong></span> 
     </span>
     <span class='ocr_line' id='line_1_20' title="bbox 140 2823 1269 2917; baseline 0.001 -27"><span class='ocrx_word' id='word_1_158' title='bbox 140 2823 275 2890; x_wconf 82' lang='lat' dir='ltr'><strong>fideliter</strong></span> <span class='ocrx_word' id='word_1_159' title='bbox 296 2827 455 2888; x_wconf 76' lang='lat' dir='ltr'><strong>amantess</strong></span> <span class='ocrx_word' id='word_1_160' title='bbox 478 2825 503 2887; x_wconf 90' lang='lat' dir='ltr'><strong>si</strong></span> <span class='ocrx_word' id='word_1_161' title='bbox 527 2841 607 2888; x_wconf 87' lang='lat' dir='ltr'><strong>unus</strong></span> <span class='ocrx_word' id='word_1_162' title='bbox 630 2843 737 2890; x_wconf 83' lang='lat' dir='ltr'><strong>aarum</strong></span> <span class='ocrx_word' id='word_1_163' title='bbox 751 2825 853 2905; x_wconf 83' lang='lat' dir='ltr'><strong>eitius,</strong></span> <span class='ocrx_word' id='word_1_164' title='bbox 877 2824 1092 2917; x_wconf 11' lang='lat' dir='ltr'><strong>altarytardins</strong></span> <span class='ocrx_word' id='word_1_165' title='bbox 1106 2825 1269 2892; x_wconf 84' lang='lat' dir='ltr'><strong>deminum</strong></span> 
     </span>
     <span class='ocr_line' id='line_1_21' title="bbox 110 2928 1271 3015; baseline 0.005 -25"><span class='ocrx_word' id='word_1_166' title='bbox 110 2928 231 3012; x_wconf 72' lang='lat' dir='ltr'><strong>inputat</strong></span> <span class='ocrx_word' id='word_1_167' title='bbox 252 2946 319 2992; x_wconf 88' lang='lat' dir='ltr'><strong>asae</strong></span> <span class='ocrx_word' id='word_1_168' title='bbox 342 2934 520 3012; x_wconf 84' lang='lat' dir='ltr'><strong>uenturum,</strong></span> <span class='ocrx_word' id='word_1_169' title='bbox 543 2929 657 2993; x_wconf 85' lang='lat' dir='ltr'><strong>tertius</strong></span> <span class='ocrx_word' id='word_1_170' title='bbox 680 2945 754 2994; x_wconf 89' lang='lat' dir='ltr'><strong>uero</strong></span> <span class='ocrx_word' id='word_1_171' title='bbox 769 2946 859 2994; x_wconf 90' lang='lat' dir='ltr'><strong>suam</strong></span> <span class='ocrx_word' id='word_1_172' title='bbox 877 2930 915 2993; x_wconf 87' lang='lat' dir='ltr'><strong>de</strong></span> <span class='ocrx_word' id='word_1_173' title='bbox 930 2929 988 2994; x_wconf 87' lang='lat' dir='ltr'><strong>hae</strong></span> <span class='ocrx_word' id='word_1_174' title='bbox 1003 2948 1037 2995; x_wconf 85' lang='lat' dir='ltr'><strong>rs</strong></span> <span class='ocrx_word' id='word_1_175' title='bbox 1058 2929 1271 3015; x_wconf 82' lang='lat' dir='ltr'><strong>ignorantiam</strong></span> 
     </span>
     <span class='ocr_line' id='line_1_22' title="bbox 139 3031 1271 3116; baseline 0.003 -18"><span class='ocrx_word' id='word_1_176' title='bbox 139 3031 315 3114; x_wconf 72' lang='lat' dir='ltr'><strong>muitetur,</strong></span> <span class='ocrx_word' id='word_1_177' title='bbox 345 3049 533 3116; x_wconf 87' lang='lat' dir='ltr'><strong>quamquam</strong></span> <span class='ocrx_word' id='word_1_178' title='bbox 564 3050 671 3098; x_wconf 84' lang='lat' dir='ltr'><strong>omnes</strong></span> <span class='ocrx_word' id='word_1_179' title='bbox 695 3035 866 3098; x_wconf 75' lang='lat' dir='ltr'><strong>consonent</strong></span> <span class='ocrx_word' id='word_1_180' title='bbox 889 3033 1059 3116; x_wconf 80' lang='lat' dir='ltr'><strong>euangelio,</strong></span> <span class='ocrx_word' id='word_1_181' title='bbox 1081 3048 1142 3115; x_wconf 86' lang='lat' dir='ltr'><strong>quo</strong></span> <span class='ocrx_word' id='word_1_182' title='bbox 1163 3053 1271 3101; x_wconf 85' lang='lat' dir='ltr'><strong>omnes</strong></span> 
     </span>
     <span class='ocr_line' id='line_1_23' title="bbox 138 3135 1269 3223; baseline 0.003 -23"><span class='ocrx_word' id='word_1_183' title='bbox 138 3135 280 3219; x_wconf 76' lang='lat' dir='ltr'><strong>diligunt</strong></span> <span class='ocrx_word' id='word_1_184' title='bbox 302 3135 585 3201; x_wconf 82' lang='lat' dir='ltr'><strong>manifestationem</strong></span> <span class='ocrx_word' id='word_1_185' title='bbox 610 3135 729 3202; x_wconf 87' lang='lat' dir='ltr'><strong>domini</strong></span> <span class='ocrx_word' id='word_1_186' title='bbox 751 3136 785 3201; x_wconf 88' lang='lat' dir='ltr'><strong>et</strong></span> <span class='ocrx_word' id='word_1_187' title='bbox 806 3146 875 3200; x_wconf 82' lang='lat' dir='ltr'><strong>eam</strong></span> <span class='ocrx_word' id='word_1_188' title='bbox 897 3136 1111 3202; x_wconf 85' lang='lat' dir='ltr'><strong>desideranter</strong></span> <span class='ocrx_word' id='word_1_189' title='bbox 1133 3141 1165 3203; x_wconf 89' lang='lat' dir='ltr'><strong>et</strong></span> <span class='ocrx_word' id='word_1_190' title='bbox 1186 3138 1269 3223; x_wconf 79' lang='lat' dir='ltr'><strong>nigi-</strong></span> 
     </span>
     <span class='ocr_line' id='line_1_24' title="bbox 136 3238 1268 3324; baseline 0.002 -19"><span class='ocrx_word' id='word_1_191' title='bbox 136 3238 242 3305; x_wconf 85' lang='lat' dir='ltr'><strong>lunter</strong></span> <span class='ocrx_word' id='word_1_192' title='bbox 276 3242 470 3321; x_wconf 81' lang='lat' dir='ltr'><strong>exspectant,</strong></span> <span class='ocrx_word' id='word_1_193' title='bbox 504 3239 667 3305; x_wconf 85' lang='lat' dir='ltr'><strong>uideamus</strong></span> <span class='ocrx_word' id='word_1_194' title='bbox 701 3241 807 3304; x_wconf 87' lang='lat' dir='ltr'><strong>tamen</strong></span> <span class='ocrx_word' id='word_1_195' title='bbox 840 3239 910 3321; x_wconf 88' lang='lat' dir='ltr'><strong>quis</strong></span> <span class='ocrx_word' id='word_1_196' title='bbox 944 3241 1080 3324; x_wconf 87' lang='lat' dir='ltr'><strong>amplius</strong></span> <span class='ocrx_word' id='word_1_197' title='bbox 1113 3245 1268 3308; x_wconf 80' lang='lat' dir='ltr'><strong>consonet.</strong></span> 
     </span>
     <span class='ocr_line' id='line_1_25' title="bbox 136 3340 1270 3429; baseline 0.003 -21"><span class='ocrx_word' id='word_1_198' title='bbox 136 3360 217 3415; x_wconf 86' lang='lat' dir='ltr'><strong>unua</strong></span> <span class='ocrx_word' id='word_1_199' title='bbox 239 3340 332 3407; x_wconf 82' lang='lat' dir='ltr'><strong>dicit:</strong></span> <span class='ocrx_word' id='word_1_200' title='bbox 357 3341 544 3429; x_wconf 78' lang='lat' dir='ltr'><strong>„uigiiemus</strong></span> <span class='ocrx_word' id='word_1_201' title='bbox 574 3345 607 3409; x_wconf 86' lang='lat' dir='ltr'><strong>at</strong></span> <span class='ocrx_word' id='word_1_202' title='bbox 637 3356 770 3420; x_wconf 82' lang='lat' dir='ltr'><strong>oramus,</strong></span> <span class='ocrx_word' id='word_1_203' title='bbox 805 3344 877 3428; x_wconf 87' lang='lat' dir='ltr'><strong>qnia</strong></span> <span class='ocrx_word' id='word_1_204' title='bbox 910 3345 1004 3410; x_wconf 85' lang='lat' dir='ltr'><strong>eitius</strong></span> <span class='ocrx_word' id='word_1_205' title='bbox 1037 3347 1187 3411; x_wconf 83' lang='lat' dir='ltr'><strong>uenturus</strong></span> <span class='ocrx_word' id='word_1_206' title='bbox 1221 3346 1270 3411; x_wconf 87' lang='lat' dir='ltr'><strong>eat</strong></span> 
     </span>
     <span class='ocr_line' id='line_1_26' title="bbox 104 3443 1269 3534; baseline 0.004 -26"><span class='ocrx_word' id='word_1_207' title='bbox 104 3443 316 3512; x_wconf 58' lang='lat' dir='ltr'><strong>„deminuet</strong></span> <span class='ocrx_word' id='word_1_208' title='bbox 337 3446 417 3512; x_wconf 85' lang='lat' dir='ltr'><strong>altar</strong></span> <span class='ocrx_word' id='word_1_209' title='bbox 432 3446 523 3514; x_wconf 77' lang='lat' dir='ltr'><strong>dicit:</strong></span> <span class='ocrx_word' id='word_1_210' title='bbox 549 3445 735 3534; x_wconf 80' lang='lat' dir='ltr'><strong>„uigilemus</strong></span> <span class='ocrx_word' id='word_1_211' title='bbox 749 3450 928 3527; x_wconf 84' lang='lat' dir='ltr'><strong>staremus,</strong></span> <span class='ocrx_word' id='word_1_212' title='bbox 951 3447 1027 3531; x_wconf 79' lang='lat' dir='ltr'><strong>qnia</strong></span> <span class='ocrx_word' id='word_1_213' title='bbox 1040 3446 1145 3514; x_wconf 82' lang='lat' dir='ltr'><strong>hienis</strong></span> <span class='ocrx_word' id='word_1_214' title='bbox 1165 3450 1197 3512; x_wconf 87' lang='lat' dir='ltr'><strong>et</strong></span> <span class='ocrx_word' id='word_1_215' title='bbox 1218 3449 1269 3513; x_wconf 90' lang='lat' dir='ltr'><strong>in·</strong></span> 
     </span>
     <span class='ocr_line' id='line_1_27' title="bbox 135 3549 1266 3633; baseline 0.002 -18"><span class='ocrx_word' id='word_1_216' title='bbox 135 3551 222 3615; x_wconf 64' lang='lat' dir='ltr'><strong>nana</strong></span> <span class='ocrx_word' id='word_1_217' title='bbox 254 3549 491 3625; x_wconf 62' lang='lat' dir='ltr'><strong>astisinate,</strong></span> <span class='ocrx_word' id='word_1_218' title='bbox 525 3552 670 3633; x_wconf 84' lang='lat' dir='ltr'><strong>quamuis</strong></span> <span class='ocrx_word' id='word_1_219' title='bbox 701 3552 821 3617; x_wconf 83' lang='lat' dir='ltr'><strong>tardius</strong></span> <span class='ocrx_word' id='word_1_220' title='bbox 849 3554 1000 3617; x_wconf 80' lang='lat' dir='ltr'><strong>neuturus</strong></span> <span class='ocrx_word' id='word_1_221' title='bbox 1024 3552 1067 3616; x_wconf 83' lang='lat' dir='ltr'><strong>sit</strong></span> <span class='ocrx_word' id='word_1_222' title='bbox 1088 3550 1266 3618; x_wconf 77' lang='lat' dir='ltr'><strong>dominua.“</strong></span> 
     </span>
     <span class='ocr_line' id='line_1_28' title="bbox 138 3653 1269 3742; baseline 0.001 -23"><span class='ocrx_word' id='word_1_223' title='bbox 138 3654 255 3720; x_wconf 82' lang='lat' dir='ltr'><strong>tertius</strong></span> <span class='ocrx_word' id='word_1_224' title='bbox 279 3653 370 3720; x_wconf 77' lang='lat' dir='ltr'><strong>dieii:</strong></span> <span class='ocrx_word' id='word_1_225' title='bbox 401 3654 589 3742; x_wconf 74' lang='lat' dir='ltr'><strong>35uigilemus</strong></span> <span class='ocrx_word' id='word_1_226' title='bbox 619 3656 652 3721; x_wconf 88' lang='lat' dir='ltr'><strong>et</strong></span> <span class='ocrx_word' id='word_1_227' title='bbox 672 3673 804 3741; x_wconf 87' lang='lat' dir='ltr'><strong>oramus,</strong></span> <span class='ocrx_word' id='word_1_228' title='bbox 827 3657 901 3739; x_wconf 88' lang='lat' dir='ltr'><strong>quia</strong></span> <span class='ocrx_word' id='word_1_229' title='bbox 923 3660 956 3721; x_wconf 90' lang='lat' dir='ltr'><strong>et</strong></span> <span class='ocrx_word' id='word_1_230' title='bbox 976 3654 1081 3721; x_wconf 83' lang='lat' dir='ltr'><strong>branis</strong></span> <span class='ocrx_word' id='word_1_231' title='bbox 1105 3656 1199 3738; x_wconf 81' lang='lat' dir='ltr'><strong>atque</strong></span> <span class='ocrx_word' id='word_1_232' title='bbox 1220 3655 1269 3720; x_wconf 89' lang='lat' dir='ltr'><strong>in·</strong></span> 
     </span>
     <span class='ocr_line' id='line_1_29' title="bbox 137 3756 1268 3843; baseline 0.001 -20"><span class='ocrx_word' id='word_1_233' title='bbox 137 3757 224 3823; x_wconf 79' lang='lat' dir='ltr'><strong>serta</strong></span> <span class='ocrx_word' id='word_1_234' title='bbox 245 3761 294 3822; x_wconf 84' lang='lat' dir='ltr'><strong>est</strong></span> <span class='ocrx_word' id='word_1_235' title='bbox 324 3756 385 3822; x_wconf 87' lang='lat' dir='ltr'><strong>ista</strong></span> <span class='ocrx_word' id='word_1_236' title='bbox 414 3759 482 3823; x_wconf 89' lang='lat' dir='ltr'><strong>uita</strong></span> <span class='ocrx_word' id='word_1_237' title='bbox 503 3761 536 3823; x_wconf 87' lang='lat' dir='ltr'><strong>et</strong></span> <span class='ocrx_word' id='word_1_238' title='bbox 557 3760 713 3824; x_wconf 79' lang='lat' dir='ltr'><strong>nescimus</strong></span> <span class='ocrx_word' id='word_1_239' title='bbox 735 3762 871 3843; x_wconf 84' lang='lat' dir='ltr'><strong>tempus,</strong></span> <span class='ocrx_word' id='word_1_240' title='bbox 902 3758 1027 3842; x_wconf 82' lang='lat' dir='ltr'><strong>quando</strong></span> <span class='ocrx_word' id='word_1_241' title='bbox 1048 3762 1201 3823; x_wconf 84' lang='lat' dir='ltr'><strong>uenturus</strong></span> <span class='ocrx_word' id='word_1_242' title='bbox 1223 3760 1268 3824; x_wconf 90' lang='lat' dir='ltr'><strong>sit</strong></span> 
     </span>
     <span class='ocr_line' id='line_1_30' title="bbox 137 3859 1269 3946; baseline 0.002 -20"><span class='ocrx_word' id='word_1_243' title='bbox 137 3859 317 3927; x_wconf 57' lang='lat' dir='ltr'><strong>deminuet</strong></span> <span class='ocrx_word' id='word_1_244' title='bbox 351 3861 548 3946; x_wconf 83' lang='lat' dir='ltr'><strong>euangelium</strong></span> <span class='ocrx_word' id='word_1_245' title='bbox 572 3860 666 3927; x_wconf 82' lang='lat' dir='ltr'><strong>dieit:</strong></span> <span class='ocrx_word' id='word_1_246' title='bbox 693 3861 844 3944; x_wconf 84' lang='lat' dir='ltr'><strong>uidete,</strong></span> <span class='ocrx_word' id='word_1_247' title='bbox 873 3861 1047 3946; x_wconf 82' lang='lat' dir='ltr'><strong>uigilata</strong></span> <span class='ocrx_word' id='word_1_248' title='bbox 1076 3862 1116 3927; x_wconf 87' lang='lat' dir='ltr'><strong>et</strong></span> <span class='ocrx_word' id='word_1_249' title='bbox 1143 3866 1269 3940; x_wconf 81' lang='lat' dir='ltr'><strong>orate;</strong></span> 
     </span>
    </p>
   </div>
   <div class='ocr_carea' id='block_1_7' title="bbox 241 4045 1118 4117">
    <p class='ocr_par' dir='ltr' id='par_1_7' title="bbox 241 4045 1118 4117">
     <span class='ocr_line' id='line_1_31' title="bbox 241 4045 1118 4117; baseline 0.002 -15"><span class='ocrx_word' id='word_1_250' title='bbox 241 4046 275 4102; x_wconf 85' lang='lat'><strong>13</strong></span> <span class='ocrx_word' id='word_1_251' title='bbox 292 4045 391 4101; x_wconf 69' lang='lat' dir='ltr'><strong>ussa.</strong></span> <span class='ocrx_word' id='word_1_252' title='bbox 409 4045 553 4117; x_wconf 50' lang='lat' dir='ltr'><strong>antaee</strong></span> <span class='ocrx_word' id='word_1_253' title='bbox 594 4047 656 4101; x_wconf 83' lang='lat' dir='ltr'><strong>Luc.</strong></span> <span class='ocrx_word' id='word_1_254' title='bbox 676 4047 717 4111; x_wconf 82' lang='lat'><strong>12,</strong></span> <span class='ocrx_word' id='word_1_255' title='bbox 733 4047 769 4101; x_wconf 75' lang='lat'><strong>45</strong></span> <span class='ocrx_word' id='word_1_256' title='bbox 870 4048 905 4103; x_wconf 75' lang='lat'><strong>29</strong></span> <span class='ocrx_word' id='word_1_257' title='bbox 923 4047 1006 4103; x_wconf 78' lang='lat' dir='ltr'><strong>Mara.</strong></span> <span class='ocrx_word' id='word_1_258' title='bbox 1025 4048 1118 4116; x_wconf 68' lang='lat' dir='ltr'>13,ae</span> 
     </span>
    </p>
   </div>
   <div class='ocr_carea' id='block_1_8' title="bbox 190 4214 1268 4289">
    <p class='ocr_par' dir='ltr' id='par_1_8' title="bbox 190 4214 1268 4289">
     <span class='ocr_line' id='line_1_32' title="bbox 190 4214 1268 4289; baseline 0.003 -18"><span class='ocrx_word' id='word_1_259' title='bbox 190 4218 203 4271; x_wconf 99' lang='grc'>1</span> <span class='ocrx_word' id='word_1_260' title='bbox 228 4215 267 4270; x_wconf 83' lang='lat' dir='ltr'><strong>aia</strong></span> <span class='ocrx_word' id='word_1_261' title='bbox 292 4214 355 4272; x_wconf 79' lang='lat' dir='ltr'><strong>TV:</strong></span> <span class='ocrx_word' id='word_1_262' title='bbox 383 4215 503 4285; x_wconf 82' lang='lat' dir='ltr'><strong>quihus</strong></span> <span class='ocrx_word' id='word_1_263' title='bbox 526 4215 660 4286; x_wconf 81' lang='lat' dir='ltr'><strong>utiquev</strong></span> <span class='ocrx_word' id='word_1_264' title='bbox 764 4217 1018 4287; x_wconf 81' lang='lat' dir='ltr'><strong>prohibebanturu</strong></span> <span class='ocrx_word' id='word_1_265' title='bbox 1084 4276 1087 4283; x_wconf 74' lang='grc'>,</span> <span class='ocrx_word' id='word_1_266' title='bbox 1120 4218 1268 4289; x_wconf 69' lang='lat' dir='ltr'><strong>equando</strong></span> 
     </span>
    </p>
   </div>
   <div class='ocr_carea' id='block_1_9' title="bbox 132 4305 1268 4735">
    <p class='ocr_par' dir='ltr' id='par_1_9' title="bbox 132 4305 1268 4735">
     <span class='ocr_line' id='line_1_33' title="bbox 136 4305 1268 4389; baseline 0.001 -12"><span class='ocrx_word' id='word_1_267' title='bbox 136 4319 232 4377; x_wconf 54' lang='lat' dir='ltr'><strong>auum</strong></span> <span class='ocrx_word' id='word_1_268' title='bbox 259 4319 331 4389; x_wconf 72' lang='lat' dir='ltr'><strong>quoe</strong></span> <span class='ocrx_word' id='word_1_269' title='bbox 356 4319 392 4375; x_wconf 58' lang='grc' dir='ltr'><strong>φ’</strong></span> <span class='ocrx_word' id='word_1_270' title='bbox 497 4319 530 4375; x_wconf 85' lang='lat' dir='ltr'><strong>1a</strong></span> <span class='ocrx_word' id='word_1_271' title='bbox 552 4319 642 4374; x_wconf 68' lang='lat' dir='ltr'><strong>aiens</strong></span> <span class='ocrx_word' id='word_1_272' title='bbox 668 4319 730 4376; x_wconf 74' lang='lat' dir='ltr'><strong>aa:</strong></span> <span class='ocrx_word' id='word_1_273' title='bbox 758 4320 866 4377; x_wconf 72' lang='lat' dir='ltr'><strong>eaesae</strong></span> <span class='ocrx_word' id='word_1_274' title='bbox 970 4322 1003 4378; x_wconf 78' lang='lat'><strong>14</strong></span> <span class='ocrx_word' id='word_1_275' title='bbox 1026 4305 1212 4377; x_wconf 70' lang='lat' dir='ltr'><strong>eonuiiuendo</strong></span> <span class='ocrx_word' id='word_1_276' title='bbox 1234 4323 1268 4378; x_wconf 67' lang='lat' dir='ltr'><strong>au</strong></span> 
     </span>
     <span class='ocr_line' id='line_1_34' title="bbox 134 4389 1267 4466; baseline 0.001 -3"><span class='ocrx_word' id='word_1_277' title='bbox 134 4406 336 4463; x_wconf 61' lang='lat' dir='ltr'><strong>essaenos</strong></span> <span class='ocrx_word' id='word_1_278' title='bbox 441 4408 473 4462; x_wconf 79' lang='lat'><strong>15</strong></span> <span class='ocrx_word' id='word_1_279' title='bbox 494 4406 597 4462; x_wconf 72' lang='lat' dir='ltr'><strong>semini</strong></span> <span class='ocrx_word' id='word_1_280' title='bbox 623 4406 738 4465; x_wconf 54' lang='lat' dir='ltr'><strong>sesae</strong></span> <span class='ocrx_word' id='word_1_281' title='bbox 760 4407 812 4462; x_wconf 74' lang='lat' dir='ltr'><strong>ans</strong></span> <span class='ocrx_word' id='word_1_282' title='bbox 835 4406 899 4463; x_wconf 75' lang='lat' dir='ltr'><strong><em>m</em></strong></span> <span class='ocrx_word' id='word_1_283' title='bbox 1000 4406 1059 4463; x_wconf 76' lang='lat' dir='ltr'><strong>oue</strong></span> <span class='ocrx_word' id='word_1_284' title='bbox 1077 4389 1188 4463; x_wconf 66' lang='lat' dir='ltr'><strong>aare:</strong></span> <span class='ocrx_word' id='word_1_285' title='bbox 1215 4425 1267 4466; x_wconf 73' lang='grc' dir='ltr'><strong>ω».</strong></span> 
     </span>
     <span class='ocr_line' id='line_1_35' title="bbox 134 4492 1267 4563; baseline 0.002 -16"><span class='ocrx_word' id='word_1_286' title='bbox 134 4493 202 4553; x_wconf 71' lang='lat' dir='ltr'><strong>MV</strong></span> <span class='ocrx_word' id='word_1_287' title='bbox 303 4492 457 4548; x_wconf 74' lang='lat' dir='ltr'><strong>assensio</strong></span> <span class='ocrx_word' id='word_1_288' title='bbox 479 4492 543 4549; x_wconf 83' lang='lat' dir='ltr'><strong>TV:</strong></span> <span class='ocrx_word' id='word_1_289' title='bbox 570 4499 707 4551; x_wconf 75' lang='lat' dir='ltr'><strong>remotae</strong></span> <span class='ocrx_word' id='word_1_290' title='bbox 805 4493 1011 4563; x_wconf 66' lang='lat' dir='ltr'><strong>Umbriaque</strong></span> <span class='ocrx_word' id='word_1_291' title='bbox 1031 4493 1059 4550; x_wconf 85' lang='lat' dir='ltr'><strong><em>V</em></strong></span> <span class='ocrx_word' id='word_1_292' title='bbox 1152 4493 1186 4549; x_wconf 70' lang='lat'><strong>21</strong></span> <span class='ocrx_word' id='word_1_293' title='bbox 1206 4510 1267 4550; x_wconf 84' lang='lat' dir='ltr'><strong>een·</strong></span> 
     </span>
     <span class='ocr_line' id='line_1_36' title="bbox 132 4579 1268 4653; baseline -0.002 -17"><span class='ocrx_word' id='word_1_294' title='bbox 132 4581 281 4636; x_wconf 60' lang='lat' dir='ltr'><strong>namura</strong></span> <span class='ocrx_word' id='word_1_295' title='bbox 384 4583 565 4635; x_wconf 77' lang='lat' dir='ltr'><strong>oensenantv</strong></span> <span class='ocrx_word' id='word_1_296' title='bbox 667 4597 720 4653; x_wconf 86' lang='lat' dir='ltr'><strong>qua</strong></span> <span class='ocrx_word' id='word_1_297' title='bbox 743 4579 779 4635; x_wconf 85' lang='lat' dir='ltr'><strong>V:</strong></span> <span class='ocrx_word' id='word_1_298' title='bbox 806 4581 872 4649; x_wconf 78' lang='lat' dir='ltr'><strong>quia</strong></span> <span class='ocrx_word' id='word_1_299' title='bbox 895 4579 967 4637; x_wconf 73' lang='lat' dir='ltr'><strong>Pro</strong></span> <span class='ocrx_word' id='word_1_300' title='bbox 1069 4579 1105 4636; x_wconf 75' lang='lat'><strong>22</strong></span> <span class='ocrx_word' id='word_1_301' title='bbox 1123 4594 1183 4635; x_wconf 81' lang='lat' dir='ltr'><strong>eam</strong></span> <span class='ocrx_word' id='word_1_302' title='bbox 1205 4580 1268 4638; x_wconf 80' lang='lat' dir='ltr'><strong>TV:</strong></span> 
     </span>
     <span class='ocr_line' id='line_1_37' title="bbox 133 4658 1022 4735; baseline -0.001 -13"><span class='ocrx_word' id='word_1_303' title='bbox 133 4681 233 4725; x_wconf 72' lang='lat' dir='ltr'><strong>euna</strong></span> <span class='ocrx_word' id='word_1_304' title='bbox 336 4663 371 4721; x_wconf 75' lang='lat'><strong>25</strong></span> <span class='ocrx_word' id='word_1_305' title='bbox 388 4667 417 4719; x_wconf 82' lang='lat' dir='ltr'><strong>et</strong></span> <span class='ocrx_word' id='word_1_306' title='bbox 433 4664 538 4721; x_wconf 77' lang='lat' dir='ltr'><strong>inserts</strong></span> <span class='ocrx_word' id='word_1_307' title='bbox 556 4658 718 4735; x_wconf 66' lang='lat' dir='ltr'><strong>0P¹1⁶Vu=</strong></span> <span class='ocrx_word' id='word_1_308' title='bbox 745 4684 797 4724; x_wconf 75' lang='lat' dir='ltr'><strong>om.</strong></span> <span class='ocrx_word' id='word_1_309' title='bbox 820 4665 869 4730; x_wconf 85' lang='lat' dir='ltr'><strong>T¹;</strong></span> <span class='ocrx_word' id='word_1_310' title='bbox 895 4681 966 4723; x_wconf 80' lang='lat' dir='ltr'><strong>eras.</strong></span> <span class='ocrx_word' id='word_1_311' title='bbox 983 4666 1022 4721; x_wconf 88' lang='lat' dir='ltr'><strong>P¹</strong></span> 
     </span>
    </p>
   </div>
   <div class='ocr_carea' id='block_1_10' title="bbox 0 0 1384 4814">
    <p class='ocr_par' dir='ltr' id='par_1_10' title="bbox 0 0 1384 4814">
     <span class='ocr_line' id='line_1_38' title="bbox 0 0 1384 4814; baseline 0 4"><span class='ocrx_word' id='word_1_312' title='bbox 0 0 1384 4814; x_wconf 95' lang='lat' dir='ltr'><strong> </strong></span> 
     </span>
    </p>
   </div>
  </div>
 </body>
</html>
