2760 4814
230 332 393 404 Excerpta
410 349 446 388 ex
464 349 531 403 opp.
551 335 578 389 S.
596 333 784 404 Augustini
803 333 938 389 CLVIIII.
956 333 1034 389 CLX.
1131 336 1195 405 559

66 522 170 588 mini.
209 522 336 605 proinde
358 524 433 606 quia
455 524 548 590 fidem
572 525 771 602 eenturionia
800 543 861 607 qua
881 543 953 590 uere
975 525 1131 591 seceditur
1154 525 1193 591 ad

65 627 183 706 Iesum,
213 629 278 710 ipse
308 628 354 692 ita
383 628 536 709 laudauit,
560 628 597 694 ut
624 630 756 695 diceret:
789 647 861 694 nen
883 627 1019 693 inueni
1041 629 1193 694 tantam

64 729 184 797 sidem
206 729 247 795 in
261 729 430 808 Israhel,
446 732 549 815 ipsum
563 732 667 814 potius
683 732 846 798 accessisse
863 731 903 796 ad
915 729 1074 797 Christum
1089 730 1191 796 didere

64 833 167 897 uoluit
201 833 335 915 prudens
368 833 564 918 euangelista
593 852 686 917 quam
719 833 791 899 illes
824 852 879 917 per
908 851 984 915 ques
1018 833 1112 899 uerba
1133 852 1191 899 sua

44 936 207 1001 emiserat.
259 954 349 1018 porte
387 937 491 1001 autem
528 936 630 1002 Lucas
673 936 742 1001 ideo
785 939 888 1002 tetum
929 935 1189 1018 quemadmodum

63 1040 191 1120 gestum
213 1040 295 1103 esset
317 1039 447 1122 aperuit,
471 1040 507 1104 ut
529 1057 565 1104 ex
586 1039 646 1105 hoe
666 1038 848 1124 intellegere
868 1056 1057 1123 cogeremur,
1080 1058 1189 1121 quem·

64 1143 231 1208 admodum
262 1141 374 1207 dixerit
408 1143 504 1226 alius,
539 1143 592 1225 qui
626 1143 751 1208 mentiri
785 1159 845 1207 nou
872 1141 978 1225 possit.
1022 1140 1070 1206 sie
1103 1143 1188 1206 euim

63 1246 119 1311 illa
134 1244 257 1321 mulier,
275 1263 353 1329 quae
369 1245 485 1310 fluxum
497 1246 658 1328 sauguinis
673 1246 859 1330 patiebatur,
875 1245 1019 1328 quamuis
1032 1245 1188 1311 fimbriam

62 1346 244 1413 uestimenti
267 1348 333 1413 eius
356 1348 502 1426 tenuerit,
525 1347 628 1432 magis
650 1350 757 1413 tamen
779 1348 887 1431 tetigit
909 1347 1070 1413 deminum
1093 1366 1187 1431 quam

31 1450 135 1517 millae
162 1450 281 1531 turbae,
310 1450 464 1533 aquibus
494 1452 699 1534 premebatur.
737 1452 773 1516 ut
804 1451 887 1516 euim
909 1450 984 1516 haee
1006 1469 1067 1533 que
1088 1453 1187 1535 magis

61 1553 205 1633 eredidit,
230 1572 265 1619 ee
287 1555 388 1637 magis
410 1553 518 1636 tetigit
539 1553 710 1632 deminum,
732 1553 778 1619 ita
792 1556 824 1618 et
839 1554 989 1636 centurie,
1012 1572 1072 1636 quo
1087 1553 1187 1638 magis

61 1656 206 1735 eredidit,
237 1675 273 1722 ee
295 1659 395 1741 magis
425 1658 556 1723 accessit
587 1658 627 1723 ad
656 1658 826 1723 dominum.
864 1657 928 1724 iam
950 1659 1053 1724 cetera
1074 1657 1108 1724 iu
1130 1659 1187 1725 hoe

61 1761 210 1844 ospitale,
234 1779 313 1843 quae
336 1762 415 1826 alter
439 1760 517 1826 dicit
532 1763 564 1826 et
578 1760 658 1827 alter
679 1761 913 1845 praetermittit,
937 1760 1093 1845 superflue
1115 1781 1187 1845 per·

60 1863 247 1941 tractantur,
281 1883 353 1930 eum
386 1884 422 1929 ex
454 1866 512 1930 illa
538 1864 646 1947 regula
679 1865 825 1948 primitus
856 1864 1072 1931 commendata
1105 1864 1186 1930 nihil

26 1996 50 2036 rs
58 1967 262 2033 inueniuntur
283 1966 399 2034 habere
422 1967 625 2034 centrarium.

573 2256 675 2342 CLX.

122 2449 207 2497 rum
229 2448 277 2496 EX
298 2447 416 2496 EODEM
438 2449 551 2497 LIBRO.
588 2448 755 2510 Qvomono
776 2449 981 2498 Mauunauvs
1003 2447 1120 2497 mco

57 2552 244 2603 CORGBVA'I'
277 2553 323 2599 DE
353 2551 472 2615 VIRGA,
507 2553 604 2613 QVAM
632 2552 816 2602 SECVNDVM
845 2553 1059 2600 mamam
1089 2552 1184 2601 DIOIT

56 2655 213 2705 norimus
240 2654 312 2703 NON
334 2654 531 2717 FERENDAM,
559 2656 743 2704 SECVNDVM
764 2656 910 2705 MARCVM
930 2656 1047 2704 Avuum
1071 2656 1184 2704 SOLAM

21 2771 48 2813 2)
520 2760 718 2808 FERENDAM.

100 2896 188 2964 Solet
208 2900 284 2963 item
308 2901 422 2981 quaeri,
445 2901 596 2982 quemodo
618 2896 797 2963 Matthaeus
820 2899 853 2962 et
874 2897 972 2962 Lucas
995 2915 1179 2962 commemo·
1192 2898 1252 2966 176

55 3000 198 3067 reuerint
220 3001 334 3067 dixisse
355 3001 517 3067 domiuum
538 2999 710 3084 discipulis,
733 3000 770 3065 ut
791 3018 857 3066 uec
878 2999 1030 3083 uirgam
1053 3001 1179 3080 ferrent,

55 3122 128 3168 cum
150 3102 236 3170 dieat
256 3103 397 3170 Marsus:
420 3105 458 3169 et
479 3103 688 3188 praecepit
708 3102 783 3178 eis,
806 3122 851 3168 ue
874 3103 964 3186 quid
986 3103 1183 3170 tollerent

159 3305 340 3372 anastas
361 3306 393 3360 10
494 3305 568 3361 8el.
585 3305 649 3360 Luc.
667 3306 692 3372 8,
708 3306 810 3376 ddsqq.
913 3307 947 3361 22
970 3307 1068 3361 dietih.
1088 3307 1128 3374 10,
1149 3309 1181 3363 10

55 3392 118 3449 Luc.
136 3391 200 3460 9,3
300 3392 335 3446 23
352 3391 433 3445 llere.
451 3392 512 3458 6,8

108 3579 232 3650 itidem]
249 3595 300 3636 em.
323 3580 360 3635 θ’
463 3581 621 3652 sitalem.
643 3580 685 3638 Ge
787 3581 910 3636 laudabit
931 3581 996 3637 MV
1095 3582 1181 3638 disere

54 3665 93 3722 Μ
193 3666 430 3736 hutem1tautem
448 3666 476 3720 P
576 3667 775 3738 6esset10sse
798 3667 826 3722 Ρ
931 3667 1179 3738 ldirerit1aeeee-

53 3754 122 3807 sisre
139 3751 238 3807 dixerit
256 3752 284 3807 P
384 3754 500 3808 mentire
519 3753 586 3810 G¹P
686 3753 771 3823 pessit
793 3754 869 3809 MV:
897 3755 989 3824 potuit
1011 3755 1113 3812 aare

53 3836 169 3894 Siluru
192 3836 258 3893 MV
360 3839 494 3909 9megis]
512 3855 562 3896 om.
583 3839 613 3895 P
712 3855 793 3909 quam
809 3839 1014 3911 illae—tetigit
1031 3841 1178 3913 dominum]

52 3941 106 3980 erre.
129 3924 167 3980 Μ
170 3923 198 3979 V
305 3925 338 3980 10
360 3925 408 3980 ille
429 3926 487 3981 ΔΡ
599 3926 631 3981 13
654 3925 796 3997 superfluo]
819 3926 988 3997 superdueo
1016 3928 1180 3998 superfluuie

54 4011 87 4067 P
168 4009 203 4065 14
220 4009 495 4079 eemmeudstaduia)
512 4014 540 4068 A
626 4013 661 4068 15
673 4014 829 4068 inueniatur
846 4012 889 4070 Ge
976 4015 1007 4069 16
1024 4029 1083 4084 esp.
1096 4014 1180 4070 CLXI

53 4099 84 4153 Δ
111 4095 245 4153 cmm
267 4097 296 4152 P
322 4095 473 4153 CLXXVII
497 4098 541 4154 Ge
644 4098 678 4153 17
701 4098 780 4169 libro]
804 4099 823 4155 l.
846 4098 880 4154 de
897 4115 1025 4155 sumansu
1043 4100 1179 4170 euangeli-

52 4190 159 4239 starum
181 4182 212 4239 11
233 4182 333 4239 Aah
434 4185 467 4238 19
489 4186 552 4256 uon]
575 4200 645 4241 aaa.
662 4185 695 4239 ἐκ
716 4184 743 4240 G
850 4185 883 4241 21
909 4190 1180 4242 eommemerauarunt

52 4272 83 4326 Δ
184 4269 220 4325 23
235 4268 314 4339 quid]
329 4269 391 4340 quit
407 4270 435 4325 A
