2760 4814
263 531 430 603 llroerpta
447 548 483 588 er
500 549 569 603 opp.
587 534 613 589 Β.
631 533 821 605 Augustini
843 536 904 593 LIL
922 537 998 595 tm
1134 540 1196 607 287

62 724 196 807 ideoque
230 722 373 807 tempora
404 724 557 806 passionis
581 728 613 790 et
635 726 867 793 resurrectionis
899 744 973 792 suae
995 728 1135 795 *haberet
1163 729 1197 794 in

61 829 227 911 potestate,
250 826 284 892 id
304 823 370 911 ogit
392 829 430 893 ut
444 846 517 894 caro
531 831 598 895 eius
620 831 652 895 in
668 830 829 913 sepultura
844 831 974 899 sabbato
989 830 1196 914 requiesceret

61 932 98 997 ab
122 929 270 997 omnibus
300 930 446 1012 operibus
475 933 549 1010 suis,
581 934 617 998 ut
637 934 732 1000 tertio
754 933 804 999 die
826 952 1002 1021 resurgens,
1027 952 1120 1017 quem
1141 936 1196 1000 do·

62 1035 216 1099 minirum
233 1033 376 1117 didmus,
400 1036 454 1117 qui
472 1040 544 1118 post
560 1038 725 1103 sabbatum
740 1038 924 1104 numeratur
940 1048 1077 1116 oceanus,
1100 1038 1196 1102 etiam

40 1137 332 1203 ecmcumoieionem
374 1139 477 1203 octaui
514 1138 576 1203 diei
614 1140 653 1205 ad
691 1159 725 1204 ss
761 1141 1008 1224 prophetandum
1044 1142 1197 1222 portinere

61 1240 247 1306 declararet.
287 1241 362 1323 quid
385 1241 469 1306 enim
492 1241 651 1326 significat
673 1242 867 1309 circumcisio
891 1245 1015 1310 aarum?
1037 1244 1112 1326 quid
1135 1243 1195 1307 nisi

61 1345 300 1428 expoliationem
322 1346 537 1424 mortalitatis,
561 1366 654 1429 quam
671 1347 709 1412 de
731 1348 847 1414 carnali
869 1347 1071 1432 generatione
1092 1350 1196 1429 porta·

61 1451 156 1514 mus?
192 1452 319 1531 propter
356 1448 414 1514 hoc
451 1449 529 1514 dicit
565 1450 745 1531 apostolus:
785 1470 930 1516 exuens
962 1470 1004 1516 se
1037 1469 1194 1516 carnem

59 1551 316 1637 principatus
339 1552 379 1617 et
399 1554 627 1637 potestates
657 1553 907 1637 exemplauit
929 1552 1194 1636 fiducialiter,

26 1656 320 1738 rotriumpbans
341 1673 404 1721 eos
427 1656 465 1720 in
488 1661 609 1722 semet
631 1649 729 1741 ipso.
764 1658 846 1742 quod
868 1658 952 1724 anim
975 1658 1053 1723 dicit
1074 1655 1194 1722 orumse

60 1780 94 1825 se
117 1779 254 1841 carnem,
284 1775 320 1824 eo
347 1759 415 1825 looo
444 1777 566 1825 carnem
595 1761 823 1826 mortalitatem
846 1761 947 1827 carnis
968 1759 1193 1843 intellegimus,

60 1864 235 1929 secundum
269 1880 365 1946 quam
398 1863 520 1947 proprio
553 1881 664 1945 eorpus
695 1864 754 1930 hoc
785 1882 856 1929 caro
887 1862 1077 1930 nominatur.
1114 1879 1194 1944 quae

59 1967 241 2032 mortalitas
285 1965 406 2050 proprie
449 1984 519 2032 caro
570 1967 742 2050 appellata,
797 1969 872 2051 quia
914 1967 948 2032 in
990 1967 1048 2032 illa
1091 1983 1194 2030 resur·

60 2070 209 2135 rectionis
246 2069 487 2135 immortalitate
524 2089 584 2135 non
620 2071 691 2136 orit.
739 2074 903 2154 propterea
939 2071 1091 2153 scripturn
1128 2070 1194 2134 est:

27 2192 151 2239 recuro
185 2177 224 2239 et
257 2174 421 2257 sanguis
451 2192 614 2257 ragnum
644 2174 704 2239 dei
734 2193 806 2240 non
837 2173 1109 2256 possidebunt
1154 2173 1194 2237 de

59 2280 173 2362 quibus
204 2277 309 2342 uerbis
339 2277 447 2342 soletis
476 2277 663 2343 calumniari
692 2277 767 2343 fidei
789 2279 920 2356 nostrae,
952 2294 1015 2358 qua
1037 2275 1193 2341 credimus

60 2381 154 2447 huius
185 2382 320 2462 corporis
349 2380 488 2446 futuram
519 2380 789 2461 resurrectionem,
820 2380 954 2462 quaein
977 2380 1044 2461 ipso
1068 2379 1193 2443 domino

59 2487 124 2551 iam
159 2484 339 2566 praecessit,
373 2484 607 2550 dissimulantes
637 2503 672 2549 ea
706 2502 785 2566 quae
813 2483 979 2560 secuntur;
1012 2481 1046 2546 in
1078 2479 1193 2562 quibus

59 2590 167 2672 aperte
200 2588 358 2670 apostolus
391 2587 466 2670 quid
498 2587 582 2653 dicat
615 2587 748 2671 exponit.
789 2586 898 2651 uolens
925 2584 1010 2649 enim
1032 2585 1194 2648 ostendere

26 2694 134 2776 sequid
159 2708 194 2756 eo
216 2692 284 2756 looo
306 2689 418 2756 dirent
440 2709 575 2767 carnem,
605 2689 750 2755 contiuuo
779 2686 927 2754 subiecit:
961 2705 1083 2770 nequa
1112 2703 1192 2750 oor·

59 2794 198 2879 ruptio
228 2793 570 2875 incorruptionem
599 2790 834 2874 possidebit.
872 2790 930 2856 hoc
958 2790 1044 2855 enim
1072 2807 1191 2871 corpus,

59 2900 142 2982 quod
176 2896 303 2980 propter
335 2895 562 2961 mortalitatem
595 2895 718 2977 propria
751 2913 822 2961 earo
854 2893 1043 2972 nominatur,
1078 2894 1193 2958 mutari

58 3001 137 3067 dicit
160 3000 193 3064 in
216 2998 451 3074 resurrectione,
478 2999 514 3062 ut
535 2998 599 3062 iam
622 3000 747 3063 nonsit
770 2998 970 3079 corruptibile
992 2999 1085 3080 atque
1108 3014 1193 3061 mor·

59 3106 133 3170 tale.
172 3104 255 3186 quod
277 3119 315 3167 ne
337 3102 467 3183 putetur
490 3102 596 3166 nostra
622 3100 798 3184 suspicione
830 3100 902 3182 dici,
931 3099 1002 3183 ipsa
1023 3102 1090 3166 eius
1113 3117 1193 3182 quae

26 3210 211 3273 aeeouutur
231 3206 328 3270 neria
349 3203 518 3270 consulite:
553 3222 660 3287 ecce,
690 3204 803 3287 inquit,
834 3204 1068 3288 mysterium
1090 3204 1192 3267 dieo:

59 3328 193 3375 omues
226 3306 381 3391 quidem
416 3307 674 3391 resurgimus,
708 3325 779 3372 non
809 3310 939 3371 tamen
970 3322 1104 3371 omnes
1126 3307 1192 3370 im·

59 3411 317 3493 mutabimur,
347 3411 386 3474 in
410 3412 554 3487 atomo,
585 3411 625 3475 in
651 3410 734 3475 ictu
758 3411 880 3489 oouli,
910 3411 950 3474 in
973 3408 1192 3474 nouissima

163 3601 180 3655 8
198 3600 299 3655 Coloas.
316 3599 342 3664 2,
363 3599 393 3652 15
499 3597 564 3652 151
582 3596 642 3652 Cor.
661 3598 701 3662 15,
719 3597 820 3666 50sqq.

112 3774 127 3825 1
147 3774 266 3840 tempore
283 3770 324 3824 D·
418 3767 524 3822 haberit
541 3767 583 3822 D¹
610 3767 711 3822 habens
729 3768 794 3822 ΡΤ
886 3768 903 3821 2
921 3769 1082 3837 potestatem
1101 3768 1127 3820 V

56 3860 137 3916 bdie
159 3858 184 3912 Τ
285 3853 502 3925 pruplretandum
520 3854 549 3908 D
651 3854 668 3908 6
691 3854 841 3910 declaratur
863 3854 949 3911 D¹Po
1053 3854 1192 3910 lcarnale

57 3946 97 4000 12¹
185 3945 204 3999 8
221 3957 332 3997 cuneus
347 3940 375 3997 V
452 3955 531 3996 cerne
551 3940 577 3994 Τ
662 3941 695 3994 12
712 3940 834 4010 propriae
850 3940 1001 3997 DMPrV
1086 3942 1117 3995 13
1134 3940 1192 3994 illia

59 4033 95 4100 (is
112 4050 132 4086 u
148 4032 219 4085 sat
235 4031 268 4084 ta
278 4033 345 4096 rua)
363 4028 392 4082 P
484 4029 517 4083 15
533 4027 716 4097 possidebunt]
735 4026 825 4096 possib
843 4027 872 4081 P
961 4032 1026 4082 onte
1042 4027 1076 4082 de
1092 4026 1191 4096 quibus

56 4120 122 4176 add.
135 4118 236 4175 D¹Por
263 4119 295 4172 nt
305 4132 368 4187 ergo
380 4115 511 4171 induatur
521 4116 755 4173 immortalitatem
852 4115 885 4170 16
901 4115 1067 4170 calumniare
1082 4114 1123 4169 1)ι

57 4207 136 4260 fidaei
157 4206 182 4260 T
273 4205 306 4259 18
322 4205 471 4272 sequuntur
490 4203 528 4257 lt
620 4203 653 4259 19
671 4200 810 4270 apoetolue
826 4202 918 4269 aperte
934 4200 1007 4256 DPo
1098 4201 1134 4254 20
1151 4200 1192 4255 di·

57 4296 131 4346 xerut
150 4291 178 4345 P
281 4287 315 4343 22
333 4288 453 4358 propriae
468 4287 605 4353 D¹P¹TV
718 4285 753 4340 25
771 4285 913 4340 oonaolitae
930 4284 973 4339 Β*
1074 4284 1192 4338 mistirio

57 4377 98 4432 Ι)ι
186 4375 222 4429 26
234 4372 341 4443 quidem
352 4389 402 4431 oso.
418 4373 443 4427 Τ
506 4391 676 4461 repurgemus
692 4373 744 4428 T'v
813 4371 899 4426 omnis
909 4370 951 4426 D¹
1036 4371 1069 4426 tl
1082 4369 1192 4425 attomo

57 4464 100 4518 Pu
206 4461 263 4516 icto
278 4461 320 4516 D¹
