2760 4814
169 321 210 386 96
643 315 828 386 [nugrppru

168 509 201 574 in
226 508 440 593 frigidioribus
462 509 566 573 locis?
588 507 641 572 sed
664 508 740 571 haee
763 506 802 571 ab
827 507 1004 572 hominibus
1027 508 1116 571 tanto
1140 506 1291 572 difficilius

169 611 368 691 adhibentur,
401 613 517 694 quanto
546 610 657 675 desunt
684 628 832 675 sensuum
860 609 1054 675 subtilitates
1083 611 1291 691 etcorporum

168 714 362 782 mobilitates
383 714 415 779 in
439 715 589 780 membris
612 714 745 778 terrenis
768 718 800 778 et
822 715 929 796 pigris.
962 714 1042 779 unde
1065 711 1290 796 qualibuscum-

168 837 227 901 que
260 819 379 905 angelis
414 818 533 884 uicinas
567 836 674 883 causas
698 820 736 884 ab
768 819 931 882 elementis
967 819 1147 883 contrahere
1181 819 1290 900 quanti

167 922 289 989 facilius
312 925 369 1002 est,
393 923 480 988 tanto
504 922 710 987 mirabiliores
738 920 771 985 in
795 921 888 986 huius
912 922 994 987 modi
1018 921 1166 1003 operibus
1190 939 1289 987 eorum

167 1027 303 1092 existunt
327 1027 512 1093 celeritates.
545 1027 683 1091 sednon
707 1029 755 1092 est
777 1027 898 1091 creator
920 1026 979 1090 nisi
1003 1027 1057 1109 qui
1080 1025 1289 1109 principaliter

165 1129 226 1194 ista
248 1130 378 1208 format;
412 1149 467 1197 noe
496 1129 661 1212 quisquam
691 1131 750 1194 hoc
780 1131 882 1211 potest
905 1131 964 1194 nisi
986 1129 1051 1210 iile,
1086 1148 1178 1211 penos
1204 1147 1288 1221 quen

165 1231 311 1315 primitus
333 1237 408 1300 sunt
430 1234 569 1301 omnium
599 1252 676 1315 quae
709 1234 783 1298 sunt
807 1251 981 1312 mensurae,
1017 1232 1140 1298 numeri
1164 1236 1197 1297 et
1218 1248 1287 1315 pon·

165 1341 254 1421 dera3
276 1340 308 1401 et
331 1337 397 1420 ipse
420 1341 468 1403 est
490 1356 570 1402 unus
593 1339 711 1402 creator
733 1340 817 1416 deus,
842 1355 877 1401 ex
900 1338 987 1402 cuius
1011 1337 1162 1402 ineffabili
1185 1336 1287 1420 poten·

129 1469 133 1482 ·
165 1443 233 1505 tatu
261 1441 298 1505 fit
326 1441 421 1505 etiam
451 1445 485 1505 ut
515 1441 595 1523 quod
624 1442 751 1523 possent
778 1441 812 1504 hi
834 1439 946 1524 angeli,
976 1440 1005 1504 si
1026 1440 1285 1523 permitterentur

163 1544 234 1609 ideo
257 1561 318 1608 non
341 1544 472 1628 possint,
496 1545 652 1626 quianon
677 1545 911 1626 permittuntur.
936 1545 1135 1626 nequeenim
1158 1545 1286 1609 occurrit

165 1647 229 1711 alia
255 1646 337 1711 ratio
360 1662 415 1711 cur
443 1664 505 1711 non
528 1648 687 1729 potuerint
716 1647 818 1711 iacere
840 1647 1068 1712 minutissimas
1092 1664 1215 1712 muscas
1238 1650 1285 1729 qu]

164 1766 255 1815 ranas
279 1751 497 1832 serpentesque
520 1749 670 1828 ieoemnt,
693 1751 755 1814 nisi
771 1750 851 1831 ‘quia
874 1750 973 1814 maior
995 1749 1102 1814 aderat
1124 1750 1285 1814 dominatio

163 1851 357 1934 prohibentis
386 1852 434 1917 dei
464 1870 520 1935 per
547 1853 694 1933 spiritum
718 1854 879 1935 sanctum,
902 1852 1103 1934 quodetiam
1126 1851 1184 1935 ipsi
1206 1869 1285 1934 mag

164 1954 297 2020 confessi
326 1956 400 2018 sunt
428 1954 581 2019 dicentes:
617 1954 768 2036 digitus
797 1954 857 2019 dei
886 1956 944 2019 est
971 1956 1050 2019 hoc.
1089 1954 1163 2037 quid
1186 1956 1284 2019 auten

162 2059 284 2140 possint
315 2078 369 2142 per
402 2064 546 2125 naturam
575 2079 631 2127 neo
660 2061 783 2142 possint
811 2076 866 2144 per
894 2058 1135 2142 prohibitionem
1162 2059 1284 2142 etquid

163 2181 218 2247 per
240 2162 338 2246 ipsius
362 2167 491 2229 naturae
513 2182 586 2228 suae
609 2163 819 2228 condicionem
849 2162 948 2228 facero
976 2182 1036 2228 non
1063 2164 1207 2227 sinantur
1237 2161 1283 2226 ho

162 2267 239 2331 mini
273 2265 429 2350 explorare
463 2267 591 2332 diliicile
624 2269 682 2343 ost,
716 2267 812 2331 immo
835 2284 909 2331 uero
938 2265 1132 2349 impossibile
1154 2265 1214 2331 nisi
1238 2285 1282 2349 per

161 2369 239 2434 illud
274 2372 389 2435 donum
418 2369 477 2448 dei,
513 2370 594 2452 quod
627 2370 786 2454 apostolus
815 2370 1038 2435 commemorat
1060 2369 1178 2436 dicens:
1213 2369 1282 2435 alix

162 2472 401 2537 diiudicatio
439 2473 667 2555 spirituum.
709 2473 856 2537 nouimus
889 2475 973 2536 enim
1008 2472 1165 2537 hominem
1199 2490 1281 2556 possi

161 2576 321 2641 ambulare
335 2577 370 2640 et
391 2595 490 2659 neque
506 2577 563 2640 hoc
577 2594 676 2659 posse,
700 2577 726 2640 ai
741 2594 803 2640 non
819 2577 1037 2658 permittatur3
1063 2576 1168 2641 uolare
1184 2577 1281 2641 auten

160 2694 220 2742 non
249 2696 347 2760 posse,
378 2677 472 2744 etiam
501 2681 527 2743 si
555 2680 765 2761 permittatur.
803 2679 848 2744 sic
876 2680 908 2742 et
935 2680 984 2743 illi
1012 2679 1115 2762 angeli
1138 2678 1281 2760 quaedan

160 2783 289 2862 possunt
322 2780 438 2861 iacere,
466 2784 493 2846 si
526 2783 748 2865 permittantur
777 2783 815 2847 ab
844 2783 963 2868 angelis
997 2783 1225 2865 potentioribus
1255 2801 1280 2847 er

159 2883 289 2967 imperio
312 2885 378 2969 dei3
400 2888 550 2967 quaedam
568 2903 642 2951 uero
666 2905 728 2950 non
750 2888 880 2968 possunt
902 2905 958 2950 nec
979 2888 1005 2950 si
1027 2886 1133 2952 abeis
1156 2891 1280 2968 permit⁴

159 2988 277 3070 tantm,
306 2986 381 3071 quia
407 2987 470 3053 ille·
492 3006 552 3053 non
580 2989 739 3069 permittit
768 3007 787 3053 a
813 3007 873 3071 quo
902 2989 968 3054 illis
992 2991 1039 3054 est
1061 2987 1134 3054 talis
1158 2990 1279 3054 naturai

159 3092 278 3167 modus,
302 3089 357 3171 qui
380 3089 475 3156 etiam
496 3109 552 3174 per
573 3091 699 3173 angelos
722 3109 793 3157 suos
810 3092 842 3155 et
863 3091 920 3156 illa
934 3092 1117 3174 plerumque
1133 3109 1194 3156 non
1218 3111 1279 3174 por·

158 3193 261 3259 mittit
284 3212 363 3277 quae
386 3195 538 3259 emersit
558 3198 595 3258 ut
617 3194 747 3276 possint.

261 3397 294 3451 15
312 3396 358 3450 Ex.
378 3399 402 3463 8,
422 3399 454 3452 19
559 3399 591 3451 19
609 3398 623 3452 I
642 3398 702 3453 Cor.
722 3398 761 3464 12,
781 3399 814 3453 10

209 3582 368 3638 lomnibus
386 3583 413 3637 P
516 3586 603 3655 tanto]
623 3587 678 3638 tam
698 3603 714 3640 o
817 3585 963 3639 tuensum
982 3585 1019 3638 P¹
1124 3583 1275 3642 subtilitati

156 3675 182 3741 ct
199 3669 362 3724 mobilitatis
379 3668 458 3723 D²P¹
562 3671 579 3724 3
602 3671 629 3724 iu
653 3672 730 3726 P'T:
757 3673 784 3725 et
809 3672 851 3726 Ge
954 3673 971 3725 5
998 3670 1148 3725 mirabilior
1175 3672 1228 3738 (ius
1247 3673 1276 3727 1]

156 3758 198 3808 est
214 3755 342 3810 DG¹P¹o
429 3757 551 3824 lpotem
568 3757 611 3810 D¹
700 3759 880 3813 Bmensuset
900 3757 938 3813 6¹
965 3761 1144 3813 mensuraoet
1164 3759 1219 3815 G'o

155 3840 259 3894 eunus
277 3841 374 3896 oro.T
474 3846 562 3898 orator
581 3844 609 3897 P
711 3842 846 3897 ineffabile
863 3841 892 3895 D
919 3842 1083 3898 ininelfabile
1104 3844 1142 3899 0¹
1242 3861 1275 3915 po

154 3926 242 3981 tentia
257 3925 297 3980 D¹
327 3929 486 3999 potentuT
575 3930 609 3984 10
625 3933 737 3999 possunt
753 3930 822 3984 DP¹
915 3930 948 3984 11
967 3928 1160 3999 permittantur
1179 3931 1218 3985 P¹

157 4012 189 4068 12
215 4012 283 4083 quur
311 4014 337 4068 Τ
439 4017 472 4071 18
499 4015 650 4086 exploratae
679 4015 705 4069 Τ
811 4015 844 4070 25
871 4015 914 4070 illi
941 4015 1009 4070 DP¹
1113 4015 1147 4070 26
1174 4018 1275 4087 angelu

153 4098 195 4154 Di
