2760 4814
215 550 280 616 974
697 548 866 619 augrppsr

258 743 454 826 Quamquam
484 742 546 807 ista
568 743 708 825 quaestio
741 741 824 806 uires
853 739 1088 825 intellegentiae
1112 758 1207 806 meae
1230 739 1344 820 uicerit,

214 845 477 929 quemadmodum
508 846 701 929 opitulentur
723 845 875 927 martyres
899 843 947 908 hie
970 859 1047 926 qnos
1069 861 1127 925 per
1150 861 1206 908 ecs
1230 850 1343 909 certum

214 953 262 1015 est
284 949 436 1030 adiuuari,
460 953 567 1015 utrum
588 949 650 1032 ipsi
671 967 727 1031 per
748 968 782 1014 ee
804 949 887 1032 ipsos
911 948 1018 1013 adsint
1041 965 1102 1012 nno
1123 948 1344 1032 temporetam

214 1052 347 1119 diuemis
369 1053 445 1118 locis
468 1053 501 1117 et
522 1053 610 1118 tauta
632 1052 714 1118 inter
736 1071 769 1118 se
792 1052 1018 1135 longinquitate
1034 1050 1344 1135 &sanctissimum

213 1159 287 1221 snut
311 1174 419 1221 eorum
440 1156 616 1233 memoriae,
639 1154 705 1220 sine
727 1160 851 1238 praeter
866 1171 938 1218 suas
961 1154 1139 1239 memorias,
1156 1154 1367 1237 ubicumquee

213 1262 319 1327 adesse
347 1259 534 1335 sentiuntur,
566 1277 604 1323 an
633 1256 709 1339 ipsis
738 1257 771 1321 in
800 1257 867 1323 loco
895 1258 960 1322 suis
988 1257 1112 1323 meritis
1145 1258 1342 1341 congruont

213 1362 299 1427 omni
329 1361 512 1428 mortalium
542 1361 774 1427 conuersatione
803 1361 930 1427 semotis
960 1365 994 1426 et
1023 1362 1132 1427 tamen
1155 1363 1342 1446 generaliter

211 1465 404 1531 orationibus
427 1484 484 1548 pro
515 1465 690 1549 indigentia
712 1464 946 1549 supplicantum
968 1502 1008 1512 -
1031 1466 1115 1531 sicui
1138 1484 1198 1532 nos
1226 1484 1342 1531 oramus

211 1588 267 1653 pro
296 1569 438 1648 mortuis,
469 1568 582 1652 quibus
612 1572 720 1654 utique
752 1587 812 1634 non
840 1572 1071 1652 praesentamur
1105 1587 1165 1634 nec
1202 1569 1259 1635 nbi
1287 1570 1342 1634 sint

212 1675 264 1740 uel
293 1674 368 1757 quid
398 1674 494 1756 agant
524 1674 639 1740 scimus
670 1711 710 1721 -
740 1674 817 1740 deus
847 1673 1053 1756 omnipotens,
1076 1673 1134 1755 qni
1156 1678 1210 1737 est
1234 1672 1367 1755 ubiquea

210 1795 356 1860 praesens
384 1795 442 1842 nec
464 1780 623 1843 concretus
652 1777 743 1843 uobis
764 1795 823 1843 neo
844 1782 1022 1843 remotusa
1052 1776 1152 1853 nobis,
1176 1777 1340 1843 emndisns

211 1880 384 1961 martyrum
408 1899 525 1964 preces,
552 1899 607 1963 per
629 1882 771 1965 angelica
793 1880 968 1946 ministeria
989 1898 1217 1963 usquequaque
1233 1880 1339 1946 diffusa

211 1981 359 2064 praebeat
380 1983 560 2050 hominibus
583 1985 646 2050 ista
667 1983 793 2062 solacia,
817 1984 929 2066 quibus
952 1984 985 2049 in
1007 1984 1099 2050 huius
1115 1983 1205 2049 uitae
1221 1983 1339 2049 miseria

210 2083 330 2150 iudicat
352 2104 417 2151 esse
438 2087 622 2171 praebenda,
644 2088 676 2152 et
697 2106 825 2152 sucrum
847 2088 961 2152 merite
975 2091 1162 2170 martyrum,
1185 2087 1245 2152 ubi
1266 2088 1338 2163 uult,

211 2187 364 2270 quomodo
386 2190 467 2269 uult,
490 2193 611 2272 quando
633 2190 712 2267 uult,
735 2190 931 2273 maximeque
954 2208 1010 2272 per
1032 2206 1140 2255 eornm
1161 2190 1366 2264 memoriaque

211 2291 357 2373 quoniam
395 2294 454 2357 hoo
486 2295 575 2359 nouit
608 2293 749 2376 expedire
785 2292 874 2357 nobis
909 2292 949 2358 ad
986 2292 1216 2358 aedificandam
1254 2293 1339 2358 fidem

212 2392 338 2479 Christi,
369 2415 424 2479 pro
456 2397 543 2462 cuius
573 2397 623 2461 illi
652 2397 844 2463 confessione
875 2400 949 2461 sunt
971 2397 1064 2480 paesi,
1088 2395 1232 2463 mirabili
1254 2398 1339 2478 aiqpe

211 2497 362 2563 ineffabili
384 2503 538 2581 potestate
561 2519 597 2566 eo
618 2500 760 2565 bonitate
782 2499 988 2567 commendet
1013 2518 1063 2566 res
1078 2500 1127 2564 est
1149 2500 1231 2566 haec
1244 2500 1339 2580 altior,

210 2619 305 2683 quam
332 2602 409 2667 uta
437 2621 488 2668 me
517 2602 630 2669 debeat
659 2603 783 2686 attingi,
813 2607 846 2668 et
867 2604 1048 2679 abstrusior,
1075 2622 1172 2686 qnam
1196 2606 1235 2668 ut
1256 2624 1276 2669 a
1294 2620 1340 2667 rna

211 2705 316 2769 ualeat
330 2707 531 2787 perscrutari,
555 2706 587 2770 et
600 2706 679 2783 ideo,
704 2707 778 2789 quid
793 2705 905 2770 horum
920 2705 1051 2771 duorum
1067 2706 1121 2785 sit,
1137 2725 1177 2771 an
1195 2725 1270 2772 uero
1284 2705 1367 2770 for-e

210 2807 305 2871 tassia
327 2811 495 2890 utrumque
521 2808 574 2888 sit,
605 2808 828 2891 utaliquando
851 2810 912 2873 ista
939 2808 1018 2874 fiant
1045 2809 1230 2893 peripsam
1258 2828 1339 2893 prae·

210 2909 344 2991 sentiam
373 2913 557 2995 martyrum,
592 2912 759 2994 aliquando
793 2931 850 2995 per
883 2913 1010 2997 angelos
1037 2914 1249 2996 suscipientes
1277 2930 1341 2997 per·

210 3031 319 3079 sonam
349 3016 534 3097 martyrum,
564 3015 690 3081 definire
712 3034 773 3081 non
803 3017 911 3081 audeo.
949 3015 1077 3081 mallem
1106 3014 1149 3080 ab
1171 3015 1338 3083 scientibus

208 3117 270 3182 ieta
291 3119 477 3199 perquirere.
505 3135 602 3201 neque
625 3119 709 3183 enim
732 3136 823 3184 nemo
846 3119 903 3198 est,
926 3118 980 3201 qni
995 3118 1073 3183 haec
1088 3119 1180 3198 sciat,
1205 3137 1270 3186 non
1290 3119 1339 3202 qui

209 3218 271 3284 sibi
300 3220 378 3284 scire
407 3219 552 3285 uideatur
580 3225 612 3285 et
641 3220 768 3287 nesciat.
807 3222 887 3286 dona
916 3223 1000 3286 enim
1031 3221 1081 3287 dei
1106 3224 1184 3287 sunt
1206 3222 1258 3290 his
1282 3221 1365 3287 elias

209 3322 243 3388 et
264 3323 327 3388 illis
349 3322 410 3387 alia
433 3322 594 3407 largientis
616 3323 787 3388 seeundum
806 3326 990 3408 apostolum,
1014 3323 1067 3406 qui
1083 3324 1162 3390 dicit
1177 3326 1339 3410 unicuique

209 3425 278 3491 dari
300 3425 584 3492 manifestationem
607 3429 737 3510 spiritns
760 3427 800 3493 ad
823 3427 1006 3495 utilitatem.

311 3612 345 3664 ‘26
363 3612 396 3665 ci.
414 3612 430 3665 1
447 3612 507 3666 Cor.
526 3610 600 3676 12st

261 3781 400 3850 lquestio
422 3781 449 3835 V
542 3782 640 3836 uicerit
662 3783 698 3837 V:
729 3784 796 3838 uicit
818 3784 872 3840 GP
971 3785 1078 3840 lemni
1096 3787 1258 3841 mortalium
1276 3785 1337 3841 GP:

207 3867 326 3920 omnium
345 3867 472 3922 ortelium
494 3867 521 3921 V
620 3867 864 3937 Saupplicentinm
885 3871 940 3927 GP
1043 3872 1074 3925 11
1094 3874 1237 3926 concretus
1254 3872 1338 3939 (nobis

206 3972 268 4035 om.)
286 3969 315 4022 P
398 3954 446 4056 ita}
464 3954 582 4057 {esitii}
603 3970 665 4035 (aaz.
682 3989 716 4026 m.
729 3975 759 4039 a)
779 3973 807 4027 P
895 3975 929 4029 12
946 3974 1097 4029 meliorasse
1116 3974 1184 4031 ce:
1215 3974 1339 4045 spese

211 4069 238 4123 V
332 4072 364 4126 15
381 4074 486 4141 quando
505 4074 567 4129 uult
585 4076 716 4143 quomodo
734 4076 796 4130 uult
816 4077 873 4132 GP
975 4078 1007 4132 18
1024 4079 1193 4133 commendet
1208 4097 1243 4133 a:
1271 4093 1340 4133 corn·

206 4173 332 4227 menuae
350 4174 407 4229 Pr
434 4160 603 4233 cassinense¹¹
621 4180 655 4248 (a
674 4179 738 4234 aas.
751 4183 828 4245 aa)
848 4182 875 4237 c
976 4182 1058 4236 1eue
1078 4183 1147 4238 se:
1176 4199 1229 4238 om.
1251 4185 1279 4238 r

205 4274 300 4328 secet
324 4275 359 4329 a:
391 4281 476 4346 possa
495 4282 549 4335 en
645 4283 883 4353 attingi-ualent
905 4284 971 4340 on:
1000 4300 1050 4340 ona
1070 4286 1097 4339 ν
1192 4271 1341 4370 talemne

205 4377 233 4430 P
333 4379 367 4432 21
393 4379 461 4435 fient
488 4383 556 4438 GP:
591 4386 690 4440 finient
715 4385 743 4441 V
848 4388 1025 4456 praesentiens
1054 4388 1122 4444 GP:
1158 4393 1342 4460 praesentium

208 4461 235 4515 V
335 4464 369 4519 23
387 4466 480 4536 endec]
499 4469 579 4524 audio
597 4470 625 4524 P
727 4473 762 4526 eb
785 4472 821 4528 V=
850 4473 912 4528 eP
