2760 4814
162 297 225 364 244
646 293 810 364 lauterii

161 491 205 553 et
226 487 363 552 uidete
386 486 482 569 quia
502 484 678 570 spiritns
700 502 793 551 ossa
816 485 853 551 et
875 502 1037 551 earnem
1065 504 1140 552 non
1163 484 1297 565 babet,

160 589 266 657 siout
288 608 344 656 me
367 588 515 656 uidetis
536 588 695 670 habere,
718 590 751 654 et
772 587 832 655 boo
851 607 962 654 uerum
979 592 1025 655 est
1047 591 1128 672 quod
1150 590 1195 656 ait
1218 608 1295 673 apo·

159 691 276 759 stolus:
299 707 386 758 earo
410 691 447 757 et
468 690 628 776 sanguis
649 708 810 774 regnum
834 691 895 757 dei
918 709 990 757 nou
1018 691 1294 776 possidebunt.

160 794 239 861 illud
272 794 355 878 euim
389 794 508 861 dietum
544 794 592 860 est
624 796 794 861 seeundum
824 794 925 878 ipsam
956 794 1182 862 substantiam:
1212 815 1292 879 quae

159 899 256 965 etiam
278 901 353 964 tuno
375 899 446 974 erit,
478 897 552 981 qnia
573 897 641 982 ipsa
662 897 856 979 mutabitur3
889 897 947 965 hou
970 902 1075 964 autem
1097 897 1218 964 dictum
1244 901 1292 964 est
1318 921 1331 963 u

159 1001 328 1068 seeundum
363 991 521 1067 carnalem
554 1000 759 1084 corruptionis
794 1001 994 1084 qualitatem:
1028 1019 1105 1085 quae
1127 1005 1201 1066 tuno
1222 1001 1288 1067 iam

159 1123 220 1171 non
250 1105 319 1184 erit,
353 1102 428 1187 quia
457 1101 580 1169 murale
609 1120 678 1170 oaro
709 1120 770 1168 nou
794 1107 1018 1188 corrumpetur.
1056 1119 1293 1169 noueremus

159 1224 231 1294 ergo
263 1204 466 1273 christum
507 1206 723 1272 seeundum
762 1224 928 1286 earnem,
969 1208 1001 1274 id
1036 1209 1085 1273 est
1118 1206 1291 1274 seeundum

158 1311 260 1378 oannis
294 1311 533 1390 mortalitatem,
567 1314 734 1394 antequam
763 1312 953 1396 resurgerem
988 1307 1058 1376 sed
1085 1328 1186 1376 nuno
1211 1310 1291 1376 ium

156 1433 231 1480 non
253 1413 447 1492 nouimus,
478 1415 559 1496 quie,
591 1414 673 1480 siout
692 1413 772 1499 *dioit
798 1414 883 1481 idem
905 1413 1073 1498 apostolus,
1104 1412 1328 1490 Christusro

157 1534 321 1602 surgens
353 1536 372 1582 e
403 1517 568 1585 mortuis
601 1516 676 1585 iam
711 1536 789 1584 non
828 1517 996 1583 moritur
1037 1520 1077 1584 et
1117 1533 1220 1581 mors
1256 1516 1292 1582 ei

158 1621 267 1686 ultra
288 1637 361 1686 non
384 1618 662 1705 dominabitur.
693 1636 766 1684 nam
781 1620 807 1685 si
822 1619 861 1685 ad
877 1621 1043 1686 uerborum
1065 1610 1291 1703 proprietatum

157 1728 189 1789 te
211 1728 330 1804 teneas,
365 1721 518 1788 mentitus
549 1725 598 1789 est
627 1727 709 1806 quod
735 1724 797 1790 ait:
832 1741 1065 1813 noueremus
1088 1720 1289 1788 Christum

156 1827 367 1893 seeundum
394 1844 571 1907 ›earnem‚
605 1823 632 1891 si
654 1823 797 1892 Christus
825 1817 997 1910 numquam
1025 1825 1087 1892 fuit
1118 1826 1289 1892 seeundum

158 1924 295 2016 ‹amem3
318 1948 409 1996 nemo
432 1929 517 1995 enim
539 1928 669 1995 nouerat
691 1930 773 2014 quod
797 1947 859 1997 nou
875 1933 950 1996 erat.
981 1931 1169 1996 nouantem
1192 1927 1328 2009 dixit21e

156 2035 341 2119 putabamus
358 2031 563 2114 ¹Christum
597 2033 809 2099 seeundum
841 2051 1011 2117 earnem,
1045 2032 1098 2097 sed
1125 2026 1290 2096 uouera-

156 2157 249 2205 mns.
287 2157 398 2204 uerum
419 2135 525 2202 tumen
555 2139 591 2201 ut
613 2134 709 2202 uerba
731 2154 791 2202 non
814 2155 965 2220 premam,
996 2155 1035 2201 ne
1059 2135 1129 2219 quis
1150 2132 1292 2198 affirmet

155 2260 210 2325 per
225 2240 408 2310 abusionem
424 2239 563 2305 locutum
579 2237 766 2320 apostolum,
789 2240 825 2305 ut
839 2257 894 2322 pro
911 2257 946 2304 eo
963 2237 1045 2320 quod
1061 2242 1108 2304 est
1133 2237 1287 2323 „putaba-

155 2347 244 2410 mus“
269 2343 386 2413 moeret
408 2360 662 2420 noueremus,
685 2340 766 2407 illud
782 2343 876 2409 miror
891 2361 954 2408 uon
969 2342 1129 2408 attendere
1144 2340 1289 2407 homines

154 2465 260 2514 oaeeos
283 2447 335 2519 uel
356 2447 459 2529 potius
482 2462 543 2511 non
565 2446 661 2512 miror
689 2463 750 2511 non
778 2446 884 2512 uidere
907 2464 1012 2513 meaos
1035 2445 1118 2529 quia,
1144 2444 1172 2509 si
1196 2443 1327 2511 (thri-ro

155 2554 223 2615 stus
252 2541 322 2615 ideo
345 2565 406 2615 non
432 2546 545 2615 babuit
567 2566 703 2628 semem,
734 2549 808 2632 quia
830 2549 910 2615 dixit
932 2549 1091 2632 apostolus
1114 2567 1198 2615 nuno
1220 2551 1286 2614 lam

155 2668 217 2725 non
239 2642 272 2717 se
294 2669 383 2717 nosse
406 2648 568 2717 Christum
590 2653 763 2718 seeundum
786 2672 920 2734 earnem,
951 2672 1007 2719 neo
1036 2653 1086 2720 illi
1107 2652 1287 2720 habuerunt

157 2773 282 2823 earnem
304 2755 342 2821 de
366 2754 479 2839 quibus
502 2755 535 2820 in
558 2754 665 2821 eodem
687 2755 755 2822 looo
778 2757 872 2823 dioit:
903 2759 1039 2841 itaque
1062 2773 1129 2831 uos
1152 2759 1286 2823 amodo

155 2857 350 2925 neminem
372 2858 555 2931 nouimus
577 2860 792 2927 secundnm
813 2879 981 2927 earnem.
1020 2878 1118 2945 neque
1142 2859 1224 2925 euim
1248 2857 1288 2925 de

154 2962 220 3029 solo
243 2960 365 3028 Christo
389 2960 422 3028 id
444 2961 552 3028 uolens
573 2960 718 3048 intellegi
739 2965 844 3047 posset
866 2964 985 3031 dicere:
1019 2962 1175 3032 neminem
1197 2963 1322 3027 noui-re

155 3085 225 3132 mus
248 3064 418 3132 seeundum
435 3084 569 3146 earnem,
592 3062 664 3154 <sed
679 3065 752 3150 qnia
766 3068 892 3134 illorum
909 3086 1015 3134 secum
1030 3067 1130 3133 uitam
1146 3064 1287 3131 futuram

156 3173 318 3252 tamqnam
346 3172 544 3252 praesentem
571 3169 783 3237 meditabatur
814 3171 867 3253 qui
890 3174 1088 3255 resurgentes
1110 3169 1283 3234 commuta·

258 3371 291 3426 10
308 3371 382 3425 Rom.
401 3371 425 3432 6,
445 3371 462 3424 9

206 3538 326 3592 luidite
342 3538 372 3592 D
475 3538 606 3593 auidius
624 3538 715 3594 habire
732 3539 763 3594 D
865 3541 953 3594 uirum
973 3541 992 3608 (i
1011 3541 1042 3594 in
1058 3557 1072 3595 e
1090 3544 1170 3608 eorr.)
1187 3541 1217 3595 D

153 3624 170 3677 3
189 3638 241 3678 nou
259 3623 434 3693 possidebunt
455 3624 492 3678 V:
519 3624 653 3695 possidere
676 3625 822 3696 (possedere
843 3626 884 3694 D)
908 3643 960 3681 nou
983 3631 1093 3696 possunt
1116 3625 1216 3682 DPTo

152 3708 240 3763 dnou
254 3714 317 3779 post
335 3709 406 3763 enim
424 3709 489 3765 odd.
510 3711 595 3766 DP¹o
697 3712 827 3765 tantem
849 3728 939 3766 om.o
1042 3712 1288 3781 leorrupeturT

152 3794 323 3865 eorruppitur
340 3796 370 3849 D
460 3795 640 3866 9resurgerit
657 3795 698 3850 D*
792 3797 822 3851 11
842 3813 982 3867 resurgens
998 3796 1097 3852 DPTo
1186 3801 1214 3853 et
1231 3815 1285 3854 om.

152 3879 246 3935 D¹P¹o
333 3881 366 3934 13
379 3881 416 3950 te]
429 3896 479 3934 om.
491 3881 576 3947 DTo5
595 3881 646 3937 rer.
659 3882 768 3936 msto
780 3881 846 3937 MV
929 3883 962 3937 14
977 3886 1067 3951 rano
1155 3883 1186 3937 17
1205 3885 1287 3939 uerbo

151 3965 251 4021 DPTo
325 3981 459 4034 praemam
476 3967 538 4024 DV
602 3967 716 4022 aldrmit
732 3968 776 4022 D¹
850 3968 883 4022 18
901 3967 1085 4024 abbuseiouem
1103 3968 1131 4023 P
1199 3970 1238 4042 ut]
1258 3975 1286 4026 et

152 4049 188 4106 P¹
286 4053 411 4120 putamus
429 4051 483 4106 PT
580 4053 612 4107 19
631 4052 748 4108 bominis
768 4069 861 4108 oneum
878 4052 918 4107 D¹
1021 4054 1159 4108 inuideri
1178 4055 1215 4110 P¹

151 4151 243 4191 oseem
261 4136 302 4190 D¹
406 4138 520 4208 quiesi]
540 4139 663 4208 quesiT
762 4141 796 4194 24
818 4155 1051 4208 neque-earnem
1069 4156 1120 4196 om.
1142 4144 1215 4212 Tpr.

152 4219 186 4276 25
210 4222 297 4291 possit
319 4222 415 4279 D¹P¹o
442 4239 517 4293 posse
543 4223 568 4279 T
669 4223 702 4278 26
725 4223 771 4278 sed
788 4227 1001 4295 quia-oamem
1020 4241 1052 4279 u:
1080 4241 1131 4281 om.
1150 4227 1217 4283 irbri
