2760 4814
298 330 466 401 Eroorpte
484 348 520 386 er
537 347 608 402 opp.
627 332 654 386 S.
672 334 857 402 Augustini
880 333 974 391 CXVI.
1138 338 1202 406 409

71 522 100 586 et
120 521 248 599 biberit,
279 523 398 588 mansit
424 523 458 587 in
481 521 604 589 Christo
626 528 681 588 aut
704 522 848 590 Christus
875 524 909 590 in
930 527 989 590 eo?
1019 529 1086 591 tam
1109 528 1202 593 multi

70 625 209 709 donique,
236 627 290 708 qui
312 625 363 693 uel
386 627 477 692 eorde
500 626 573 692 doto
596 644 722 693 oannem
750 627 840 693 illam
861 630 1051 694 manducant
1074 629 1106 693 et
1128 647 1201 695 ean·

68 731 195 812 guinem
218 729 332 795 bibunt
354 729 415 812 uel,
440 747 511 796 oum
537 731 794 796 manduoauerint
816 731 849 796 et
870 729 1020 814 biberint,
1044 732 1202 814 apostatae

68 831 156 915 liunt,
180 832 331 915 numquid
361 834 492 899 manent
520 834 554 898 in
577 833 702 900 Ohnsto
725 837 781 900 aut
803 833 949 900 Christus
978 834 1013 899 iu
1043 835 1110 901 eis?
1148 835 1203 902 sed

51 935 203 1019 rproieoto
241 938 290 1000 est
326 936 453 1018 quidam
493 937 603 1002 modus
641 937 849 1002 manducandi
885 937 974 1002 illam
1007 955 1133 1003 earnem
1170 942 1203 1005 et

68 1037 194 1105 bibendi
227 1038 318 1104 illum
351 1040 547 1123 sauguinem,
584 1058 644 1122 quo
678 1040 769 1106 modo
805 1040 860 1122 qui
896 1039 1135 1108 manduoauerit
1169 1043 1201 1106 et

67 1139 194 1224 biberit,
224 1141 258 1206 in
281 1140 405 1207 Christo
435 1145 544 1207 manet
572 1146 604 1207 et
627 1139 769 1207 Christus
795 1141 830 1206 in
852 1160 897 1209 eo.
936 1160 998 1208 non
1027 1162 1101 1226 ergo
1123 1161 1201 1226 quo·

68 1262 200 1328 eumque
222 1247 313 1310 modo
336 1246 467 1327 quisque
489 1243 726 1309 menduoauerit
749 1262 874 1310 earnem
892 1244 1010 1312 Christi
1031 1250 1063 1312 et
1084 1244 1202 1311 biberit

66 1349 252 1431 sauguinem
275 1346 402 1424 Christi,
432 1351 540 1412 manet
561 1349 595 1412 in
617 1345 746 1422 Christo,
763 1350 794 1412 et
816 1347 851 1412 in
880 1347 936 1414 illo
960 1347 1115 1426 christus,
1145 1347 1201 1415 sed

37 1455 149 1516 oeerto
172 1451 308 1534 quodam
325 1450 433 1516 modo:
459 1470 552 1534 quem
567 1450 695 1516 modum
711 1452 777 1535 ipse
792 1451 902 1535 utique
916 1451 1055 1532 uidebat,
1079 1451 1200 1536 quando

65 1557 127 1622 ista
149 1554 284 1621 dicebat.
319 1555 484 1639 sicigitur
506 1555 539 1620 et
560 1555 594 1619 in
618 1573 652 1620 eo
676 1557 758 1638 quod
780 1554 841 1622 ait:
865 1556 930 1638 qui
952 1554 1200 1638 blasphemo·

65 1658 169 1725 uerit
191 1659 232 1724 in
253 1657 442 1743 spiritum
464 1662 664 1741 sonetum,
688 1676 760 1723 non
782 1658 904 1724 habet
926 1659 1201 1724 remissionem

66 1760 104 1828 in
126 1763 351 1841 oeternum,
373 1780 436 1827 non
450 1780 643 1847 quocumque
658 1765 749 1828 modo
765 1761 1043 1844 blasphemarent,
1066 1779 1137 1826 reus
1152 1762 1202 1826 est

66 1864 158 1931 huius
180 1864 412 1931 irremissibilis
431 1865 547 1947 delicti,
570 1867 624 1932 sed
648 1867 738 1932 modo
755 1865 900 1949 quodam,
924 1883 1017 1948 quem
1033 1882 1089 1929 nos
1104 1882 1199 1947 quae·

39 1986 132 2035 urere
155 1973 250 2053 atque
273 1967 455 2048 intellegere
478 1968 580 2034 uoluit
602 1967 656 2052 qui
679 1969 758 2034 hano
772 1967 963 2035 sententiam
977 1987 1084 2034 ueram
1106 1967 1198 2032 terri·

67 2070 224 2157 bilemque
247 2073 429 2154 depromsit.

445 2296 528 2342 ITEM
554 2295 658 2342 INTER
681 2294 824 2342 CETERA.

107 2414 171 2480 Pro
194 2420 287 2496 eaptu
309 2419 425 2497 nostro,
457 2415 610 2496 quantum
640 2413 701 2480 ista
723 2432 776 2496 per
797 2412 958 2494 speculum
980 2413 1014 2476 et
1034 2411 1068 2476 in
1091 2412 1199 2495 aenig-

69 2522 158 2596 mate,
183 2519 368 2598 praesertim
391 2515 508 2581 talibus
523 2516 629 2598 quales
645 2515 745 2580 adhuc
761 2533 869 2580 sumus
892 2515 997 2581 uidero
1013 2504 1199 2598 eouoeditur,

43 2619 241 2685 summanr
272 2619 362 2684 uotis
396 2619 430 2683 in
463 2621 551 2700 patre
585 2618 765 2701 auotoritas,
802 2618 836 2680 iu
870 2616 935 2683 filio
970 2617 1131 2697 delinitas,
1166 2618 1198 2681 in

70 2723 182 2806 spiritu
204 2727 311 2788 saneto
333 2722 433 2805 patris
454 2721 574 2803 filiique
589 2721 808 2796 communitae,
831 2720 864 2785 in
888 2719 990 2784 tribus
1012 2719 1196 2803 aequalitas.

70 2828 148 2908 quod
178 2843 252 2908 ergo
275 2843 438 2891 oommune
460 2825 507 2890 est
528 2824 611 2907 patri
632 2828 665 2889 et
688 2823 763 2902 filio,
792 2843 847 2908 per
871 2824 928 2889 hoo
951 2842 1006 2889 nos
1028 2823 1199 2889 uoluerunt

70 2928 181 2996 labere
203 2928 454 2995 communionem
477 2929 509 2992 et
531 2929 612 2992 inter
635 2945 690 2992 nos
713 2930 745 2991 et
763 2944 877 3005 seoum,
900 2944 955 3011 per
978 2925 1058 2992 illud
1081 2927 1196 2991 donum

70 3049 122 3099 noe
143 3031 290 3115 colligere
307 3032 340 3097 in
363 3051 472 3115 unum,
496 3030 577 3112 quod
600 3029 691 3095 ambo
715 3028 834 3093 habeut
856 3048 962 3103 unum,
994 3028 1053 3094 hoo
1075 3028 1122 3093 est
1144 3045 1199 3110 per

44 3137 216 3218 sspiritum
237 3142 383 3201 sanetum
404 3135 498 3201 deum
522 3137 554 3199 et
569 3134 687 3198 donum
709 3133 769 3197 dei.
801 3131 836 3197 in
857 3132 915 3197 hoo
931 3131 1014 3196 enim
1037 3128 1198 3195 diuinitati

70 3239 306 3305 reoouoiliamur
339 3257 434 3321 eaque
467 3238 669 3303 delectamur.
707 3254 780 3302 nam
815 3235 889 3319 quid
923 3237 1011 3300 nobis
1040 3235 1199 3317 prodesset

70 3343 216 3426 quidquid
240 3342 313 3407 boni
335 3360 505 3416 nossemus,
529 3340 591 3406 uisi
613 3340 709 3406 otiam
732 3339 960 3423 diligeremus?
986 3338 1070 3402 siout
1092 3340 1198 3402 autem

71 3446 201 3512 ueritate
223 3446 383 3527 discimus,
414 3446 458 3510 ita
482 3444 612 3509 caritate
634 3444 803 3526 diligimus,
826 3443 917 3507 utet
939 3439 1061 3523 plenius
1085 3456 1198 3522 eogno-

71 3566 190 3614 seamus
213 3552 245 3612 et
267 3548 351 3614 beati
375 3547 500 3632 oognito
522 3545 727 3630 perfruamur.
765 3544 880 3610 caritas
903 3562 992 3626 porro
1015 3543 1128 3608 diffusa
1150 3545 1198 3607 est

168 3752 204 3806 29
221 3751 256 3808 ef.
273 3751 349 3807 Rom.
367 3753 392 3817 ir,
411 3752 427 3805 5

119 3939 257 3997 lbiborot
276 3941 315 3996 Tu
413 3940 447 3995 10
464 3938 558 4009 utique
576 3939 633 4009 ipse
654 3939 680 3992 T
775 3939 805 3992 ll
825 3937 864 3992 sio
883 3942 906 4001 (o
924 3936 990 3993 odd.
1008 3954 1043 3991 m.
1056 3938 1086 3999 Β)
1107 3934 1133 3989 Τ

73 4025 100 4079 ll
127 4027 195 4082 item
222 4026 293 4080 inter
318 4026 416 4095 eatena]
442 4041 492 4081 om.
514 4024 540 4079 T
640 4023 675 4079 20
692 4025 768 4093 patre
787 4026 825 4092 (re
843 4040 862 4078 a
878 4040 912 4077 m.
931 4026 951 4077 2
968 4023 1000 4077 ia
1017 4025 1083 4085 ros.)
1105 4023 1132 4077 T

73 4113 225 4183 tuotoritu]
244 4112 390 4167 auotoritas
407 4116 436 4167 et
454 4111 493 4167 To
596 4113 631 4168 22
654 4111 742 4165 uoluit
766 4111 806 4167 To
910 4110 945 4166 25
968 4111 1046 4165 deum
1069 4110 1121 4166 Po:
1149 4125 1201 4166 om.

72 4196 106 4252 ir
110 4198 136 4254 V
235 4198 270 4253 26
290 4198 507 4255 reoonohiliamur
529 4203 554 4257 V
656 4196 929 4268 quid1quidbonio
1032 4194 1066 4249 27
1095 4198 1206 4254 sieut·-

73 4282 220 4355 diligimur]
239 4300 325 4340 otto
427 4284 459 4338 28
476 4293 619 4353 ueritatem
639 4284 706 4342 MV
806 4283 947 4337 ooritatero
967 4280 1031 4336 MV
