2760 4814
191 277 252 343 768
670 276 836 346 Eugippii

189 467 238 531 sni
260 468 433 533 mutatione
457 469 571 533 totiens
595 468 658 533 dici
681 469 821 546 reletiue,
846 473 882 533 ut
905 487 1097 551 nequedum
1121 470 1232 552 incipit
1254 470 1318 535 dici

188 590 287 653 neque
321 590 390 636 cum
424 571 540 636 desinit
572 571 688 653 aliquid
724 571 757 636 in
793 573 858 637 eius
889 577 1001 637 natura
1031 573 1082 636 uel
1112 571 1225 652 formo,
1258 592 1318 656 quc

188 693 334 740 nummus
364 680 422 752 est,
454 675 637 740 mutationis
668 673 732 753 tint,
764 677 879 757 quanto
909 675 1033 740 facilius
1055 677 1091 740 dc
1115 675 1173 740 illo
1196 678 1317 742 incom-

189 778 333 842 mutabili
357 779 407 843 dei
430 778 610 844 substantia
633 779 779 843 debemus
801 781 949 860 ecoiperc,
972 783 1009 845 ut
1031 780 1076 844 ito
1093 780 1220 845 dicotur
1233 781 1315 844 relo-

188 883 252 946 tiue
282 881 401 965 aliquid
424 883 463 947 ad
490 886 675 963 creaturam,
706 885 751 959 ut,
783 884 924 965 quemuis
947 882 1159 965 temporaliter
1182 882 1348 966 incipicts

187 985 258 1064 dici,
281 1003 341 1050 non
364 989 469 1051 lemur
492 986 552 1068 ipsi
574 985 767 1050 substantioe
783 985 833 1050 dei
848 986 997 1050 eccidisse
1019 985 1235 1069 intellegetur,
1261 984 1313 1050 sod

187 1089 236 1153 illi
258 1093 429 1167 creaturae,
454 1089 493 1154 ed
511 1107 605 1172 quom
622 1089 758 1153 dicitur?
781 1089 953 1164 domine,
977 1089 1090 1172 inquit,
1114 1088 1314 1173 refugium

187 1192 320 1258 fectus
344 1212 381 1258 cs
405 1193 524 1258 nobis.
563 1191 719 1275 refugium
742 1210 814 1276 ergo
838 1197 978 1258 nostrum
1000 1195 1074 1258 deus
1089 1191 1223 1257 relatino
1237 1191 1313 1256 dici·

187 1299 255 1374 tur;
280 1297 318 1362 sd
340 1314 396 1361 nos
420 1297 503 1360 enim
526 1295 660 1359 refertur
683 1299 715 1359 et
738 1296 812 1360 tunc
829 1294 990 1377 refugium
1012 1299 1155 1360 nostrum
1170 1293 1218 1373 fit,
1242 1312 1312 1360 cnm

187 1400 226 1465 ed
249 1418 321 1464 eum
343 1398 526 1483 refugimus.
569 1398 720 1480 numquid
744 1398 819 1463 tuno
842 1397 879 1461 fit
901 1399 1018 1482 aliquid
1041 1399 1073 1463 in
1096 1399 1164 1463 eius
1188 1399 1345 1476 noturus

186 1503 267 1586 qnod
289 1508 457 1584 antequam
480 1501 519 1565 ad
542 1522 610 1566 sum
635 1501 848 1583 refugeremus
870 1520 931 1567 non
954 1505 1045 1568 erat?
1070 1503 1102 1567 in
1126 1502 1216 1566 nobis
1238 1519 1311 1585 ergo

185 1607 221 1671 fit
236 1607 340 1688 aliqua
357 1606 489 1670 mutatio
507 1642 548 1651 -
564 1605 730 1669 deteriores
746 1606 828 1669 enim
845 1606 973 1681 fuimus
996 1607 1164 1688 antequem
1182 1606 1224 1671 ad
1239 1623 1310 1670 eum

187 1710 406 1794 refugeremus,
429 1713 460 1772 et
480 1707 635 1773 efficimur
651 1707 690 1772 cd
706 1727 777 1773 oum
793 1709 973 1792 refugiendo
989 1711 1189 1774 meliores-
1206 1710 1240 1772 in
1255 1707 1310 1773 illo

185 1819 291 1880 cutem
321 1812 485 1877 nonusis
514 1814 546 1876 et
575 1815 664 1894 peter
694 1816 798 1876 noster
827 1830 892 1877 esse
922 1812 1042 1895 incipit,
1070 1831 1142 1878 oum
1164 1830 1221 1895 per
1243 1812 1309 1875 eius

184 1918 317 2002 gratiam
347 1934 576 1999 regeneramur,
607 1916 754 1997 quoniam
785 1916 870 1981 dedit
900 1915 990 1982 nobis
1020 1919 1206 1999 potestatem
1229 1915 1344 1983 filices

184 2022 233 2087 dei
263 2020 339 2085 ficri.
385 2019 563 2083 substantie
592 2020 697 2100 itaque
727 2022 833 2083 nostro
861 2021 1003 2083 mutetur
1031 2019 1210 2093 famelius,
1238 2035 1307 2082 cnm

183 2125 242 2191 filii
265 2125 331 2189 eius
355 2122 517 2201 efficimur,
547 2123 642 2187 simul
665 2124 696 2187 et
724 2123 778 2187 ille
800 2125 1008 2207 paternoster
1031 2142 1096 2189 esse
1111 2124 1230 2206 incipit,
1253 2120 1306 2186 sed

183 2229 271 2295 11111
292 2246 365 2294 suso
389 2227 631 2291 commutatione
653 2226 856 2292 substantiae.
893 2226 976 2308 quod
999 2245 1070 2311 orgo
1093 2224 1306 2309 temporaliter

183 2334 244 2399 dici
274 2332 384 2414 incipit
414 2332 488 2395 deus
510 2330 591 2413 quod
620 2333 713 2394 entes
742 2347 801 2394 non
832 2329 1000 2411 dicebatur,
1035 2330 1239 2394 manifestum
1260 2328 1307 2392 est

182 2436 313 2504 rolctiue
335 2434 408 2511 dici,
438 2450 498 2498 non
520 2434 627 2497 temon
649 2432 819 2497 secundum
842 2433 985 2498 occidens
1008 2434 1067 2511 dei,
1091 2435 1225 2516 quodsi
1248 2433 1339 2500 nli-o

182 2539 256 2622 quid
285 2537 441 2613 occiderit,
470 2537 524 2600 sed
551 2535 644 2618 plene
674 2536 842 2600 seeundum
870 2537 1014 2601 accidens
1043 2538 1121 2623 cius,
1154 2538 1195 2602 cd
1224 2536 1304 2620 quod

182 2642 244 2708 dici
275 2640 393 2723 aliquid
415 2640 491 2704 deus
514 2638 627 2720 incipit
648 2640 790 2705 relatinc.
833 2642 864 2705 ot
886 2641 966 2722 quod
990 2640 1108 2706 amicus
1130 2640 1181 2707 dei
1203 2641 1304 2705 iustus

182 2765 247 2811 esse
273 2742 394 2825 incipit,
418 2742 484 2823 ipse
506 2743 656 2825 mutetur,
686 2744 761 2807 deus
783 2746 888 2806 autom
910 2742 1004 2821 absit,
1033 2751 1069 2808 ut
1092 2742 1304 2828 temporaliter

181 2850 318 2934 aliquem
339 2846 452 2930 diliget
480 2846 568 2929 qussi
591 2864 672 2910 noue
694 2845 871 2924 dilectione,
902 2848 1036 2928 quaein
1057 2847 1125 2930 ipso
1148 2848 1224 2911 onte
1245 2863 1302 2910 non

181 2956 257 3031 eret,
281 2952 364 3034 apud
386 2969 478 3033 quem
500 2968 556 3015 nec
577 2950 746 3032 praeterite
767 2949 962 3015 transierunt
976 2955 1008 3015 et
1022 2951 1128 3015 future
1142 2952 1206 3016 iam
1223 2950 1333 3016 1111111

181 3060 264 3124 sunt
293 3059 399 3139 itaque
428 3071 535 3119 omnes
557 3054 681 3118 sanctos
710 3070 782 3117 suos
812 3055 884 3118 ante
913 3054 1020 3119 mnndi
1044 3055 1301 3120 constitutionem

180 3160 298 3240 dilexit,
314 3159 396 3225 siout
410 3155 663 3242 proedestincuit,
686 3157 750 3240 sed,
766 3176 837 3222 oum
853 3160 1076 3222 conuertuntur
1091 3161 1124 3221 et
1138 3158 1302 3222 inueniunt

180 3265 281 3345 illum,
305 3269 381 3329 tunc
404 3262 538 3343 incipere
561 3261 600 3324 ob
621 3279 656 3325 eo
672 3259 763 3344 diligi
780 3261 934 3336 dicuntur,
958 3265 993 3325 ut
1016 3279 1050 3326 eo
1065 3259 1156 3324 modo
1173 3261 1301 3336 dicacur,

180 3386 238 3451 qno
260 3370 361 3451 potest
383 3366 518 3430 humano
541 3362 654 3427 effectu
677 3365 746 3445 copi
769 3362 850 3445 quod
872 3362 995 3428 dicitur.
1033 3365 1077 3428 sic
1100 3363 1210 3445 etiem,
1232 3380 1300 3428 oum

179 3472 278 3537 iratus
301 3470 393 3536 melis
409 3469 523 3535 dicitnr
543 3469 576 3530 et
597 3466 738 3547 placidus
762 3464 860 3542 bonis,
884 3466 933 3531 illi
956 3468 1125 3541 mutentur,
1148 3484 1212 3532 non
1228 3468 1329 3550 ipsos

178 3577 260 3641 sicut
293 3575 346 3638 lux
379 3573 510 3637 infirmis
533 3570 631 3635 oculis
665 3587 790 3652 aspera,
824 3568 924 3634 firmis
957 3570 1035 3635 lenis
1068 3575 1130 3648 ost,
1165 3572 1302 3652 ipsorum

181 3677 301 3743 scilicet
324 3677 507 3751 mutatione,
531 3692 591 3737 non
614 3691 679 3738 sus

280 3912 358 3967 71³⁸.
376 3911 419 3980 89,
440 3915 452 3968 1
558 3911 642 3966 1511.
661 3911 700 3966 Io.
720 3911 743 3977 l,
763 3910 795 3965 12
898 3909 1040 3965 161111.
1059 3909 1099 3975 17,
1118 3909 1153 3963 24

227 4135 244 4190 6
261 4132 388 4189 occidisse
402 4133 438 4189 V:
464 4131 589 4188 cecidisse
606 4134 710 4203 aliquid
727 4152 746 4188 o
831 4132 866 4188 10
883 4132 925 4188 dei
942 4150 973 4187 a:
999 4132 1064 4187 deus
1079 4131 1106 4187 V
1189 4134 1224 4188 26
1240 4148 1304 4188 oon·

176 4220 346 4277 stitutionem
368 4236 397 4274 a:
427 4219 621 4275 constitutione
642 4221 667 4276 V
