2760 4814
283 289 449 357 Exeerpta
465 305 500 344 ex
518 306 588 359 opp.
606 289 632 344 S.
650 290 836 361 Augustini
856 290 1018 347 ccxxnn.
1152 291 1214 358 725

87 477 190 544 filium
219 478 343 545 tantum
372 478 561 564 permittant
590 480 744 563 intellegi,
774 481 829 546 sed
859 480 968 564 utique
992 484 1084 547 deum
1106 500 1214 560 unum,

86 601 209 662 uerum,
232 582 344 658 selum,
374 582 406 647 id
429 586 477 649 est
499 586 622 667 patrem
645 585 677 649 et
698 583 800 649 filium
823 589 855 650 et
876 585 1025 668 spiritum
1047 587 1215 651 sanetum?

130 701 212 767 Item
234 702 310 769 dieit
331 702 416 768 idem
439 704 617 786 apestolus:
647 706 758 771 nobis
780 724 880 770 unus
903 704 999 770 deus
1022 707 1149 787 pater,
1172 724 1215 771 ex

87 823 160 888 quo
193 806 323 871 omnia
352 811 390 872 et
419 825 487 874 nes
516 809 687 891 inipso,
724 811 761 873 et
784 828 881 874 unus
904 807 1081 873 dominus
1104 809 1215 874 Iesus

62 907 294 989 sChristus‚
324 930 392 994 per
422 930 534 994 quem
564 912 693 978 omnia
722 916 761 978 et
783 931 851 977 nes
874 931 942 995 per
967 913 1106 995 ipsum.
1147 912 1216 994 quis

89 1010 211 1076 dubitet
241 1031 311 1079 eum
341 1013 447 1081 omnia
476 1032 554 1098 quae
578 1017 682 1081 ereata
704 1016 778 1081 sunt
799 1015 910 1097 dieere,
940 1015 1022 1081 sieut
1045 1015 1214 1081 lohannes:

87 1115 217 1179 emnia
250 1135 313 1199 per
346 1119 472 1201 ipsum
505 1117 612 1184 faeta
646 1122 761 1184 sunt?
794 1137 906 1202 quaere
936 1118 1051 1202 itaque,
1087 1118 1125 1183 de
1156 1137 1216 1202 que

88 1217 169 1284 dieit
200 1219 263 1285 alio
296 1222 381 1286 loeo:
417 1221 596 1303 quoniam
629 1241 670 1286 ex
701 1224 783 1306 ipso
806 1223 847 1288 et
867 1242 936 1304 per
967 1223 1095 1305 ipsum
1117 1224 1216 1288 etin

88 1322 174 1406 ipso
192 1329 281 1390 sunt
300 1326 444 1409 emnia,
470 1326 549 1408 ipsi
566 1326 695 1412 gloria
716 1327 755 1391 in
773 1325 930 1392 saecula
948 1326 1217 1392 saeculorum?

48 1425 117 1490 ausi
141 1426 225 1492 enim
248 1428 285 1493 de
307 1430 395 1512 patre
419 1431 450 1493 et
480 1428 544 1493 filio
571 1432 602 1494 et
625 1429 738 1513 spiritu
768 1430 886 1509 saneto,
917 1431 953 1495 ut
982 1429 1114 1514 singulis
1144 1447 1215 1511 per-

89 1528 173 1594 senis
188 1531 314 1615 singula
328 1532 515 1612 tribuantur,
539 1552 581 1597 er
602 1534 703 1614 ipso,
726 1552 762 1598 ex
778 1536 876 1615 patre,
899 1551 967 1615 per
989 1533 1136 1615 ipsum,
1161 1550 1217 1614 per

90 1633 203 1712 filium,
233 1634 274 1700 in
304 1634 411 1717 ipse,
441 1635 556 1720 spiritu
587 1637 702 1718 saneto,
732 1635 946 1711 manifestum,
970 1634 1052 1719 qued
1073 1637 1161 1718 pater
1184 1637 1217 1700 et

90 1735 175 1801 filius
198 1739 230 1802 et
258 1737 388 1821 spiritus
411 1741 537 1804 sanetus
560 1757 641 1804 unus
668 1739 743 1804 deus
773 1742 830 1818 est,
862 1737 984 1821 quande
1015 1739 1217 1823 singulariter

89 1838 221 1906 intulit:
244 1840 324 1925 ipsi
345 1842 478 1925 gloria
500 1842 541 1906 in
563 1842 722 1908 saecula
744 1842 1003 1907 saeculorum.
1033 1841 1115 1907 unde
1131 1839 1214 1907 enim

46 1944 194 2025 rseoepit
228 1943 309 2010 hune
342 1964 479 2024 sensum,
514 1962 575 2010 nen
607 1945 671 2013 ait:
710 1962 727 2009 ο
764 1944 941 2010 altitudo
981 1944 1217 2010 diuitiarum

90 2046 312 2130 sapientiae
334 2052 371 2113 et
385 2047 578 2114 scientiae
595 2047 713 2133 „patris
728 2051 783 2113 aut
798 2047 855 2113 lilii
870 2048 926 2114 aut
940 2048 1070 2131 spiritus
1085 2047 1215 2126 saned‘,

90 2150 146 2215 sed
168 2149 391 2233 sapientiae
414 2153 452 2218 et
474 2153 671 2219 scientiae
695 2150 772 2237 dei;
795 2168 907 2233 quam
929 2151 1218 2217 inscrutabilia

90 2257 184 2318 sunt
220 2253 376 2321 iudicia
417 2257 502 2322 eius
536 2259 574 2321 et
609 2254 923 2340 inuestigabiles
957 2254 1043 2320 uiae
1079 2254 1216 2337 ipsius.

91 2357 179 2438 quis
202 2358 306 2423 enirn
329 2361 516 2443 cognouit
538 2377 697 2425 sensum
725 2356 901 2424 domini?
929 2361 996 2423 aut
1018 2357 1106 2440 quis
1129 2375 1217 2422 eon-

50 2459 276 2528 aosiliarius
311 2461 393 2528 eius
427 2463 529 2528 luit?
566 2466 633 2528 aut
664 2462 750 2547 quis
784 2460 892 2545 prior
921 2459 1034 2527 dedit
1063 2460 1144 2545 illi,
1180 2465 1218 2525 et

91 2562 339 2631 retribuetur
362 2565 421 2632 ei?
444 2565 625 2650 quoniam
648 2584 691 2632 ex
713 2566 797 2648 ipso
820 2568 858 2632 et
879 2565 1096 2651 peripsum
1119 2563 1157 2631 et
1179 2566 1216 2631 in

91 2665 177 2749 ipso
195 2671 288 2734 sunt
305 2669 449 2747 omnia3
471 2669 551 2753 ipsi
568 2668 697 2753 gloria
719 2668 759 2734 iu
777 2669 937 2735 saeeula
955 2669 1215 2735 saeculorum.

92 2788 212 2836 amen.
249 2774 276 2838 si
305 2774 410 2838 autem
431 2772 490 2837 hee
512 2772 550 2837 de
571 2772 659 2857 patre
686 2773 904 2839 tantummode
932 2772 1075 2854 intellegi
1096 2769 1217 2846 uolunt,

93 2874 245 2956 quomedo
275 2893 347 2959 ergo
379 2875 485 2942 emnia
519 2877 720 2959 perpetrem
743 2877 826 2955 sunt,
856 2878 936 2942 sieut
957 2876 1010 2942 hie
1033 2875 1156 2952 dieitur,
1184 2878 1216 2939 et

52 2974 198 3043 rsemnia
232 2995 287 3060 per
319 2977 429 3061 filium,
462 2978 545 3044 sieut
577 2979 617 3044 ad
643 2978 827 3054 Corinthios,
862 2978 916 3044 ubi
949 2979 1011 3044 ait:
1045 2983 1085 3044 et
1118 2996 1217 3042 unus

93 3078 276 3145 deminus
298 3080 415 3148 Iesus
439 3080 646 3162 Christus,
680 3101 747 3167 per
776 3100 890 3166 quem
912 3081 1056 3159 omnia,
1079 3081 1112 3146 et
1137 3082 1218 3147 sieut

93 3183 127 3247 in
149 3183 311 3267 euangelio
334 3185 496 3252 Iohannis:
530 3184 662 3251 omnia
694 3204 759 3268 per
790 3185 924 3268 ipsum
957 3184 1071 3249 faeta
1104 3186 1217 3249 sunt?

92 3287 120 3352 si
142 3287 226 3352 enim
249 3287 313 3353 alia
333 3307 388 3372 per
409 3291 539 3372 patrem,
570 3289 633 3354 alia
653 3306 708 3371 per
730 3288 841 3372 filium,
871 3288 933 3352 iam
955 3304 1017 3352 non
1039 3289 1142 3352 omnia
1163 3305 1218 3369 per

92 3391 215 3473 patrem
236 3409 294 3456 nee
316 3391 420 3457 omnia
441 3409 497 3474 per
518 3390 635 3467 filium;
662 3392 689 3456 si
711 3394 817 3457 autem
840 3389 945 3455 emnia
965 3407 1020 3473 per
1041 3391 1163 3471 patrem
1186 3393 1218 3453 et

110 3593 514 3735 1331⁴l(et2l>)100r.8,d
618 3592 888 3663 7(et27)10.1‚3
988 3595 1062 3662 8(et
1081 3593 1125 3661 15)
1142 3592 1218 3647 Rem.

92 3680 133 3743 1,
195 3696 253 3751 sqq.

144 3865 300 3937 lintellegi
313 3866 381 3921 AV:
406 3866 596 3937 intellegantur
683 3867 816 3939 temnis]
829 3883 880 3924 em.
893 3868 930 3924 θ’
1019 3867 1050 3922 11
1069 3868 1145 3937 patre
1157 3873 1219 3935 (orn.

90 3955 132 4017 ex)
151 3953 235 4010 0¹Pv
337 3952 371 4007 1⁴2
392 3952 479 4008 fllium
498 3958 557 4020 (oen.
575 3954 631 4022 per)
651 3953 732 4009 0¹1²„
834 3955 933 4024 spiritu
949 3954 1044 4010 APV:
1072 3954 1101 4008 in
1119 3953 1218 4023 spiritu

93 4039 136 4096 θυ
232 4039 267 4094 16
282 4037 325 4093 1111
344 4038 369 4093 V
468 4040 502 4095 18
519 4038 720 4110 inuistigabiles
737 4040 765 4093 A
862 4040 948 4111 ipsius
966 4040 1034 4096 AV:
1061 4040 1152 4095 eiuse

91 4123 128 4179 20
148 4124 222 4196 prier
244 4123 319 4178 dedit
340 4123 384 4179 illi
406 4125 442 4178 V:
472 4125 496 4179 ei
518 4126 593 4194 prior
614 4124 689 4179 dedit
711 4123 785 4181 AGv
897 4125 933 4180 24
955 4129 1060 4194 patrem
1084 4142 1113 4181 vt
1143 4128 1220 4194 patre

93 4210 150 4266 AV
254 4210 327 4279 sunt]
346 4226 430 4266 eru.e
530 4210 565 4264 29
582 4226 630 4266 nee
647 4210 730 4266 PVu:
759 4213 787 4266 et
803 4212 832 4265 A
934 4212 1035 4281 autem]
1053 4211 1151 4267 haeee
