2760 4814
136 322 198 386 ‘148
618 316 781 385 Eusirrii

135 510 317 577 doctriua
349 527 423 573 ueu
453 510 513 573 est
543 509 647 571 mea‘l
680 506 832 587 quomedo
864 508 968 569 mea?
1004 508 1161 587 quemodo
1194 524 1265 569 uuu

135 616 238 677 meu?
266 630 326 677 uon
342 614 425 676 euim
441 610 535 676 dixit:
562 612 641 687 ,istu
657 609 800 673 doctriua
821 628 883 673 nou
899 612 948 673 eet
963 607 1064 689 meu,“
1087 610 1160 673 sed:
1184 626 1266 673 meu

134 716 316 781 doctriua
347 732 420 779 uou
451 718 514 777 est
543 730 643 781 mea:
678 730 772 793 quem
799 712 877 776 dixit
899 730 998 787 suam,
1029 710 1164 777 eandem
1186 710 1266 775 dixit

135 836 196 881 uon
226 836 324 881 suam.
363 816 513 899 quomode
546 817 631 879 istud
665 833 776 879 uerum
803 820 862 897 eet,
891 814 953 879 uisi
975 815 1154 879 secuudum
1179 814 1264 879 aliud

134 937 224 984 suam
252 918 376 997 dixerit,
406 917 576 982 seeundum
599 917 685 981 aliud
708 936 768 981 neu
790 935 894 995 euam,
927 916 1098 981 seeundum
1129 916 1295 983 formam:

135 1022 185 1087 ‹lei
207 1040 306 1099 suam,
329 1021 499 1087 secuudum
515 1021 649 1086 formam
664 1021 747 1084 serui
766 1038 825 1085 uon
842 1023 956 1085 suam?
977 1038 1048 1084 eum
1065 1020 1153 1084 euim
1170 1021 1263 1087 dicit:

135 1144 207 1190 neu
230 1126 290 1191 est
311 1144 408 1203 mea,
430 1126 496 1189 sed
519 1124 604 1188 eius
627 1124 692 1205 qui
714 1124 824 1189 misit
847 1142 918 1207 me,
941 1122 1108 1205 adipsum
1131 1124 1265 1189 uerbum

134 1246 190 1294 uos
218 1228 297 1293 lacit
326 1245 499 1306 recurrere;
533 1228 673 1291 doctriua
694 1227 779 1292 euim
801 1227 901 1309 patris
923 1230 971 1291 est
994 1224 1127 1291 uerbum
1152 1226 1264 1309 patris,

134 1332 187 1413 qui
220 1334 267 1395 est
302 1330 413 1395 unicus
447 1328 540 1395 lilius.
579 1332 652 1413 quid
684 1328 801 1395 sibiet
832 1329 912 1395 illud
935 1330 1021 1395 uult:
1053 1330 1120 1413 qui
1145 1330 1186 1395 iu
1209 1350 1264 1395 me

134 1434 276 1509 eredit,
299 1451 370 1497 neu
394 1431 433 1497 in
455 1452 512 1497 me
534 1433 689 1498 eredit?
719 1435 871 1516 quomode
894 1433 927 1499 in
950 1433 1079 1516 ipsum?
1108 1433 1295 1516 quomodote

133 1555 193 1602 nou
216 1538 248 1600 iu
270 1535 397 1617 ipsum?
419 1552 480 1618 qua
502 1534 624 1601 ratione
645 1537 711 1601 tam
734 1538 928 1602 eontrarium
950 1537 1072 1620 sibique
1094 1538 1263 1603 aduersum

134 1641 236 1721 petest
266 1637 430 1719 intellegi?
460 1640 528 1720 qui
558 1638 597 1703 in
619 1658 691 1716 me,
721 1640 833 1721 iuquit,
861 1656 936 1705 uon
965 1639 1086 1705 inme
1115 1640 1262 1715 eredit,

133 1739 201 1807 sed
223 1740 262 1804 iu
284 1758 368 1805 eum
390 1742 454 1823 qui
478 1759 532 1804 me
555 1740 685 1823 misit,
708 1741 772 1805 uisi
794 1742 840 1807 ita
861 1741 1045 1826 intellegas:
1077 1744 1132 1824 qui
1156 1743 1191 1808 iu
1213 1760 1261 1805 me

134 1844 242 1921 eredit,
275 1862 337 1908 non
367 1844 401 1907 iu
431 1843 489 1908 hoe
519 1843 601 1927 quod
624 1844 714 1909 uidet
737 1845 845 1923 eredit,
880 1865 919 1909 ue
939 1846 981 1909 eit
1003 1863 1074 1928 spes
1097 1852 1209 1911 uestra
1231 1846 1261 1909 iu

133 1948 285 2032 creatura,
314 1950 369 2013 sed
391 1948 424 2013 iu
446 1947 502 2013 ille
524 1948 578 2030 qui
599 1948 737 2032 susaepit
759 1952 947 2026 ereaturam,
977 1948 1011 2013 iu
1034 1966 1095 2030 que
1116 1947 1290 2014 humauise

133 2051 230 2117 oeulis
252 2055 425 2135 appareret,
448 2053 481 2115 et
503 2051 549 2115 sie
571 2051 610 2115 ad
633 2070 666 2116 se
687 2053 848 2134 aequalem
874 2051 958 2133 patri
985 2051 1259 2135 contemplandum

132 2175 187 2238 per
209 2154 303 2220 fidem
324 2157 417 2221 eorda
438 2153 614 2220 mundaret.
644 2155 775 2237 ideoque
791 2158 829 2220 ud
853 2157 974 2236 patrem
996 2155 1134 2220 referens
1156 2156 1259 2221 luteu-

132 2260 249 2325 tieuem
279 2258 472 2323 credentium
503 2264 536 2321 et
565 2257 687 2323 diceus:
720 2276 792 2322 nou
815 2259 853 2322 iu
876 2278 932 2323 me
956 2259 1103 2335 eredit,
1134 2260 1200 2325 sed
1222 2255 1258 2320 iu

132 2381 215 2427 eum
245 2362 311 2442 qui
334 2381 390 2426 me
420 2360 548 2439 misit,
581 2378 641 2425 uou
664 2363 770 2443 utique
793 2380 825 2425 se
848 2365 988 2443 epatre,
1017 2360 1050 2424 id
1074 2364 1122 2425 est
1144 2360 1257 2427 abillo

133 2466 186 2546 qui
207 2482 279 2527 eum
302 2464 401 2541 misit,
428 2464 530 2528 uoluit
552 2463 699 2545 separari,
723 2466 775 2529 sed
798 2470 833 2528 ut
855 2466 900 2529 sie
923 2466 956 2528 iu
978 2482 1051 2529 eum
1074 2466 1285 2545 crederetur»

35 2584 39 2589 ·
132 2569 284 2648 quemodo
313 2566 503 2648 inpetrem,
534 2566 585 2631 aui
608 2566 747 2649 aequalis
770 2568 827 2631 est.
868 2565 949 2650 quod
978 2568 1085 2648 eperte
1108 2567 1171 2633 alie
1195 2567 1256 2633 loeo

132 2668 225 2733 dicit:
249 2667 402 2732 credite
425 2671 463 2733 iu
487 2670 614 2747 deum,
638 2674 677 2734 et
699 2669 737 2733 iu
760 2688 816 2733 me
835 2670 1005 2747 credite,
1029 2669 1061 2733 id
1088 2672 1138 2735 est
1159 2672 1258 2753 ,sieut

132 2769 258 2835 ereditis
280 2770 312 2835 in
335 2771 437 2847 deum,
460 2772 557 2835 sicet
581 2772 612 2835 iu
636 2790 696 2849 me,
721 2773 795 2852 quia
809 2790 865 2853 ege
884 2774 916 2836 et
938 2777 1026 2854 pater
1049 2792 1130 2837 uuus
1152 2772 1255 2837 deust

131 2876 211 2941 sieut
240 2892 312 2957 ergo
342 2872 395 2939 hic
424 2877 586 2956 tamquam
616 2874 750 2940 abstulit
772 2893 791 2939 a
812 2894 845 2939 se
866 2874 960 2940 fidem
986 2874 1150 2939 homiuum
1173 2877 1207 2939 et
1228 2876 1256 2940 iu

130 2982 252 3059 petrem
275 2975 439 3041 transtulit
457 2977 602 3041 diceudo:
625 2996 699 3043 uon
722 2978 760 3041 iu
783 2996 837 3042 me
860 2977 1001 3053 credit,
1025 2979 1091 3042 sed
1115 2979 1153 3044 iu
1177 2986 1296 3043 eumfl

131 3080 195 3165 qui
226 3099 282 3145 me
311 3079 435 3157 misit,
469 3096 574 3162 aque
605 3082 710 3145 tamen
732 3098 766 3145 se
788 3099 850 3145 uou
871 3081 979 3162 utique
1001 3082 1179 3163 separauit:
1214 3081 1259 3145 sie

130 3184 226 3249 etiam
250 3182 331 3266 quod
353 3182 415 3247 uit:
440 3201 513 3247 uon
536 3184 598 3246 est
620 3201 742 3248 meum
764 3183 869 3268 dare,
894 3188 959 3250 sed
982 3186 1125 3268 quibus
1147 3202 1258 3269 para·

129 3292 210 3351 tum
232 3288 292 3351 est
308 3304 326 3351 a
349 3289 461 3368 patre
484 3304 563 3349 mee
580 3286 657 3367 puto
672 3286 799 3369 clarere,
814 3289 984 3353 secuudum
1000 3288 1076 3369 quid
1090 3290 1259 3371 utrumque

131 3389 347 3470 eeeipieudum
365 3392 417 3453 sit
447 3391 509 3454 tale
526 3392 574 3453 est
597 3391 729 3453 enimet
751 3389 846 3455 illud:
870 3408 940 3473 ege
963 3408 1036 3455 ueu
1060 3390 1259 3469 iudicato,

131 3509 202 3555 eum
230 3492 296 3573 ipse
325 3491 519 3557 iudicaturus
549 3494 590 3557 sit
613 3494 701 3557 uiues
724 3495 757 3556 et
786 3496 932 3571 mortuos,
968 3496 1018 3559 sed
1042 3493 1116 3575 quie
1138 3512 1201 3558 nou
1223 3500 1302 3557 exa

232 3704 248 3757 9
261 3705 314 3769 (12.
328 3704 367 3759 18.
382 3704 428 3775 25)
448 3705 486 3759 Io.
502 3706 542 3772 12,
554 3706 589 3759 44
663 3705 697 3758 22
715 3705 752 3759 Ιο.
767 3706 835 3771 14,1
911 3706 946 3759 30
963 3705 995 3759 ct.
1010 3704 1040 3759 11
1052 3704 1123 3759 Tim.
1135 3706 1188 3771 el

178 3896 259 3951 tsed
277 3914 334 3953 mea
355 3898 392 3953 V:
418 3916 468 3955 om.
486 3918 504 3955 e
605 3902 681 3955 3est
702 3900 738 3955 V:
766 3919 853 3957 ome
950 3902 1026 3956 lme
1044 3902 1122 3957 misit
1141 3903 1185 3959 Ga

128 3984 146 4037 8
167 3982 279 4037 uerbum
301 3984 336 4039 V:
363 3990 391 4037 et
408 3986 552 4039 uerbumv
657 3988 689 4040 12
712 3987 804 4055 quiin
823 4004 864 4041 me
889 3987 924 4042 V:
952 3988 1000 4056 qui
1017 3988 1046 4041 irr
1065 4004 1107 4041 me
1125 3988 1258 4043 crediti}

128 4067 177 4121 Pu
280 4069 312 4122 16
335 4072 364 4123 et
387 4070 421 4123 V:
451 4086 482 4124 ae
500 4072 543 4126 Ge
645 4074 676 4127 21
701 4078 802 4141 patrem
828 4074 911 4129 qu:
941 4078 1017 4143 patre
1037 4072 1064 4127 V
1163 4075 1199 4129 23
1221 4075 1259 4127 sic

133 4152 199 4207 GV:
230 4154 339 4207 siautv
441 4156 476 4209 25
497 4159 641 4211 transtulit
665 4158 748 4214 GPv:
778 4158 939 4213 abstulitV
1040 4160 1075 4213 28
1097 4160 1199 4215 clarere
1221 4160 1258 4215 V:

128 4238 309 4307 ‹luraquodv
395 4240 459 4308 quid
475 4242 511 4296 V:
538 4258 617 4298 onae
703 4246 738 4297 29
755 4245 878 4299 iudicabo
896 4246 930 4299 V:
957 4246 1190 4303 iudieaboeuma
