2760 4814
188 310 255 378 248
674 306 841 377 augrppn

191 498 337 564 uiuunt
370 498 449 562 iam
481 513 555 562 nen
584 496 662 561 sibi
692 496 851 578 uiuant,
885 495 952 560 sed
983 495 1018 560 ei
1041 497 1107 579 qui
1130 515 1198 580 pro
1222 497 1323 579 ipsis

192 603 369 666 mortuus
404 603 464 665 est
499 602 537 664 et
570 598 803 664 resurrexit.
838 599 871 663 et
895 598 977 681 quod
1007 598 1058 664 hie
1080 600 1174 665 dicit:
1208 602 1324 665 euius

192 705 329 788 gratia
362 721 496 768 sumus
528 702 634 769 salui
664 701 781 779 faeti,
815 703 880 767 iam
900 701 991 766 uelut
1013 702 1189 785 perfeetum
1211 704 1253 768 sit
1276 704 1324 769 lo·

193 808 300 889 quitur
322 803 404 888 quod
426 806 460 870 in
483 824 536 890 spe
559 805 663 881 tenet;
686 824 759 870 nam
775 805 856 888 quod
872 804 966 886 paule
982 806 1055 869 ante
1072 808 1324 885 commemoraui,

193 910 389 993 apertissime
406 909 481 976 alibi
497 909 591 975 dicit:
614 928 679 993 spe
702 909 805 974 enim
828 908 932 973 salui
954 907 1053 973 faeti
1075 926 1216 974 sumus.
1239 910 1359 974 ideo-e

194 1032 254 1097 qne
276 1016 307 1079 et
329 1013 382 1078 hie
414 1015 557 1097 sequitur
583 1018 615 1079 et
643 1015 807 1096 tamquam
839 1010 1016 1095 perfectum
1049 1015 1209 1078 enumerat
1244 1012 1327 1095 quod

195 1117 338 1183 futurum
368 1119 431 1182 est:
465 1118 502 1183 et
531 1117 668 1201 simul,·
701 1117 815 1201 inquit,
849 1114 1049 1182 excitauit
1070 1118 1107 1178 et
1130 1114 1249 1181 simul
1272 1134 1326 1180 se·

195 1220 284 1286 dere
306 1220 405 1286 feeit
427 1222 466 1286 in
489 1220 736 1287 caelestibus
758 1221 798 1287 in
817 1216 979 1285 Christo
1002 1219 1098 1285 Iesu.
1136 1223 1218 1284 uerte
1240 1219 1326 1284 enim

194 1323 227 1389 in
257 1324 445 1391 caelestibus
470 1323 611 1391 cbristus
641 1325 706 1390 iarn
736 1326 831 1403 sedet,
856 1323 1006 1409 nondum
1036 1326 1141 1390 autem
1166 1340 1238 1408 n0s3
1272 1322 1327 1388 sed

195 1429 270 1511 quia
291 1445 345 1511 spe
368 1431 453 1493 berta
482 1429 566 1510 quod
595 1427 740 1493 futurum
767 1427 902 1494 ostiam
925 1430 1077 1513 tenemus,
1100 1429 1197 1496 simul
1220 1431 1363 1496 sederem

196 1550 251 1598 nos
281 1531 360 1597 dixit
389 1533 423 1596 in
447 1531 642 1611 caelestibus,
677 1531 815 1598 nondum
844 1531 1001 1609 innubis,
1036 1534 1090 1599 sed
1119 1533 1182 1599 iam
1204 1532 1326 1597 inille.

197 1652 332 1717 namque
354 1653 393 1699 ne
415 1636 541 1716 putares
563 1633 625 1698 iam
648 1651 734 1698 nune
757 1651 824 1699 esse
846 1631 1022 1717 perfeetum
1045 1637 1126 1719 qued
1147 1638 1182 1701 in
1203 1654 1258 1720 spe
1282 1638 1329 1702 ita

197 1737 321 1817 dieitur,
356 1741 520 1821 tamquam
552 1737 726 1821 perfeetum
759 1739 811 1823 sit,
844 1741 938 1822 atque
966 1740 1002 1805 ut
1023 1739 1191 1823 intelleges
1225 1739 1329 1806 adhue

196 1840 349 1920 futurum,
378 1842 520 1923 sequitur
541 1844 572 1906 et
594 1840 689 1906 dicit:
720 1844 763 1905 ut
786 1841 1016 1907 ostenderet
1038 1843 1077 1907 in
1099 1842 1329 1925 superueni-

196 1946 354 2013 entibus
377 1944 552 2011 saeeulis
574 1943 950 2033 superabundantes
971 1945 1146 2013 diuitias
1167 1946 1368 2030 gratiaere

197 2068 288 2116 snae
310 2048 350 2115 in
372 2048 550 2114 ueritate
572 2067 690 2132 super
711 2068 777 2115 nes
803 2047 843 2112 in
864 2046 1028 2115 Christo
1051 2050 1147 2116 Iesu.
1186 2048 1259 2115 bine
1282 2055 1331 2115 est

198 2157 229 2218 et
243 2152 338 2219 illud:
362 2170 443 2219 eum
468 2151 572 2217 enim
594 2169 768 2216 essemus
790 2152 829 2216 in
852 2168 987 2233 earne,
1011 2152 1221 2236 passiones
1243 2171 1330 2237 pee-

198 2257 393 2336 catorum„
434 2273 531 2337 quae
568 2274 635 2337 per
673 2255 802 2338 legem
839 2258 943 2335 sunt,
989 2256 1254 2339 operabantur
1290 2256 1332 2320 in

198 2359 385 2426 membris
408 2358 574 2439 nestris,
598 2363 642 2423 ut
659 2359 831 2424 fructum
852 2359 1006 2425 ferrent
1028 2358 1155 2425 morti.
1185 2359 1333 2425 itaenim

197 2463 292 2528 dixit:
326 2480 413 2528 eum
442 2481 618 2528 essemus
647 2462 686 2526 in
716 2480 848 2550 earne,
883 2463 971 2545 quasi
1000 2464 1064 2528 iam
1087 2480 1147 2527 non
1171 2465 1276 2528 essent
1297 2464 1369 2530 inae

198 2583 301 2631 earne.
337 2564 419 2647 qued
440 2565 486 2629 ita
506 2563 719 2650 intellegitur:
745 2583 818 2630 eum
840 2583 977 2630 essemus
1000 2567 1032 2630 in
1055 2583 1109 2648 spe
1131 2584 1237 2631 rerum
1260 2584 1333 2633 ear·

198 2667 328 2744 balium,
352 2668 475 2750 quande
499 2667 556 2746 lex,
580 2686 658 2750 quae
680 2667 808 2750 impleri
823 2685 885 2733 non
901 2669 1004 2751 petest
1018 2668 1079 2733 nisi
1093 2687 1149 2752 per
1163 2670 1331 2735 caritatem

198 2770 382 2853 spiritalem,
418 2773 457 2836 ad
488 2770 549 2834 hou
576 2788 669 2853 super
698 2787 750 2836 eos
781 2773 857 2849 erat,
892 2774 928 2836 ut
950 2790 1004 2854 per
1028 2771 1331 2854 praeuaricationem

199 2874 372 2963 abundaret
401 2872 562 2951 delictum,
592 2876 629 2938 ut
650 2873 758 2955 postea
786 2874 926 2939 reuelato
956 2893 1035 2940 noue
1061 2878 1252 2941 testamento
1274 2895 1332 2959 per

198 2977 430 3062 indulgentiam
452 2977 720 3060 superabundaret
739 2978 851 3062 gratia.
882 2977 956 3042 bine
971 2978 1119 3043 similiter
1133 2977 1211 3045 aiibi
1234 2979 1371 3047 dieitm

200 3081 267 3166 qni
290 3085 420 3148 autem
443 3082 482 3146 in
504 3099 619 3146 earne
641 3081 750 3158 sunt,
783 3079 853 3146 deo
875 3080 1033 3164 plaeere
1054 3099 1128 3147 nen
1149 3084 1332 3166 possunt.

200 3190 233 3252 et
255 3205 294 3251 ne
316 3186 441 3271 putaret
471 3203 522 3250 ees
552 3185 720 3268 quisquam
748 3183 846 3250 dictos
869 3184 923 3265 qui
946 3185 1086 3249 nondum
1108 3185 1224 3250 mortui
1246 3190 1334 3266 sunt,

200 3290 310 3357 statim
332 3286 487 3354 subiecit:
517 3306 583 3355 uos
606 3292 739 3353 autem
760 3306 836 3352 nen
858 3287 958 3355 estis
978 3288 1022 3353 in
1045 3306 1178 3374 carne,
1203 3291 1269 3355 sed
1292 3292 1335 3357 in

164 3445 167 3451 .
200 3392 373 3475 spiritu;
408 3393 439 3457 id
462 3393 525 3457 est:
556 3392 664 3473 quiin
688 3409 742 3474 spe
775 3392 948 3457 carnalium
980 3392 1131 3458 bonerum
1157 3396 1241 3471 sunt,
1276 3392 1334 3459 deo

303 3580 423 3634 bRom.
447 3580 472 3646 8,
496 3579 530 3633 24
634 3580 667 3633 11
695 3579 772 3633 Rom.
795 3578 859 3647 t,5
967 3579 1001 3633 23
1028 3579 1061 3632 ei.
1084 3579 1157 3634 Rem
1181 3581 1207 3644 5,
1231 3580 1266 3634 20

201 3666 236 3719 26
260 3665 336 3721 Rom.
353 3665 379 3733 8,
397 3666 462 3734 aeq.

254 3826 269 3877 1
288 3823 371 3879 etr*
465 3823 482 3877 6
498 3821 622 3891 pfectum
641 3820 683 3874 D¹
790 3821 805 3874 7
823 3826 888 3875 aute
905 3821 1068 3876 sederetur.
1085 3824 1103 3876 4
1121 3822 1174 3877 litt.
1193 3822 1225 3875 ira
1244 3822 1269 3875 T

201 3909 218 3963 9
236 3907 306 3963 sedit
322 3908 365 3962 D¹
460 3908 493 3962 10
511 3922 584 3977 spem
603 3910 705 3960 certam
721 3907 762 3960 D¹
859 3908 889 3961 ll
909 3907 958 3960 illa
976 3907 1004 3960 P
1095 3907 1128 3962 12
1145 3907 1209 3975 iam]
1228 3923 1293 3963 nem
1312 3911 1341 3965 P

201 4010 289 4050 none
379 3994 524 4063 perfectam
541 3993 576 4048 T¹
672 3994 706 4049 14
723 3993 871 4047 ostenderit
886 3993 929 4048 Β*
1026 3993 1058 4047 17
1075 3993 1208 4063 passionis
1225 3994 1267 4050 D²

203 4081 235 4135 19
252 4079 339 4134 ferent
357 4079 385 4135 P
468 4080 503 4134 20
520 4079 618 4150 errent]
637 4082 706 4134 esset
723 4079 749 4134 Τ
837 4080 869 4135 21
888 4095 948 4148 ape·
967 4083 1003 4144 (m
1016 4080 1098 4146 erae.)
1111 4079 1139 4134 P
1223 4081 1258 4136 23
1277 4082 1339 4154 boe]

201 4167 319 4237 1ιιιο,1)ι
422 4182 468 4236 per
490 4183 579 4236 praeu.
598 4169 630 4220 ut
647 4165 798 4220 abundarat
823 4166 849 4220 Τ
949 4165 984 4218 24
1008 4163 1176 4218 habundaret
1197 4165 1269 4219 D¹P

202 4255 333 4310 delectum
353 4253 382 4307 D
469 4253 585 4309 reuelato
603 4255 629 4321 (o
647 4268 666 4305 a
683 4268 719 4310 ur.
732 4254 763 4320 2)
782 4252 811 4306 Ρ
893 4250 927 4304 21
946 4251 1087 4320 quiequam
1105 4265 1150 4304 ees
1167 4250 1270 4306 DPTu
