2760 4814
180 304 246 372 5oe
664 298 832 370 Eugippii

183 492 262 577 quit,
285 491 548 560 reuelabitur.
578 491 708 557 eandem
731 490 971 558 tribulationem
987 492 1091 576 ignem
1108 490 1209 574 uocat,
1232 491 1317 556 sicut

182 596 260 663 alibi
288 595 424 680 legitur:
455 612 552 661 uasa
582 594 708 679 figuli
736 595 884 680 probat
913 595 1051 661 fornax
1077 597 1115 660 et
1136 593 1317 661 hemines

181 701 312 768 iustus
350 699 536 775 temtatic
573 698 869 766 tribulationis.
922 699 955 764 et
996 699 1317 781 uniuscuiusque

181 821 274 888 opus
307 803 424 888 quale
452 801 510 871 sit
538 800 644 887 ignis
674 803 872 886 probabit.
912 802 946 867 si
970 802 1083 868 cuius
1113 818 1207 884 opus
1229 819 1316 884 per·

182 907 377 975 manserit
391 936 434 955 --
448 906 611 991 permanet
633 906 718 972 enim
739 905 822 990 qued
844 906 973 990 quisque
996 906 1115 989 cogitat
1137 922 1217 989 quae
1238 908 1353 970 eunte

182 1011 244 1094 dei,
281 1009 433 1094 quemodo
470 1008 594 1094 placeat
630 1007 759 1075 dee-
788 1008 892 1093 qued
929 1007 1316 1093 superaedificabit,

182 1112 402 1180 mercedem
425 1110 597 1196 accipiet
611 1145 654 1161 -
668 1110 701 1178 id
716 1112 766 1179 est
783 1111 864 1178 uude
880 1110 1041 1197 cogitauit
1065 1111 1123 1177 boc
1138 1112 1257 1194 sumet3
1273 1145 1318 1158 -

181 1216 216 1282 si
250 1216 363 1283 cuins
395 1216 524 1282 autern
552 1232 645 1298 opus
673 1212 838 1298 arserit,
868 1214 1048 1281 damnum
1069 1212 1250 1299 patietur
1272 1249 1318 1262 -

182 1318 332 1403 queniam
353 1320 436 1403 qued
457 1317 608 1385 dilexerat
629 1334 690 1385 nen
713 1317 841 1386 babebit
856 1319 1000 1403 -ipse
1022 1319 1154 1385 autem
1175 1318 1317 1385 saluus

183 1423 263 1490 erit
286 1460 325 1474 -
351 1422 424 1506 quie
445 1420 533 1487 nulla
554 1441 627 1488 eum
657 1420 822 1489 tribulatio
845 1420 885 1488 ab
915 1421 1001 1488 illiue
1027 1421 1225 1489 fundamenti
1246 1424 1355 1488 ste-re

181 1524 308 1592 bilitate
330 1523 464 1592 semcuit
485 1559 528 1572 —
550 1524 606 1592 sic
634 1525 769 1592 tamen
790 1523 906 1608 quasi
927 1543 996 1610 per
1017 1524 1146 1608 ignem
1167 1558 1211 1571 —
1231 1526 1317 1606 quod

182 1629 269 1695 enim
290 1627 357 1695 sine
379 1627 538 1695 inliciente
559 1646 664 1694 amore
686 1645 747 1694 nen
768 1626 891 1709 habuit,
915 1627 982 1693 sine
1003 1630 1113 1694 urente
1128 1627 1233 1693 delore
1252 1645 1316 1694 uon

181 1730 295 1818 perdit.
330 1748 409 1810 ecee,
443 1731 595 1814 quantum
627 1730 706 1797 mihi
727 1729 861 1811 uidetur,
895 1732 1041 1798 inuentus
1063 1733 1113 1798 est
1141 1732 1233 1816 ignis,
1262 1733 1317 1816 qui

182 1833 307 1902 nullum
337 1852 444 1900 eorum
472 1834 610 1919 damnet,
633 1837 688 1902 sed
717 1853 815 1901 unum
846 1834 934 1917 ditet,
957 1836 1092 1902 alterum
1122 1834 1316 1915 damnificet,

169 1938 290 2004 ambos
326 1937 448 2021 prebet.
484 1936 513 2002 si
543 1942 648 2029 antem
678 1938 784 2022 ignem
814 1938 908 2004 illum
936 1938 1004 2005 lece
1033 1937 1094 2004 isto
1120 1937 1356 2006 uoluerimusrs

183 2040 332 2125 accipere,
366 2040 405 2107 de
434 2057 495 2125 quo
517 2040 662 2108 dominns
692 2041 772 2107 dicit
794 2042 946 2108 sinistris:
980 2041 1176 2108 discedite
1199 2060 1219 2109 a
1239 2060 1316 2124 me,

183 2143 405 2225 maledicti,
439 2143 641 2230 inignem
671 2145 896 2222 aeternum,
929 2144 1026 2210 utin
1057 2144 1102 2211 eis
1132 2144 1229 2214 etiem
1260 2145 1317 2212 isti

182 2266 250 2314 esse
273 2246 439 2314 credantur
469 2247 523 2333 qui
552 2246 716 2314 aedificant
744 2266 837 2333 super
859 2247 1096 2314 fundamentum
1117 2246 1217 2335 ligna,
1246 2249 1316 2316 fae·

183 2369 271 2436 num,
306 2351 465 2434 stipulam,
500 2369 612 2436 eosque
642 2371 679 2417 ex
711 2351 768 2418 ille
797 2350 871 2437 igne
893 2353 965 2436 pest
997 2355 1120 2435 tempus
1142 2370 1199 2436 pre
1220 2351 1317 2419 malis

183 2452 305 2519 meritis
338 2455 536 2538 impertitum
571 2454 685 2522 liberet
713 2455 787 2522 beni
810 2455 917 2522 meriti
947 2455 1204 2523 fundamentumz
1238 2456 1356 2539 quidne

183 2555 377 2623 arbitramur
413 2559 551 2638 dextros,
589 2559 702 2643 quibus
740 2558 876 2625 dicetur:
914 2558 1069 2639 uenite,
1107 2558 1318 2627 benedicti

182 2659 318 2743 patris
340 2660 429 2740 mei,
462 2660 666 2746 possidete
688 2663 870 2746 paratum
895 2660 1010 2728 uobis
1039 2678 1217 2746 regnum,
1254 2661 1318 2729 nisi

184 2779 236 2829 ecs
264 2762 319 2846 qni
341 2763 585 2831 aedificeuernnt
607 2782 699 2850 super
720 2764 961 2832 fundamentum
983 2783 1105 2846 aurum,
1135 2767 1317 2849 argentumn,

182 2864 302 2949 lapides
331 2866 507 2951 pretiosos?
540 2868 596 2933 sed
625 2869 659 2934 in
689 2867 782 2934 illum
810 2868 928 2952 ignem,
959 2868 996 2934 de
1022 2886 1083 2952 quc
1105 2869 1226 2934 dictum
1248 2870 1317 2936 est:

184 2970 244 3036 sic
274 2973 406 3036 tamen
436 2971 548 3054 quasi
570 2990 639 3056 per
667 2973 810 3058 ignem,
844 2973 871 3038 si
900 2973 959 3040 bec
988 2973 1079 3039 mode
1109 2976 1159 3038 est
1187 2972 1355 3042 intelle-rs

183 3073 313 3160 gendes,
347 3074 473 3158 utrique
505 3074 653 3143 mittendi
685 3077 770 3159 sunt,
794 3079 826 3142 et
842 3075 958 3152 dextri
986 3076 1105 3144 scilicet
1127 3080 1159 3141 et
1180 3075 1316 3145 sinistri.

184 3177 240 3242 ille
271 3177 386 3263 quippe
415 3178 489 3262 igne
517 3178 643 3264 utrique
671 3177 826 3263 probandi
847 3183 931 3258 sunt,
959 3181 996 3246 de
1019 3196 1079 3264 quc
1102 3178 1226 3246 dictum
1248 3185 1317 3248 est:

287 3381 405 3443 abab.
421 3382 501 3449 215
594 3382 720 3442 amor.
739 3383 764 3452 3,
783 3383 817 3438 13
826 3397 884 3455 sqq.
983 3384 1017 3439 16
1034 3382 1133 3440 nean
1150 3382 1194 3452 25,
1212 3385 1246 3441 41

183 3467 216 3523 21
235 3466 335 3523 blatth.
353 3467 448 3536 abac

235 3637 458 3708 dpermanserit]
476 3639 641 3696 manserite
742 3637 1014 3709 liauperaediflcabit
1034 3637 1062 3695 V
1136 3632 1179 3695 ‘8
1202 3640 1227 3695 si
1252 3641 1309 3698 Ν
1311 3658 1319 3692 =

184 3725 212 3777 et
229 3724 288 3780 sie
388 3724 474 3794 cuins]
494 3724 598 3780 enisi*
698 3725 732 3779 11
750 3726 903 3782 semcuete
1007 3725 1039 3780 13
1057 3725 1145 3794 perdit
1166 3726 1232 3783 TV:
1258 3744 1318 3798 per-

183 3808 264 3866 detc
351 3808 384 3865 15
401 3808 564 3865 ambobuse
650 3809 753 3881 probet]
772 3826 858 3868 cmc
944 3812 1000 3869 loco
1020 3811 1084 3867 TV:
1108 3813 1136 3866 in
1154 3812 1248 3868 lccoc

185 3895 219 3949 16
236 3892 360 3949 dominus
381 3895 444 3949 TV:
471 3911 556 3952 eme
643 3897 710 3952 dicit
730 3896 826 3955 T¹Vc=
850 3897 922 3954 dicet
941 3899 978 3953 T*
1065 3898 1098 3952 19
1113 3899 1192 3970 signe
1209 3899 1232 3968 (l
1247 3904 1319 3971 rea)

187 3978 214 4036 Τ
324 3978 359 4034 20
385 3980 475 4037 meriti
505 3982 543 4038 Vr
578 3981 706 4039 meritum
732 3983 798 4039 Pie
912 3984 1116 4040 fundamentum
1144 3983 1181 4040 V:
1216 3985 1319 4042 sunda·

184 4065 271 4122 menti
286 4065 356 4122 Pub
456 4068 491 4123 21
512 4068 677 4126 arbitramur
700 4062 736 4126 Vr
762 4068 956 4137 arbitrabimur
981 4072 1007 4128 Τ
1030 4070 1210 4128 arbitrabitur
1229 4089 1247 4128 e

183 4153 290 4209 dextros
318 4151 372 4209 Ν
376 4170 384 4203 =
419 4152 452 4208 de
478 4152 580 4210 dextris
605 4171 622 4213 c
731 4157 766 4214 22
786 4148 859 4214 ‘meis
887 4159 912 4228 (s
938 4162 1004 4223 ree.)
1034 4159 1061 4213 Τ
1160 4158 1195 4217 23
1224 4159 1320 4216 aedili·

182 4237 341 4297 canerintc
443 4253 523 4309 super
541 4239 604 4297 TV:
630 4258 746 4313 snprac
848 4241 883 4298 26
900 4244 1010 4300 senistri
1029 4245 1056 4301 Τ
