2760 4814
213 282 275 352 wi
689 280 856 351 hamb

212 472 415 555 sapientia
447 471 505 537 dei
541 490 613 536 non
647 475 769 553 poterat
801 474 963 537 mundus
994 490 1062 553 per
1094 472 1337 556 sapientiam

213 593 395 658 cognoscere
418 574 543 653 deum,
567 573 721 656 placuit
743 576 813 639 deo
835 594 904 657 por
926 574 1160 639 stultitiam
1183 576 1336 657 praedi·

213 677 388 743 cationis
410 677 548 742 saluos
571 677 701 743 lacere
723 678 938 742 credentes.
972 696 1032 743 non
1054 677 1155 759 igitur
1178 698 1236 762 per
1257 679 1336 744 loco·

213 801 281 846 rum
301 781 404 865 spatia
418 780 577 858 ueniendo,
594 781 647 845 sed
665 781 696 845 in
713 798 805 845 carne
818 781 946 847 mortali
960 779 1147 847 mortalibus
1163 781 1334 865 apparendo

212 887 333 949 uenisse
356 884 395 949 ad
417 902 472 948 nos
495 884 618 949 dicitur.
655 883 730 948 illuc
752 901 823 966 orgo
846 886 940 961 uenit,
964 885 1017 949 ubi
1040 886 1116 961 erat,
1140 887 1218 967 quia
1233 886 1266 951 in
1282 885 1359 951 hoco

211 987 327 1051 mundo
361 989 428 1050 orat
460 991 492 1049 οι
524 988 657 1052 mundus
689 1003 744 1066 per
778 1004 849 1050 eum
881 986 983 1050 factus
1006 990 1063 1051 est.
1108 988 1332 1070 sedquoniam

213 1088 384 1170 cupiditate
414 1087 538 1153 fruendi
566 1105 620 1170 pro
650 1088 716 1170 ipso
746 1088 883 1152 creatore
914 1089 1055 1152 creatura
1086 1088 1231 1156 homines
1267 1110 1332 1156 con·

209 1191 336 1274 figurati
358 1192 429 1257 huic
450 1194 565 1256 mundo
589 1189 750 1254 elmundi
773 1190 899 1255 nomine
922 1191 1199 1274 congruentissime
1235 1194 1330 1259 uocati

210 1312 270 1359 non
293 1312 361 1359 eam
383 1296 599 1378 cognorerunt,
622 1292 784 1374 propterea
800 1291 877 1357 dixit
892 1293 1099 1375 euangelista:
1117 1295 1329 1361 otmundus

211 1416 293 1461 oum
324 1412 397 1460 non
428 1395 623 1479 cognouit.
668 1394 772 1477 itaque
799 1394 832 1459 in
865 1396 1020 1478 sapientie
1052 1396 1102 1461 dei
1125 1415 1190 1462 non
1212 1400 1354 1480 potamio

209 1498 343 1563 mundus
366 1516 419 1579 per
440 1497 627 1579 sapientiam
646 1515 826 1581 cognoscere
842 1498 944 1565 deum.
981 1518 1036 1565 cur
1058 1518 1130 1584 ergo
1147 1503 1248 1584 uenit,
1266 1520 1328 1568 cnm

210 1600 261 1665 hic
289 1603 379 1679 esset,
409 1601 469 1665 nisi
499 1599 572 1682 qnia
600 1600 719 1682 placuit
742 1601 797 1666 doo
820 1619 873 1683 por
895 1600 1064 1669 stultitiam
1094 1604 1328 1687 praedicationis

209 1702 311 1769 saluos
333 1703 431 1768 lacere
454 1703 637 1768 credentes?

252 1821 408 1902 Quomodo
430 1824 528 1904 uenit,
549 1822 612 1888 nisi
633 1825 715 1905 quod
738 1823 868 1889 uerbum
892 1843 961 1890 caro
983 1826 1173 1892 factumest
1196 1827 1327 1893 athabi-

210 1925 291 1990 tauit
312 1927 346 1990 in
368 1926 481 1992 nobis?
511 1927 604 1992 sicuti
627 1945 697 1992 oum
720 1928 886 2010 loquimur,
910 1930 946 1992 ut
968 1929 1001 1993 id
1022 1928 1100 2012 qnod
1124 1928 1229 1995 animo
1251 1931 1350 2014 geri-o

209 2046 279 2092 mus
309 2030 340 2093 in
366 2029 520 2095 audientis
553 2031 693 2096 animum
725 2049 780 2113 per
808 2049 897 2096 aures
931 2048 1058 2097 carneas
1092 2032 1263 2113 inlabatur,
1295 2031 1325 2097 fit

209 2148 300 2196 sonus
329 2131 466 2210 uerbum,
497 2131 579 2214 quod
609 2133 700 2197 corde
721 2136 890 2216 gestamus,
917 2136 949 2197 et
971 2133 1085 2199 locutio
1108 2139 1251 2214 uocatur,
1275 2152 1324 2201 neo

210 2237 315 2299 tamen
337 2232 371 2298 in
394 2234 526 2299 eundem
548 2254 656 2301 sonum
675 2237 820 2320 cogitatio
842 2239 947 2301 nostra
961 2239 1161 2318 conuertitur,
1184 2239 1237 2304 sed
1251 2240 1325 2324 apud

208 2356 241 2402 ss
270 2356 399 2403 manens
428 2338 553 2420 integra
581 2339 711 2404 formam
742 2340 836 2418 uocis,
867 2356 929 2421 qna
958 2360 990 2406 se
1019 2340 1160 2406 insinuet
1195 2343 1325 2416 omibus,

210 2441 276 2505 sine
300 2443 405 2523 aliqua
427 2442 496 2507 labe
518 2460 591 2507 suae
613 2441 795 2507 mutationis
818 2441 966 2507 assumit:
989 2445 1034 2508 ita
1056 2446 1187 2510 uerbum
1204 2445 1255 2510 dei
1270 2462 1352 2509 nono

209 2545 437 2610 commutatum
466 2560 537 2610 caro
569 2546 673 2609 tamen
704 2544 823 2609 lactum
853 2545 908 2623 est,
938 2545 975 2610 ut
996 2544 1154 2611 habitaret
1176 2547 1210 2612 in
1234 2547 1326 2611 nobis.

251 2662 337 2730 Sicut
367 2667 472 2730 autem
502 2665 621 2731 curatio
650 2665 703 2730 nia
726 2668 773 2730 est
796 2666 834 2729 ad
857 2666 1034 2743 sanitatem,
1057 2667 1103 2730 sic
1125 2664 1188 2733 ista
1211 2667 1327 2733 curatio

208 2768 385 2849 peccatores
429 2769 581 2834 sanandos
624 2768 862 2851 reficiendosque
906 2768 1051 2851 suscepit.
1104 2770 1136 2834 et
1180 2770 1328 2851 quemad·

208 2870 335 2936 modum
364 2870 488 2952 medici,
520 2890 589 2936 cnm
620 2870 754 2955 alligant
782 2873 921 2949 uulnera,
953 2890 1013 2936 non
1039 2872 1254 2954 incomposite,
1277 2873 1329 2939 sed

207 2978 280 3056 apto
310 2973 341 3038 id
370 2974 500 3053 faciunt,
537 2977 573 3040 ut
599 2975 717 3040 ninonli
749 2974 919 3041 utilitatem
949 2974 1100 3057 quaedam
1129 2974 1359 3056 pulchritudos

208 3077 302 3144 otiam
333 3080 549 3161 consequatur:
579 3079 625 3142 sio
654 3077 807 3143 medicina
833 3079 1003 3159 sapientiae
1033 3096 1087 3159 per
1117 3076 1252 3142 hominis
1278 3098 1329 3143 su·

208 3180 397 3263 scaptionem
419 3182 534 3247 nostris
552 3186 600 3246 est
615 3182 848 3246 accommodata
870 3181 1060 3256 uulneribus,
1083 3178 1122 3243 de
1143 3180 1331 3261 quibusdam

207 3284 372 3350 contrariis
402 3303 512 3350 curans
537 3285 568 3349 et
589 3283 627 3348 de
649 3283 832 3366 quibusdam
855 3283 1020 3350 similibus.
1051 3282 1133 3347 sicut
1154 3281 1254 3347 etiam
1277 3284 1331 3349 ille

207 3388 258 3470 qui
281 3388 423 3454 medetur
444 3389 567 3454 uulnerl
591 3387 725 3468 corporis
749 3386 874 3451 adhibet
897 3385 1046 3467 quaedam
1062 3385 1230 3464 contraria,
1247 3386 1332 3451 dont

206 3490 357 3574 frigidum
380 3490 480 3556 calido
503 3491 554 3555 uel
576 3490 703 3555 humido
726 3489 844 3554 siccum
867 3489 917 3553 uol
940 3490 1012 3570 quid
1035 3487 1121 3552 allud
1143 3488 1211 3553 eins
1236 3488 1364 3565 modim

207 3591 336 3658 adhibet
365 3594 461 3658 etiam
492 3595 643 3676 quaedam
673 3592 799 3670 similia,
832 3593 914 3657 siout
936 3591 1100 3657 linteolum
1123 3589 1174 3655 uel
1197 3592 1332 3658 rotundo

301 3777 577 3846 amomum
680 3777 915 3844 numum

258 3946 291 4000 10
311 3961 373 4000 oum
393 3946 429 4000 V:
459 3962 551 4003 eamo
654 3947 687 4002 19
709 3963 761 4016 qua
778 3963 806 4002 sa
828 3946 864 4000 V:
895 3946 1004 4016 quasia
1104 3945 1264 4003 insinuato

205 4031 239 4085 22
265 4033 356 4086 autem
387 4031 424 4085 V:
459 4033 532 4086 enim
557 4050 574 4088 c
704 4034 738 4087 23
764 4033 969 4102 reficiendosque
999 4031 1038 4086 V:
1073 4031 1221 4087 reficiendo
1246 4049 1265 4087 o

204 4117 239 4171 24
262 4116 358 4172 medici
376 4132 436 4172 oum
456 4118 539 4173 GPo:
567 4119 697 4174 medicum
721 4118 786 4174 MV
883 4119 916 4173 31
941 4117 1067 4187 rotundo]
1091 4116 1211 4173 rutundo
1234 4118 1262 4174 V
1291 4136 1336 4174 ro-

205 4203 351 4258 tundnmo
