2760 4814
148 309 214 378 392
633 304 800 379 Eugippii

62 501 139 569 127·
191 501 263 568 Non
278 499 396 566 occides
408 498 582 583 Christum
598 498 760 582 prophetia
775 499 858 563 euim
871 498 998 563 uidetur
1012 515 1224 580 praemonens,
1241 517 1284 564 ne

147 623 182 670 se
197 604 270 671 boni
280 602 468 669 Israhelitae
479 601 635 669 sociarent
646 600 738 668 melis
750 600 882 681 ludaeis,
897 601 1040 684 aquibus
1051 599 1196 667 Christus
1211 619 1281 684 pas·

145 724 200 772 sus
212 707 268 772 est.
281 706 443 773 tribulatio
456 706 569 788 quippe
580 704 733 795 passionis
745 709 905 789 nmquam
919 705 1002 789 ignis
1011 706 1074 783 est;
1087 705 1170 770 nude
1181 706 1281 788 scrip·

146 811 302 876 tumeat:
332 811 529 891 tamquam
555 823 691 875 aurum
718 807 757 872 in
779 807 939 873 fornace
960 809 1146 891 probauit
1176 806 1280 887 illos,

147 917 186 979 et
215 912 323 979 sicut
355 912 632 979 holocaustum
665 910 835 975 hostiam
864 912 1045 995 suscepit
1078 911 1186 976 illos.
1229 913 1320 978 cuis

146 1016 320 1083 sententies
342 1014 488 1080 dominns
510 1033 631 1097 quoque
653 1015 823 1080 attestatur
846 1014 966 1080 dicens:
997 1014 1194 1098 baptismo
1217 1015 1280 1080 ha·

145 1119 213 1185 beo
244 1120 459 1202 baptizari,
482 1136 591 1202 quem
615 1136 681 1184 uos
715 1117 897 1185 nescitis.
934 1117 994 1184 hoo
1020 1117 1105 1184 enim
1128 1120 1184 1196 ait,
1206 1137 1280 1186 curn

144 1223 290 1292 diheses
321 1221 453 1308 ignem
481 1222 573 1288 neni
601 1221 762 1289 mittere
788 1220 830 1286 iu
860 1222 1053 1287 mnndum.
1095 1219 1171 1287 dioit
1193 1221 1280 1286 enim

146 1325 318 1393 lohannes:
353 1325 440 1410 ipse
469 1343 541 1390 uos
572 1322 803 1407 baptizabit
832 1323 871 1390 in
899 1323 1045 1408 spiritu
1079 1323 1220 1389 saneto
1241 1325 1281 1391 ot

144 1429 248 1512 igni,
278 1426 359 1510 quud
388 1427 587 1512 intellegitur
608 1430 640 1493 et
662 1425 847 1512 purgatione
870 1425 1130 1519 sanctificationis
1152 1430 1184 1493 et
1206 1444 1279 1510 pro·
1291 1452 1318 1492 ro

145 1529 272 1598 batione
306 1530 529 1597 tribulationis.
563 1530 694 1597 eundem
717 1532 822 1615 ignem
853 1529 1043 1614 significauit
1072 1529 1169 1595 etiam
1199 1528 1279 1614 ipse,

145 1651 218 1698 cum
240 1636 280 1700 ed
302 1634 479 1716 passionem
500 1634 681 1718 ducaretnr;
713 1634 766 1700 ubi
788 1633 867 1701 dixit
889 1633 952 1699 illie
975 1632 1029 1717 qui
1051 1652 1125 1698 enm
1146 1632 1278 1717 planga-

145 1736 232 1814 bant,
262 1736 345 1820 quod
374 1754 468 1819 super
488 1755 521 1802 so
542 1736 649 1820 potins
670 1737 817 1822 plangere
841 1736 997 1805 deberent.
1035 1736 1083 1803 ita
1105 1735 1190 1803 euim
1212 1740 1280 1802 ter-

145 1837 289 1920 minanit,
313 1843 349 1905 ut
371 1839 507 1907 diuerah
536 1839 631 1904 siin
654 1839 782 1905 nir-idi
810 1839 920 1923 ligno
943 1839 1012 1907 hoc
1034 1839 1209 1918 faciunt,
1237 1841 1280 1906 in

145 1941 251 2008 arido
279 1942 370 2026 quid
392 1942 567 2009 facient?
596 1946 760 2009 mouentur
781 1943 864 2010 enim
887 1944 970 2023 boni,
993 1962 1031 2010 no
1053 1944 1093 2011 ad
1116 1941 1318 2010 Christnnrre

145 2043 389 2129 crucifigendum
410 2045 502 2111 melis
524 2045 728 2113 consentiant.
757 2045 859 2112 dietus
881 2050 930 2115 est
951 2046 1036 2113 enim
1058 2064 1182 2132 agnus
1204 2047 1278 2127 dei,

70 2234 72 2236 v
146 2148 213 2230 qni
246 2148 368 2215 tollet
401 2150 565 2232 peccate
592 2149 736 2216 munli.
759 2167 847 2223 ,non
871 2168 944 2234 ergo
966 2167 1109 2233 coques
1137 2167 1279 2234 egnum

145 2253 188 2318 in
208 2249 317 2320 lacte
338 2254 481 2319 matris
503 2272 610 2321 suaa:
633 2270 695 2319 uon
710 2253 833 2338 ingeres
849 2251 972 2320 Christo
995 2254 1104 2338 ignem
1124 2253 1279 2336 passionis

145 2355 181 2421 in
201 2355 258 2431 illo
286 2356 346 2435 (lie,
374 2374 433 2439 quo
456 2360 621 2440 conceptus
643 2361 707 2435 est;
740 2358 816 2423 tnnc
837 2356 921 2421 enim
942 2360 976 2447 et
997 2375 1108 2441 pessus
1129 2356 1278 2440 traditur,

144 2459 178 2524 id
208 2459 345 2525 estvm
364 2459 427 2529 bal.
456 2460 581 2544 apriles,
614 2478 650 2527 ex
677 2478 738 2542 qno
767 2459 817 2527 die
838 2478 936 2543 usquo
955 2461 997 2527 ad
1018 2459 1080 2529 lul.
1109 2459 1316 2537 ianuarias»

146 2578 207 2643 quo
236 2564 330 2633 natus
364 2563 610 2650 commendatur,
644 2580 722 2629 vnn
750 2581 873 2630 menses
902 2564 1123 2646 computentur
1155 2562 1276 2630 decimo

145 2662 297 2737 inchoato.
334 2664 540 2749 perhibentur
572 2666 680 2731 autem
711 2667 807 2732 ubere
834 2665 1024 2735 feminerum
1054 2686 1090 2733 ex
1120 2665 1170 2733 die
1200 2683 1276 2731 cou-

144 2767 297 2850 eeptionis
316 2767 366 2833 lac
391 2768 547 2854 colligere.
585 2768 635 2837 est
663 2770 768 2835 autem
792 2769 873 2835 alins
895 2788 1003 2837 sensus
1027 2770 1159 2837 facilior.
1196 2787 1276 2836 non

143 2886 286 2953 coquos
309 2858 451 2955 agnum
473 2869 513 2937 in
534 2871 643 2937 lecte
665 2870 941 2938 matrissuae:
975 2871 1143 2955 paruulum
1171 2869 1276 2937 adhuc

144 2973 369 3053 etluotautem
384 3013 425 3025 —
444 2971 592 3056 qualibus
614 2974 891 3056 dieitapostolus:
914 2974 981 3041 lac
995 2973 1116 3041 uobis
1136 2978 1313 3057 petuma

143 3075 247 3161 dedi,
270 3093 343 3143 non
364 3095 491 3144 oscam
505 3113 546 3127 -
561 3094 623 3161 non
644 3077 753 3145 mittes
768 3077 803 3143 in
817 3095 1056 3162 praeproperam
1077 3076 1273 3159 passionem:

242 3220 417 3292 fflhssess
484 3220 781 3289 elucescente
848 3221 1275 3291 9Matth.3,llhuc.3,16

140 3305 630 3392 cr.lo,1‚.os..14hue23‚e1
717 3307 902 3374 salomae
982 3306 1249 3372 mileum·

193 3435 382 3491 hisrahelitae
399 3436 497 3491 benie
600 3437 625 3506 a]
644 3452 694 3534 ceps.
716 3436 749 3492 ll
852 3436 1027 3492 liornace‘m
1045 3434 1109 3491 MV
1207 3435 1275 3491 bet

141 3535 329 3608 sicut-illes]
349 3555 399 3593 om.
418 3540 454 3593 Μ
456 3539 484 3594 V
582 3539 768 3594 holocaustum
782 3540 810 3606 (b
823 3540 887 3595 adei.
902 3543 978 3605 Μ)
995 3541 1021 3596 T
1044 3539 1193 3594 holocausti
1205 3539 1227 3607 (i
1237 3541 1273 3594 e'n

141 3636 196 3676 rus.
214 3638 234 3676 e
248 3631 284 3677 ne.
301 3625 334 3691 2)
359 3622 388 3678 P
487 3624 651 3694 thaptirno
678 3624 705 3679 V
730 3625 896 3695 baptismum
920 3624 993 3682 PT·
1075 3626 1273 3695 tbaptinauit

140 3722 158 3761 e
268 3709 303 3762 10
327 3709 433 3778 ignee
543 3710 722 3782 intellegitur]
750 3712 889 3767 intelletur
917 3730 933 3769 c
1047 3719 1075 3767 et
1098 3712 1271 3783 purgetioue]

141 3794 402 3865 odpnrgutioname
488 3796 961 3869 etprobatlbueledprobutihuorno
1046 3802 1078 3854 11
1092 3800 1184 3869 etiant]
1197 3800 1271 3855 euim

140 3892 181 3936 o*
261 3882 292 3937 15
308 3881 426 3954 ¹iaciant]
451 3883 499 3938 liet
516 3885 554 3939 Ρ·
572 3883 614 3953 (in
630 3888 701 3953 rue.)
722 3885 747 3940 Τ
833 3888 999 3956 mouentur]
1014 3887 1200 3942 vmoriauturo

140 3968 221 4037 min]
239 3980 304 4037 ergo
324 3968 364 4024 To
467 3971 501 4025 16
512 3970 723 4026 teomntiento
825 3972 859 4026 1?
876 3972 952 4027 tollit
971 3971 1023 4026 pu„
1122 3971 1158 4026 20
1173 3973 1275 4041 aprilis

139 4069 188 4107 ur.
240 4053 346 4110 abab
369 4055 405 4110 V:
432 4055 654 4115 iuvmkanv
748 4056 780 4113 21
799 4057 1032 4114 commendatore
1077 4078 1080 4085 ·
1121 4057 1274 4113 micerni-

139 4145 238 4195 uuum
258 4140 285 4196 V
372 4140 406 4195 23
423 4145 513 4198 autern
535 4140 572 4195 V:
599 4157 658 4197 om..
671 4144 711 4199 Pe
802 4143 837 4199 26
854 4145 982 4199 mitesce
1069 4147 1272 4216 praepeparam}

138 4239 249 4295 msere
265 4241 284 4281 e
