2760 4814
107 444 111 451 Ι
168 361 335 432 Excerpte
353 378 389 417 ex
406 378 474 432 opp.
493 364 520 416 S.
533 362 722 433 Augustini
743 362 979 420 CCLXXXVIIII.
993 361 1093 420 CCXC.
1133 365 1196 433 933

81 554 254 635 :uinsquem
284 554 349 618 ulle
380 556 465 638 origo
495 555 623 636 peccati.
667 554 745 619 haec
769 555 796 618 si
818 554 931 636 sapies,
954 554 1142 638 simpliciter
1163 560 1194 620 et

81 657 220 722 israeiter
243 656 380 739 gratiam
397 655 514 721 Christi
529 674 602 736 erga
620 657 767 739 paruulos
784 656 982 722 confiteberis
998 676 1057 722 nec
1074 659 1194 742 cogeris

81 778 114 824 es
143 758 348 841 impiissimas
379 761 474 841 atque
504 758 742 824 absurdissimas
772 759 881 839 dicere,
912 764 967 825 aut
993 760 1193 844 baptizandos

81 880 127 926 ‚on
161 880 228 926 esse
263 861 420 942 paruulos,
453 861 535 943 quod
569 861 694 943 quidem
727 863 836 945 postea
865 864 941 928 estis
965 863 1045 929 forte
1067 865 1193 949 dicturi,

83 970 120 1032 ιιι
151 969 216 1031 tam
248 986 398 1051 magnum
421 970 648 1032 sacramentum
672 966 718 1030 sie
740 967 772 1030 in
796 968 840 1031 eis
862 986 928 1032 esse
951 968 1134 1047 ludibrium,
1156 972 1193 1033 ιιι

81 1091 99 1134 n
121 1070 274 1136 saluatore
296 1071 504 1154 baptizentur,
528 1072 581 1135 sed
603 1088 665 1135 non
689 1069 858 1145 minentur,
881 1091 900 1136 a
921 1071 1086 1137 liberatore
1107 1070 1192 1136 redi·

81 1178 201 1249 nentur,
236 1175 290 1239 sed
323 1191 383 1239 non
412 1175 594 1251 liberentur,
624 1174 749 1240 lauacro
773 1174 1013 1257 regenerationis
1037 1175 1191 1259 leuentur,

81 1278 119 1342 ed
140 1297 202 1343 non
226 1277 403 1357 abluantur,
434 1277 669 1343 exhorcinentur
692 1281 723 1342 et
746 1277 956 1359 exsufflentur,
980 1279 1034 1344 sed
1063 1280 1188 1360 apute-

80 1382 146 1447 tate
175 1381 376 1448 tenebrarum
406 1402 468 1448 non
499 1384 657 1459 eruantur,
686 1384 730 1447 sit
759 1401 863 1447 eorum
894 1383 1031 1465 pretium
1053 1382 1192 1467 sanguis,

83 1487 115 1550 ui
146 1487 180 1549 in
203 1485 418 1551 remissionem
440 1485 527 1550 fusus
552 1486 599 1549 est
620 1488 829 1567 peccatorum,
852 1486 906 1551 sed
928 1485 1049 1551 nullius
1070 1487 1192 1568 peccati

81 1590 243 1656 emissione
259 1594 448 1673 purgentur3
471 1591 528 1654 hoc
544 1591 645 1655 totum
661 1590 831 1672 propterea,
848 1589 921 1672 quia
936 1590 1058 1655 timetis
1074 1589 1190 1655 dicere:

81 1711 142 1759 non
165 1695 390 1776 baptizentur“,
414 1713 453 1759 ne
475 1710 536 1758 non
558 1695 657 1759 solum
674 1693 770 1760 facies
787 1698 909 1759 uestrae
924 1694 1027 1776 sputis
1043 1694 1189 1759 oblinan-

81 1817 115 1862 ur
150 1796 300 1881 uirorum,
338 1816 448 1862 uerum
484 1798 578 1862 etiam
613 1795 715 1879 capita
748 1798 897 1864 sandaliis
931 1796 1191 1863 muliercularum

81 1901 327 1982 ommitigentur.

104 2021 170 2086 Nos
202 2025 285 2086 certe
315 2039 451 2098 censum,
475 2039 529 2086 cnr
551 2021 609 2086 sub
633 2020 756 2086 diabolo
779 2021 821 2086 sit
843 2023 895 2103 qni
919 2023 1068 2105 nascitur,
1093 2022 1190 2087 donec

81 2125 243 2189 enascatur
274 2125 307 2189 in
334 2124 468 2204 Christo,
491 2126 611 2209 peccati
634 2144 671 2189 ex
692 2124 812 2209 origine
835 2124 969 2190 dicimus
993 2143 1061 2191 esse
1085 2128 1190 2191 conta

84 2229 159 2293 ium.
182 2246 238 2292 uos
261 2231 377 2305 autem,
401 2228 454 2311 qui
477 2228 536 2294 hoc
557 2228 689 2312 negatis,
713 2247 748 2293 ea
769 2229 882 2293 saltem
897 2247 976 2311 quae
992 2232 1099 2312 aperta
1114 2231 1189 2294 sunt

81 2330 238 2409 rtuemini,
271 2350 325 2396 cur
356 2331 500 2396 nonnulli
526 2331 623 2397 etiam
646 2331 829 2397 daemonem
850 2332 1015 2415 patiantur
1043 2331 1188 2397 infantes.

82 2434 124 2499 isi
154 2434 234 2500 sorte
264 2437 295 2499 et
327 2437 409 2517 ipsos
439 2436 494 2501 aut
524 2454 591 2501 esse
621 2439 677 2501 ant
699 2436 757 2501 sub
779 2435 903 2502 diabolo
932 2454 1001 2500 esse
1024 2434 1189 2520 negabitis,

81 2555 118 2603 ec
151 2557 207 2604 uos
242 2538 441 2621 euangelium
475 2538 693 2618 commonebit,
728 2540 780 2604 ubi
814 2538 944 2604 forsitan
978 2541 1103 2622 propter
1131 2557 1189 2607 nos

81 2643 267 2726 rterrogauit
290 2642 433 2707 dominus
456 2640 537 2724 quod
559 2640 688 2720 sciebat,
712 2643 748 2706 ut
769 2643 858 2726 pater
879 2642 968 2723 pueri
989 2644 1188 2724 responderet

81 2744 161 2810 lium
191 2762 284 2810 suum
315 2747 354 2811 ab
384 2744 520 2809 infantia
550 2762 606 2809 sua
628 2745 789 2811 daemonio
813 2749 878 2810 tam
901 2744 992 2829 graui
1014 2746 1128 2823 uexari,
1151 2747 1189 2812 ut

99 2846 219 2913 Christi
242 2848 403 2930 discipulis
426 2865 485 2913 non
507 2850 611 2932 posset
634 2849 755 2932 expelli.
790 2867 858 2915 ecce
880 2866 946 2933 ego,
970 2850 1006 2914 nt
1027 2848 1094 2914 sint
1114 2865 1186 2930 par·

81 2951 126 3017 uli
149 2954 181 3017 in
204 2951 322 3018 diaboli
344 2954 510 3034 potestate,
533 2969 659 3017 censam
682 2952 809 3035 nuptias
832 2970 983 3018 essenon
1005 2954 1081 3036 dico,
1105 2952 1187 3034 quod

81 3072 108 3120 re
130 3054 232 3119 dicero
254 3054 466 3120 calumniaris.
497 3055 625 3137 nnptise
648 3055 775 3137 quidem
798 3054 913 3119 habent
934 3054 1074 3120 ordinem
1094 3073 1187 3121 suum

81 3160 90 3223 ι
113 3157 360 3224 benedictionem
381 3176 472 3223 suam
494 3156 672 3242 bonumque
694 3177 797 3238 suum,
820 3158 902 3240 quod
917 3177 974 3224 nec
989 3159 1187 3225 subintrante

81 3266 184 3327 secato
214 3260 361 3327 amittere
390 3262 570 3346 potuerunt.
604 3264 639 3327 tu
662 3263 778 3345 autem,
801 3279 896 3344 quare
919 3261 961 3326 sit
982 3263 1039 3328 sub
1063 3260 1185 3327 diabolo

80 3365 110 3431 le
141 3367 255 3431 saltem
286 3364 399 3445 infans,
429 3367 483 3447 qui
513 3365 769 3432 manifestissime
791 3370 922 3431 uexatur
943 3385 963 3431 a
984 3364 1118 3445 diabolo,
1140 3364 1187 3431 itu

159 3586 194 3640 20
211 3586 247 3642 cf.
264 3586 345 3640 Marc.
364 3586 390 3653 9,
410 3586 441 3641 17
451 3601 509 3657 sqq.

105 3791 253 3862 bgrstism
271 3790 335 3847 GP:
354 3791 443 3861 gretie
456 3791 483 3845 V
561 3792 770 3848 &exorcizentur
785 3790 839 3847 01²
915 3790 1077 3847 excutientur
1090 3789 1123 3859 V,

89 3877 201 3947 sanguis
223 3877 259 3932 V:
289 3877 429 3947 sanguinis
446 3878 475 3932 P
573 3878 606 3932 10
622 3878 778 3933 remissione
796 3878 825 3933 P
919 3879 953 3932 12
970 3878 1127 3932 oblinuntur
1148 3875 1184 3930 V:

81 3963 221 4018 >linisntur
247 3964 276 4019 P
377 3966 410 4019 15
437 3980 485 4018 nos
509 3966 579 4018 certe
605 3963 671 4020 GP:
705 3979 811 4019 noscere
833 3964 859 4018 V
960 3964 994 4018 16
1020 3962 1120 4033 pseusti
1147 3963 1183 4018 V:

81 4048 210 4120 „peccati
228 4049 309 4113 (cuim
327 4053 392 4114 ros.)
413 4049 441 4104 P
455 4049 527 4103 enim
546 4049 598 4116 6¹3
626 4048 677 4103 deb
697 4048 735 4105 θ’
846 4049 958 4120 origine]
982 4048 1088 4117 origine
1111 4048 1184 4104 enim

81 4135 138 4190 nim
155 4132 360 4203 udd.m.2)G
458 4136 491 4189 17
509 4136 601 4189 saltim
620 4135 648 4189 P
746 4135 946 4190 tauerner:
976 4150 1071 4189 nesure
1088 4135 1117 4190 P

81 4219 218 4290 'equidem
242 4220 276 4275 V:
310 4222 408 4290 quippe
435 4219 489 4276 GP
591 4236 669 4275 suum
686 4244 754 4274 ms*
771 4223 799 4275 et
821 4220 1033 4277 benedictionem
1056 4224 1097 4289 (et
1118 4219 1183 4275 beno

81 4304 167 4371 ιι.)θ
269 4304 304 4361 28
321 4307 411 4361 cultim
430 4307 458 4361 P
