2760 4814
178 282 242 348 552
661 278 823 347 Eueirnii

179 488 238 553 que
269 471 399 554 patitur.
436 467 611 553 praemium
632 469 759 533 uirtutis
783 469 843 533 erit
875 468 940 551 ipse
962 468 1016 549 qui
1040 468 1193 533 uirtutem
1216 467 1303 532 dedit

180 573 268 656 eique
290 592 322 637 se
352 575 465 656 ipsum,
494 589 554 654 quo
583 571 697 655 melius
720 572 752 635 et
774 571 875 636 maius
902 571 982 636 nibil
1003 571 1101 653 possit
1122 588 1201 646 esse,
1232 587 1302 653 pro·

179 677 274 742 misit
310 676 385 758 quid
414 680 462 740 est
491 675 575 740 enim
605 675 690 740 aliud
720 676 800 756 quod
826 693 880 757 per
902 674 1084 756 prophetam
1108 673 1205 739 dixit:
1240 691 1304 739 οπο

180 778 344 844 illorum
367 779 474 863 dens,
497 780 534 842 et
557 776 634 860 ipsi
657 780 771 841 erunt
790 776 888 841 mibi
910 776 1034 860 plebs,
1057 776 1132 842 nisi:
1159 795 1237 863 „ego
1254 795 1304 842 ero

181 882 262 947 nude
290 881 455 962 satientur,
489 897 546 963 ego
576 898 628 945 ero
658 898 870 962 quaecumque
902 881 940 944 ab
971 879 1149 944 bominibus
1176 878 1338 945 honestes

181 985 404 1059 desiderantur,
432 988 464 1048 et
485 984 555 1047 nite
582 989 613 1047 et
641 983 726 1047 salus
748 985 781 1047 et
806 982 909 1048 nictus
931 984 964 1048 et
987 982 1074 1065 eopia
1096 987 1128 1047 et
1150 983 1253 1067 gloria
1274 985 1305 1048 et

182 1087 277 1152 honor
306 1087 337 1151 et
363 1105 420 1168 per
449 1088 480 1151 et
502 1086 607 1150 omnia
628 1084 753 1150 bona“?
775 1087 820 1150 sie
841 1085 926 1151 enim
948 1087 981 1150 et
1003 1085 1081 1149 illud
1103 1089 1188 1151 reete
1210 1087 1305 1151 intel·

180 1190 296 1274 legitur
329 1189 410 1273 quod
432 1190 479 1254 ait
499 1189 675 1270 spostolus:
708 1192 752 1252 nt
774 1186 830 1252 sit
852 1188 945 1252 deus
968 1189 1102 1252 omnia
1123 1189 1162 1253 in
1184 1189 1305 1254 omui·

181 1293 260 1358 bns.
297 1293 365 1375 ipse
398 1292 468 1356 finis
502 1290 562 1355 erit
592 1290 814 1355 desideriorum
848 1294 1033 1367 nostrorum,
1067 1292 1120 1374 qui
1149 1291 1216 1356 sine
1244 1290 1306 1356 line

181 1394 350 1463 uidebitur.
379 1394 447 1458 sine
469 1394 594 1458 fastidio
616 1392 782 1469 amabitur,
809 1395 875 1458 sine
906 1394 1090 1476 fatigatione
1113 1393 1305 1460 laudabitur.
1315 1415 1340 1455 ιο

182 1497 240 1564 hoo
261 1515 385 1573 munus,
408 1496 458 1560 bie
480 1496 619 1572 effeetus,
642 1496 695 1560 bio
709 1497 796 1561 aetus
820 1497 955 1580 pmfeeto
971 1497 1031 1561 erit
1053 1496 1198 1562 omnibns
1223 1498 1306 1562 sient

182 1601 253 1682 ipsa
272 1600 341 1664 nita
363 1600 536 1664 eommunis
557 1600 692 1664 aeterna.

226 1734 371 1803 Cetemm
394 1738 446 1819 qui
469 1736 566 1803 futuri
588 1739 661 1802 sunt
682 1738 875 1822 promeritis
897 1739 1105 1823 praemiorum
1120 1737 1216 1802 etiam
1231 1756 1305 1821 gra·

181 1841 239 1904 dus
273 1840 421 1904 honomm
455 1840 548 1922 atque
585 1840 771 1924 gloriarum,
806 1841 877 1924 quis
912 1843 961 1906 est
992 1843 1122 1907 idonens
1156 1841 1305 1924 rogitare.

183 1943 298 2024 quanto
312 1943 414 2024 magis
430 1944 550 2008 dicere?
567 1947 647 2028 quod
662 1949 767 2010 tamen
784 1945 882 2010 futuri
897 1945 960 2010 sint
972 1964 1033 2010 non
1049 1949 1096 2010 est
1112 1945 1306 2029 ambiguum.
1316 1962 1341 2005 ra

184 2048 276 2128 atque
298 2046 329 2111 id
352 2048 446 2110 etiam
468 2045 561 2111 beata
582 2046 640 2110 illa
662 2046 775 2112 ciuitas
797 2065 948 2131 magnum
971 2049 1055 2113 inse
1078 2034 1195 2112 bonum
1217 2048 1307 2113 nide-

183 2148 240 2226 bit,
264 2149 345 2234 quod
373 2150 453 2215 nulli
482 2150 633 2233 superiori
662 2149 745 2214 ullus
775 2150 902 2214 inferior
932 2150 1095 2233 innidebit‚
1119 2150 1201 2214 sient
1225 2168 1308 2215 nune

184 2269 245 2316 non
278 2252 421 2318 innident
453 2252 647 2332 archangelis
679 2253 784 2336 angeli
818 2252 931 2331 eeteri3
967 2254 1094 2335 tamque
1124 2252 1211 2318 nolet
1242 2272 1308 2319 esse

184 2358 391 2439 unusquisqne
421 2357 502 2439 quod
532 2375 593 2420 non
623 2358 751 2437 aceepit,
782 2357 924 2436 quamuis
947 2356 989 2419 sit
1011 2357 1211 2438 pacatissimo
1235 2375 1307 2421 eon·

184 2458 305 2524 cordiae
328 2459 453 2525 nineulo
475 2460 504 2522 ei
527 2459 580 2540 qui
602 2459 724 2541 aceepit
737 2457 917 2540 obstrietus,
940 2477 1034 2540 quem
1057 2477 1112 2523 nee
1133 2460 1343 2541 incorporeis

185 2563 255 2626 uult
284 2561 390 2626 oeulos
420 2580 485 2627 esse
519 2563 570 2644 qui
601 2565 647 2627 est
679 2562 807 2647 digitus,
841 2582 911 2627 enm
942 2565 1116 2627 membrum
1138 2565 1308 2645 utrumque

186 2662 342 2729 contineat
375 2665 470 2729 totius
504 2666 604 2731 earnis
638 2667 748 2747 pacata
777 2684 935 2749 compago.
973 2665 1018 2730 sie
1049 2664 1156 2746 itaque
1178 2664 1309 2730 habebit

185 2769 299 2833 donum
315 2767 394 2832 alius
408 2767 469 2833 alio
491 2768 605 2846 minus,
629 2772 665 2832 ut
680 2768 738 2833 hoe
757 2786 877 2850 quoque
893 2769 1008 2833 donum
1029 2767 1151 2845 habeat,
1174 2786 1214 2833 ne
1230 2768 1310 2834 uelit

185 2872 327 2955 emplius.

286 3122 303 3175 3
322 3120 385 3176 Len.
403 3120 446 3184 26,
465 3120 498 3175 12
599 3121 649 3175 81
667 3119 725 3176 Cor.
744 3122 785 3185 15,
802 3119 838 3175 28

237 3356 373 3424 lpatitnr
390 3354 491 3409 AMV:
519 3353 638 3423 patietur
657 3352 726 3408 GPo
813 3353 932 3423 eoique]
952 3351 1042 3420 etqui
1062 3350 1132 3406 GPu
1217 3353 1312 3419 posset

185 3444 211 3497 A
314 3442 411 3511 dipse
434 3442 462 3495 P
561 3440 637 3509 pleps
665 3441 709 3494 Ge
809 3438 938 3507 deopia]
960 3439 1038 3506 euple
1059 3439 1085 3489 A
1188 3435 1311 3506 tideus]

185 3544 235 3583 om.
258 3529 286 3583 P
387 3529 404 3581 9
427 3528 484 3597 qui]
508 3541 559 3596 que
583 3525 650 3581 6¹1>
752 3525 785 3578 10
807 3525 864 3579 sine
882 3525 1046 3593 fatigatione
1068 3520 1236 3591 laudabitur]
1255 3537 1310 3578 mn.

185 3615 211 3669 A
314 3615 346 3668 11
371 3613 416 3668 hie
438 3614 522 3684 setus]
546 3629 596 3668 om.
622 3611 676 3668 G¹o
777 3612 899 3680 profectu
921 3610 948 3664 P
1051 3610 1083 3663 12
1107 3608 1259 3663 cummunis
1281 3610 1312 3662 A

187 3702 253 3757 (ΙΨ
356 3700 388 3754 13
411 3699 511 3768 grodna
529 3699 557 3766 (d
575 3714 610 3754 ex
627 3701 641 3752 t
658 3701 739 3763 eurr.)
762 3699 789 3751 A
893 3698 926 3751 15
948 3696 1015 3764 sint]
1042 3698 1105 3750 sunt
1129 3694 1241 3749 AGP¹e

185 3786 343 3857 ambignum
371 3785 446 3840 MV:
475 3784 665 3853 ambigendum
693 3782 792 3838 AGPu
894 3782 927 3835 16
953 3783 1034 3849 atque
1057 3780 1094 3851 id]
1119 3785 1151 3834 ut
1174 3778 1313 3849 quodibi

188 3874 242 3929 G'o
326 3870 440 3942 uidebit]
459 3870 570 3925 habebit
589 3869 627 3925 θ’
715 3869 745 3924 17
766 3867 835 3937 quod
847 3866 1106 3936 nulli-innidebit]
1125 3883 1175 3921 om.
1193 3866 1241 3920 Μ’

185 3958 309 4014 inferior·
328 3959 346 4021 (i
359 3962 426 4020 ras.)
444 3957 480 4011 M
501 3956 621 4010 inferiori
637 3956 664 4008 V
748 3955 781 4009 18
798 3953 917 4022 tamque]
935 3956 1072 4021 tamqnam
1093 3952 1136 4007 Ga
1223 3952 1314 4007 nollet

187 4045 270 4103 G¹Pa
360 4045 393 4098 19
411 4043 579 4112 pacatissimo
600 4041 637 4097 6¹
728 4041 763 4095 20
780 4041 816 4109 ei]
836 4043 866 4093 et
884 4039 967 4095 &¹1²0
1056 4039 1154 4107 accipit
1172 4039 1240 4094 ΑΨ

186 4131 275 4203 quam]
293 4135 346 4201 qud
365 4131 404 4185 θ’
488 4129 520 4182 21
540 4130 601 4197 qui·
617 4132 641 4195 (s
658 4132 725 4196 raa.)
745 4128 772 4183 G
862 4126 897 4180 22
914 4129 1015 4196 pagata
1032 4126 1133 4194 (gine
1150 4128 1314 4191 comm)

189 4221 215 4275 G
317 4216 490 4285 cumpungunt
591 4215 626 4269 23
643 4215 684 4284 ne]
703 4231 750 4269 nee
769 4213 888 4270 suffe
989 4212 1069 4266 uellit
1086 4210 1115 4266 P
