2760 4814
273 319 437 386 llxcerpte
455 334 490 371 ex
508 333 577 385 opp.
595 317 622 371 S.
640 317 719 385 Aug.
739 314 914 372 cccxuvll.
932 314 1123 372 cooxuvrn.
1178 319 1259 385 1097

132 508 319 590 adimpletio
349 508 410 572 nisi
437 507 515 590 legis
537 507 721 589 plenitudo?
749 507 831 589 quod
858 525 930 590 ergo
953 507 997 571 ibi
1019 506 1111 573 dixit:
1135 509 1259 590 pleni·

133 615 230 678 tudo
251 612 353 694 legis
376 613 538 688 ueritus,
564 612 622 677 hoc
638 610 733 677 etiam
750 611 803 675 hic
818 610 912 676 dixit:
937 610 1033 675 linis
1055 613 1260 694 praecepti

134 716 198 781 est
226 716 384 781 caritas.
430 735 487 781 nec
513 715 651 781 dubitari
673 715 738 780 ullo
761 717 850 780 modo
873 715 982 796 potest,
1005 715 1087 795 quod
1109 716 1262 797 templum
1320 748 1323 760 ι

135 819 188 883 dei
211 818 255 882 sit
275 818 376 902 homo,
399 819 432 883 in
455 839 514 902 quo
536 820 658 884 habitat
680 820 804 884 caritas.
834 819 912 884 dicit
933 820 1063 884 enimet
1092 819 1262 885 Iohannes:

112 922 231 987 edens
261 922 410 988 caritas
440 926 510 987 est.
547 923 622 987 haec
650 926 757 987 autem
784 921 922 986 dicentes
950 922 1083 1004 apostoli
1114 927 1145 986 et
1173 925 1262 989 nobis

136 1025 280 1091 caritatis
313 1025 526 1090 excellentiam
561 1027 812 1090 commendantes
847 1043 908 1089 non
942 1025 1050 1107 utique
1083 1025 1168 1091 aliud
1201 1026 1261 1091 nisi

137 1131 220 1212 quod
248 1131 443 1194 comederant
472 1131 614 1193 ructuare
648 1128 827 1211 potuerunt.
873 1127 939 1209 ipse
971 1128 1085 1211 quippe
1117 1129 1262 1195 dominns

137 1248 268 1314 pascens
290 1250 341 1298 eos
364 1232 458 1297 uerbo
481 1231 603 1307 salutis,
628 1230 724 1296 uerbo
746 1231 897 1308 caritatis,
920 1232 1000 1313 qood
1023 1237 1072 1296 est
1093 1233 1158 1313 ipse
1173 1236 1261 1315 panis

138 1337 242 1413 uiuus,
272 1337 326 1418 qui
348 1336 386 1400 de
408 1335 492 1401 caelo
520 1335 696 1400 descendit:
723 1336 959 1415 mandatum,
982 1335 1095 1418 inquit,
1119 1353 1261 1401 nouum

102 1440 186 1504 rodo
207 1440 334 1516 uobis,
356 1443 399 1504 ut
421 1457 490 1504 uos
512 1439 686 1503 inuicem
713 1437 917 1520 diligaris,
934 1440 1111 1504 etiterum:
1134 1441 1171 1504 in
1193 1441 1262 1505 hcc
1328 1487 1331 1492 -

139 1544 270 1608 scient
292 1561 429 1621 omnes,
453 1541 754 1625 quiadiscipuli
776 1543 851 1606 mei
874 1543 990 1625 estis,
1013 1544 1046 1607 si
1068 1562 1138 1608 uos
1160 1544 1262 1608 inui-

139 1665 224 1711 cem
246 1646 486 1712 dilexeritis.
523 1645 579 1710 ille
601 1645 686 1710 enim
708 1646 759 1727 qui
782 1646 869 1709 uenit
890 1664 946 1728 per
968 1647 1067 1711 crucis
1089 1646 1263 1711 irrisionem

139 1749 243 1814 carnis
274 1749 426 1831 perimere
459 1750 688 1830 corruptionem
721 1750 752 1812 et
786 1749 976 1813 uetustatem
1010 1750 1125 1814 uinculi
1155 1750 1263 1815 mortis

138 1859 262 1917 nostrae
290 1870 363 1915 suae
391 1850 504 1916 mortis
532 1852 671 1916 nouitate
701 1849 880 1926 dissoluere‚
911 1852 1055 1915 mandate
1085 1869 1163 1915 nouo
1190 1853 1265 1918 fecit

105 1954 295 2019 chominem
329 1971 454 2017 nouum.
492 1970 539 2017 res
568 1953 651 2018 enim
680 1956 769 2017 uetus
798 1956 873 2030 erat,
903 1961 939 2016 ut
967 1952 1058 2017 homo
1081 1956 1262 2019 moreretur.

139 2059 221 2141 quod
245 2077 283 2122 ne
305 2076 427 2139 semper
449 2057 568 2122 ualeret
588 2056 622 2120 in
645 2056 779 2131 homine,
802 2074 852 2120 res
871 2075 951 2121 noua
967 2057 1047 2122 lacta
1062 2062 1120 2135 est,
1136 2061 1172 2123 ut
1187 2061 1261 2123 deus

140 2165 319 2226 mereretur.
357 2164 410 2227 sed
431 2161 506 2244 quia
526 2161 560 2224 in
582 2178 673 2225 carne
698 2163 838 2226 mortuus
860 2163 918 2238 est,
946 2178 1007 2224 non
1030 2160 1063 2223 in
1086 2159 1261 2240 diuinitate,

138 2286 195 2349 per
216 2266 440 2348 sempiternam
461 2265 562 2330 uitam
584 2264 761 2329 diuinitatis
783 2282 842 2328 non
859 2263 1002 2344 permisit
1017 2282 1081 2328 esse
1097 2264 1262 2346 sempiter-

138 2387 216 2434 num
238 2371 400 2434 interitum
423 2368 536 2433 carnia.
572 2366 687 2449 itaque,
704 2369 786 2433 sicut
801 2366 879 2430 dicit
895 2366 1063 2446 apostolus,
1086 2370 1263 2431 mortuus

108 2475 198 2536 uest
232 2474 388 2552 propter
422 2469 574 2534 delicta
608 2471 739 2534 nostra
771 2469 810 2533 et
847 2468 1068 2532 resurrexit
1104 2473 1265 2550 propter

138 2573 486 2640 iustificationem
509 2575 697 2636 nostram.
736 2571 788 2653 qui
811 2588 884 2654 ergo
908 2572 1015 2636 contra
1036 2573 1145 2636 mortis
1172 2574 1265 2637 uetu-

138 2680 258 2744 statem
287 2675 397 2742 uttnlit
426 2677 509 2741 uitae
546 2676 728 2752 nouitatem,
761 2676 827 2757 ipsc
856 2678 963 2739 contra
992 2679 1081 2740 uetus
1103 2676 1264 2757 peccatum

139 2780 270 2864 opponit
292 2798 407 2845 nouum
431 2777 622 2843 mandatum.
660 2781 845 2861 quapropter
868 2777 1009 2860 quisquis
1033 2782 1123 2843 uetus
1152 2796 1261 2861 pecca-

137 2887 210 2949 tum
240 2885 287 2947 uis
317 2882 506 2964 extinguere,
534 2882 679 2946 mandato
712 2898 792 2945 nouo
822 2880 968 2962 extingue
995 2880 1198 2963 cupiditatem
1234 2887 1265 2945 et

104 2989 329 3070 reamplectere
366 2985 540 3051 caritatem.
582 2986 664 3049 siout
701 2987 784 3048 enirn
821 2984 908 3049 radix
945 2983 1083 3048 omnium
1114 2985 1265 3048 malorum

139 3089 306 3171 cupiditas,
329 3089 374 3153 ita
396 3089 481 3153 radix
504 3087 643 3153 omnium
666 3089 817 3152 bonorum
847 3088 969 3153 caritas.

184 3212 297 3276 Totum
319 3211 518 3275 latitudinem
540 3215 572 3273 et
598 3209 848 3291 magnitudinem
870 3208 1048 3273 diuinorum
1076 3210 1265 3290 eloquiorum

245 3397 412 3464 5110.4‚8
503 3396 680 3462 910.13‚34
772 3396 963 3462 1010.13,35
1058 3395 1091 3447 19
1110 3393 1221 3457 Romd,
1235 3393 1269 3446 nt

196 3567 385 3636 ladimpletio
402 3567 456 3619 nisi
476 3567 550 3621 GM:
581 3564 824 3635 adimpletionisQ
925 3567 943 3620 3
966 3569 1054 3634 potest
1076 3565 1150 3619 GM:
1180 3566 1269 3633 potest

140 3656 222 3709 homo
251 3653 274 3721 Q
376 3654 393 3706 6
416 3652 598 3705 excellentiae·
622 3651 645 3722 Q
748 3653 763 3705 7
787 3656 905 3706 mouere
923 3655 953 3718 (n
971 3657 1036 3717 ros.)
1060 3650 1097 3704 M
1123 3649 1269 3720 ructareQ

140 3739 312 3794 eructureG
408 3739 500 3808 dipse
520 3738 592 3793 GM:
622 3755 671 3792 ont
694 3737 716 3807 Q
813 3738 985 3808 9inquidQ
1089 3735 1121 3789 12
1144 3737 1216 3790 enim
1234 3738 1271 3791 Μ

142 3829 180 3899 Qz
210 3842 274 3895 ergo
294 3826 320 3880 G
407 3826 440 3878 ld
457 3825 585 3894 perimere
605 3824 669 3878 GM
672 3842 678 3875 ε
708 3823 889 3893 perhibereQ
975 3825 1215 3889 numerarentur
1235 3839 1269 3877 ex

140 3915 251 3980 ἰσων.)
271 3911 298 3967 θ
395 3911 427 3965 16
445 3910 564 3963 homines
584 3909 621 3964 θ’
720 3910 751 3963 17
770 3908 958 3964 morireturG
1051 3924 1130 3963 carne
1149 3913 1210 3973 (une
1229 3909 1269 3974 in)

144 4001 168 4070 Q
272 4023 298 4052 u
315 3997 460 4052 diuinitate
482 3996 521 4063 (in
538 3998 604 4060 ros.)
630 3995 652 4065 Q
764 3994 798 4048 20
820 3995 964 4049 resurrexit
989 3994 1061 4050 GM:
1090 3996 1268 4049 resurrexitu

141 4085 257 4139 mortuis
277 4083 300 4153 Q
393 4083 428 4136 24
446 4081 593 4151 cupiditate
614 4080 638 4151 Q
728 4082 761 4136 25
780 4070 926 4149 amplecto?
943 4085 983 4146 (re
999 4080 1064 4135 odd.
1081 4098 1115 4135 ru
1128 4085 1157 4149 2)
1177 4082 1203 4137 G

140 4169 447 4237 malorum-omnium]
471 4184 522 4223 orn.
546 4168 573 4224 G
676 4168 708 4220 27
734 4167 904 4222 latitudinem
928 4171 956 4220 et
980 4167 1195 4236 magnitudinem
1222 4166 1259 4220 Μ
1263 4183 1270 4215 =

141 4255 359 4325 magnitudinem
377 4260 406 4309 ot
424 4254 598 4309 latitudinem
616 4253 801 4319 (altitudinem
822 4253 859 4317 G)
879 4252 930 4322 GQ
