2760 4814
134 352 177 420 38
618 349 787 419 Eugippii

135 559 191 627 per
213 541 370 624 seipsam
399 541 448 605 est
480 539 563 624 apud
591 540 814 606 aesomnium
844 538 1099 622 philosophorum
1129 555 1192 604 auct

135 644 256 712 tatibus
278 642 404 709 firmior.
428 645 461 708 et
481 641 561 708 illud
584 643 710 726 quidem
730 645 768 708 de
789 642 962 710 uirtutibus
977 646 1009 707 et
1024 643 1112 708 uitiis
1129 643 1155 706 si
1178 660 1191 708 u

137 748 216 816 citer
237 747 362 826 dieitur,
384 764 446 813 non
470 747 519 815 esi
542 762 729 828 consequens
752 748 789 811 ut
804 750 930 830 propter
946 747 1003 812 hee
1018 746 1124 812 omnia
1139 764 1190 829 pec

136 852 202 917 sint
216 851 314 934 paria.
337 868 411 916 nam
426 848 506 916 illud
522 849 559 915 de
581 848 850 933 inseparabilitate
872 852 1038 929 uirtutum,
1062 849 1120 915 etsi
1136 849 1190 915 ion

136 953 237 1032 l’allor,
270 954 378 1019 tamen
407 953 566 1020 sinerum
599 952 739 1034 memini,
770 953 852 1037 qued
875 954 928 1018 uin
951 954 1089 1030 memini,
1120 971 1190 1018 omn

136 1055 328 1142 philosophis
350 1057 479 1140 placuit,
511 1059 565 1141 qui
588 1058 713 1123 easdem
736 1056 870 1122 uirtutes
893 1057 1031 1140 agendae
1055 1059 1139 1121 uitae
1161 1075 1188 1120 m

135 1160 232 1226 sarias
255 1178 323 1226 esse
342 1157 496 1228 duerunt.
530 1161 589 1227 hcc
611 1161 715 1226 auam
740 1162 777 1226 de
799 1161 959 1244 parilitate
982 1165 1183 1243 peecatorum

136 1265 228 1329 stoici
257 1264 327 1330 ausi
356 1269 432 1329 sunt
454 1265 615 1347 disputare
638 1267 746 1331 centra
770 1282 895 1330 emnem
916 1282 1043 1331 sensnm
1065 1265 1184 1346 generis

135 1367 229 1432 mani.
267 1385 361 1451 quam
391 1386 497 1434 acrum
527 1367 701 1432 uanitatem
729 1367 762 1431 in
784 1367 947 1433 Iouinianc
977 1366 1044 1442 illo,
1076 1365 1185 1449 quiin

136 1472 293 1537 sententia
322 1472 437 1537 stoicus
467 1475 543 1547 erat,
574 1472 605 1536 in
636 1471 829 1552 aucupandis
857 1475 963 1536 autem
985 1471 1018 1534 ei
1040 1468 1186 1534 defensita

136 1573 352 1656 uoluptatibus
388 1575 564 1657 epicureus,
602 1577 640 1640 de
676 1575 840 1658 seripturis
878 1572 997 1639 sanctis
1035 1571 1185 1638 dilucidis

136 1676 308 1743 conuicisti.
352 1676 386 1741 in
418 1696 480 1759 qua
514 1679 570 1743 tua
599 1677 789 1742 suauissima
819 1682 851 1742 et
881 1676 1131 1760 praeclarissima
1155 1673 1185 1740 di

135 1779 253 1846 latiam
291 1778 368 1845 satis
404 1779 564 1846 euidenter
607 1781 751 1864 apparuit
793 1798 852 1845 non
894 1779 1045 1862 placuisse
1082 1779 1184 1843 auctor

136 1885 259 1959 nestris,
282 1883 334 1951 uel
355 1883 415 1968 ipsi
437 1884 541 1966 potins
570 1903 647 1968 quae
668 1903 723 1966 per
745 1901 796 1948 ecs
826 1883 931 1949 locuta
959 1884 1008 1947 est
1035 1881 1174 1958 ueritati,

135 1985 189 2053 nia
224 1988 312 2071 paria
344 2004 410 2052 sesa
446 1990 583 2070 peccata.
635 1987 787 2070 quomedo
836 1990 940 2052 antem
985 1986 1053 2051 fieri
1085 1984 1183 2066 pessit

136 2091 231 2155 etiam
247 2091 273 2155 si
295 2091 353 2154 hoe
369 2090 406 2155 ds
421 2089 591 2156 uirtutibus
614 2109 724 2155 uerum
746 2094 804 2169 est,
829 2108 889 2155 nen
908 2096 1013 2155 tamen
1028 2089 1097 2153 ideo
1115 2105 1183 2172 cogi

136 2192 230 2259 lateri
264 2192 484 2276 aequalitatem
519 2194 661 2259 omnium
695 2196 907 2277 peccaterum,
946 2192 1098 2275 quantum
1137 2208 1182 2274 per

133 2296 302 2361 adiuuante
339 2295 464 2361 domine
493 2296 614 2378 aperire
642 2298 782 2362 conabor.
821 2297 902 2379 quod
929 2296 957 2360 si
980 2295 1117 2372 effecero,
1152 2313 1181 2377 ap

134 2397 242 2474 babis;
273 2398 327 2464 ubi
356 2416 468 2465 causae
498 2400 633 2480 defuero,
664 2403 700 2464 tn
723 2400 892 2484 supplebis.
931 2403 1013 2464 certe
1035 2397 1109 2462 hinc
1132 2415 1181 2479 per

133 2501 207 2566 dent
242 2501 296 2583 qui
328 2518 424 2566 unam
457 2503 610 2568 uirtutem
643 2502 788 2568 habuerit
818 2502 930 2567 habere
960 2519 1068 2567 omues
1092 2504 1124 2566 et
1157 2518 1180 2566 c:

134 2602 238 2668 deesse
268 2605 319 2670 cui
347 2623 411 2670 una
438 2605 583 2684 deluerit,
613 2596 695 2688 quod
723 2606 890 2690 prudentia
919 2624 973 2672 nee
995 2605 1110 2688 ignaua
1132 2623 1180 2670 nee

133 2706 216 2773 insta
248 2727 305 2774 nec
337 2710 549 2792 intemperans
587 2710 692 2791 potest
725 2728 808 2793 esse;
845 2709 969 2774 namsi
1001 2707 1121 2791 aliquid
1149 2708 1179 2773 he

133 2810 238 2894 iuuerit,
261 2812 425 2895 prudentia
448 2831 509 2878 non
532 2811 602 2880 erit.
636 2830 726 2895 porro
750 2814 778 2877 ei
801 2812 965 2896 prudentia
988 2817 1065 2880 tune
1085 2811 1154 2888 erit,

133 2914 223 2979 fortis
253 2918 286 2981 et
315 2915 399 2982 iusta
429 2915 461 2980 et
490 2919 667 2998 temperans
697 2915 748 2996 sit,
784 2916 921 2998 profecte
944 2915 998 2982 ubi
1031 2915 1126 2980 fuerit
1157 2934 1178 2981 sl

133 3017 227 3084 habet
249 3021 376 3085 ceteras.
412 3019 458 3083 sio
479 3022 512 3083 et
534 3018 687 3084 fortitude
711 3019 892 3104 imprudens
914 3038 980 3085 esse
1002 3038 1063 3085 nun
1085 3020 1178 3103 petest

133 3119 344 3203 intemperans
373 3121 425 3187 usl
452 3119 580 3186 iniusta.
617 3122 664 3187 sie
685 3122 893 3206 temperantia
914 3140 1037 3189 necesse
1060 3126 1107 3189 est
1129 3126 1164 3185 nt

132 3223 218 3306 dens,
242 3223 333 3290 fortis
356 3226 388 3290 et
409 3225 495 3290 iusta
516 3225 568 3292 sit.
608 3227 655 3293 sic
677 3227 801 3297 iustitia
823 3247 883 3295 nen
907 3228 964 3304 est,
989 3228 1017 3293 si
1039 3247 1100 3294 nen
1122 3226 1164 3292 sit

132 3327 220 3406 dens,
249 3327 340 3395 tortis
368 3331 400 3395 et
422 3333 608 3414 temperans.
643 3331 689 3397 ita
711 3332 765 3398 ubi
788 3349 863 3398 uera
885 3333 934 3398 est
956 3330 1062 3414 aliqua
1083 3348 1176 3395 carun

237 3516 266 3569 11
285 3515 393 3571 Hieron.
412 3520 482 3572 cent.
501 3518 588 3573 leuin.
608 3518 656 3576 lib.
676 3518 704 3574 11

183 3685 274 3754 lipsa
290 3687 356 3741 6¹1*
439 3689 563 3743 omnibns
576 3688 673 3745 D’PY
756 3688 817 3743 2de
830 3690 907 3744 uitiis
919 3689 1061 3744 D¹GPTv
1145 3689 1163 3744 3

133 3770 160 3827 T
260 3773 520 3830 summarios?
621 3774 783 3829 'idixerant
810 3776 846 3829 Μ
946 3774 1087 3831 listoichi
1105 3781 1132 3830 et
1157 3776 1175 3828 ll

129 3856 206 3913 ithus
232 3857 299 3912 MV
330 3859 428 3914 sthciei
459 3861 485 3915 Τ
612 3860 629 3914 9
655 3860 762 3915 icuiane
791 3862 825 3915 θ’
957 3862 989 3917 10
1015 3859 1174 3918 accubendis

130 3943 284 3999 accurandis
311 3943 350 4001 θ’
453 3947 623 4003 delensandie
641 3948 675 4018 (it
694 3946 810 4018 delli*
910 3951 942 4004 11
967 3950 1108 4019 ephicurue
1131 3947 1174 4004 M*

130 4028 163 4085 la
187 4029 330 4085 condedisti
359 4032 393 4087 T'
499 4033 530 4087 14
554 4033 666 4102 loquuta
688 4033 751 4089 ΜΡ
785 4039 898 4105 sequuta
920 4035 994 4104 Vpr.
1100 4035 1132 4090 18
1155 4047 1174 4088 s:

130 4116 467 4174 c¹u1P¹V¹effleereV²
559 4119 722 4176 sonabant
743 4120 779 4175 V‘
870 4121 902 4176 21
922 4123 1018 4191 ignara
1039 4122 1075 4176 V²
1165 4119 1174 4174 i

128 4200 212 4257 merit
234 4201 337 4260 DGPc
427 4205 462 4260 24
483 4205 568 4261 iortes
591 4206 629 4261 Ρι
720 4208 946 4263 usnimands
1036 4206 1070 4263 28
1092 4209 1134 4262 ita
1152 4209 1174 4262 el

129 4287 184 4343 P'c
288 4303 377 4343 eornm
396 4290 434 4345 P¹
