2760 4814
237 330 400 401 Excerpta
415 347 452 386 ex
469 344 539 400 opp.
558 332 585 390 S.
602 331 791 401 Augustini
814 332 1004 389 cccxxxvi
1101 333 1184 399 1071

53 522 169 589 melius
204 521 278 587 hinc
313 522 432 602 dubito,
469 541 562 607 quam
594 524 683 588 uelut
705 524 826 588 certum
856 524 1035 589 confirmare
1068 521 1185 605 aliquid

54 626 164 703 audeo,
188 625 270 709 quod
292 624 341 690 illi
364 626 409 691 rei
431 627 474 691 sit
495 626 575 692 forte
592 626 794 703 contrarium,
818 628 856 692 de
871 645 933 710 qua
947 625 1091 692 dubitare
1106 624 1186 691 forte

55 748 120 795 non
142 728 248 794 debeo.

99 849 147 915 Tu
170 850 285 932 itaque,
310 848 355 915 mi
377 848 474 913 frater
495 849 585 928 bone,
609 849 757 932 quoniam
780 849 918 915 consulis
941 869 991 913 me
1013 849 1047 913 et
1069 850 1128 928 nis,
1150 852 1187 914 ut

31 971 155 1019 sunum
185 951 297 1017 horum
328 951 486 1028 definiam,
516 955 622 1017 utrum
652 951 775 1017 animae
797 956 916 1017 ceterae
939 969 1045 1017 omnes
1069 970 1105 1018 ex
1127 950 1185 1018 illo

57 1072 119 1123 uno
153 1054 278 1120 homine
310 1054 392 1119 sicut
414 1072 539 1136 corpora
560 1074 615 1137 per
636 1056 839 1139 propaginem
862 1073 901 1119 au
925 1054 991 1119 sine
1013 1052 1185 1138 propagine

57 1159 141 1224 sient
162 1157 247 1223 illius
269 1158 361 1223 unius
376 1178 396 1221 a
411 1160 545 1223 creatore
568 1159 700 1240 singulis
723 1159 853 1223 fiant—
869 1158 988 1242 abipso
1006 1157 1091 1222 enim
1104 1155 1184 1234 fieri,

57 1262 125 1327 siue
139 1259 185 1325 sic
200 1260 268 1324 siue
281 1262 336 1341 sic,
348 1277 406 1325 non
420 1278 571 1343 negamus
585 1298 628 1307 —
642 1262 756 1343 patere,
773 1265 810 1325 ut
824 1262 917 1326 etiam
934 1262 1000 1343 ipse
1015 1260 1186 1338 consulam,

57 1364 211 1449 quomodo
234 1364 308 1429 inde
330 1363 436 1429 anima
458 1367 620 1445 peccatum
642 1362 839 1446 originaliter
860 1363 973 1443 trehet,
990 1365 1073 1428 unde
1089 1362 1185 1447 origi·

21 1467 172 1533 sonaliter
194 1467 264 1549 ipsa
280 1483 342 1530 non
359 1465 505 1531 trahitur.
535 1483 642 1531 omnes
659 1467 742 1532 enim
757 1467 879 1532 animas
896 1487 931 1535 ex
947 1470 1049 1535 Adam
1064 1466 1187 1532 trahere
1209 1465 1211 1470 '

59 1570 212 1654 originale
234 1575 396 1654 peecatum
418 1571 562 1636 similitor
584 1590 646 1636 non
668 1590 827 1654 negamus,
853 1591 893 1637 ne
922 1572 955 1636 in
983 1569 1188 1654 Pelagianam
1264 1594 1267 1599 ·

58 1673 218 1740 haeresem
241 1672 458 1739 detestabilem
481 1672 710 1739 detestabiliter
731 1675 936 1740 incurramus.
977 1676 1003 1738 si
1025 1673 1085 1738 hoc
1106 1674 1189 1756 quod

58 1795 114 1860 ego
137 1777 292 1858 interrogo
315 1795 371 1840 nee
395 1777 429 1841 tu
452 1776 524 1855 scis,
549 1777 616 1842 sine
632 1798 683 1843 me
705 1780 860 1861 patienter
875 1782 1042 1858 utromque
1057 1774 1187 1844 nescire.

58 1878 140 1963 quod
175 1882 212 1942 tu
245 1877 416 1962 interrogas
450 1883 481 1943 et
514 1880 596 1961 quod
628 1898 695 1963 ego.
733 1882 758 1945 si
790 1886 895 1945 autem
927 1880 988 1945 iam
1017 1879 1077 1942 scis
1106 1876 1187 1959 quod

26 2006 50 2049 ιι
58 1983 227 2064 interrogo,
249 2000 320 2046 cum
343 1980 401 2047 hoc
423 1984 518 2048 etiam
540 2002 590 2047 me
613 1984 761 2059 docueris,
784 1986 860 2048 tunc
882 1986 913 2048 et
936 1982 1015 2047 illud
1038 1980 1120 2064 quod
1135 1980 1185 2045 uis

58 2086 95 2149 ut
126 2083 327 2165 respondeam
348 2084 427 2149 nihil
450 2084 495 2149 ibi
518 2084 582 2149 iam
605 2088 747 2150 metuens
770 2085 973 2167 respondebo.
1010 2087 1081 2166 peto
1104 2100 1187 2166 ergo,

58 2205 98 2252 ne
128 2204 317 2264 suscenseas,
349 2186 423 2269 quia
450 2206 510 2252 non
541 2187 627 2269 potui
654 2187 836 2253 confirmare
862 2189 944 2270 quod
974 2187 1109 2269 quaeris,
1133 2184 1187 2251 sed

57 2290 149 2373 pothi
179 2288 391 2355 demonstrare
419 2291 494 2371 quid
522 2308 661 2372 quaeres.
690 2289 771 2372 quod
794 2310 863 2356 cum
888 2289 1053 2367 inueneris,
1076 2287 1186 2354 confir·

56 2411 147 2459 mare
170 2411 231 2457 non
259 2392 384 2458 dubites
406 2392 487 2474 quod
510 2391 689 2475 quaerebas.

22 2540 50 2581 ro
101 2514 145 2580 Et
181 2512 239 2578 hoc
275 2514 401 2596 quidem
438 2514 598 2579 sanctitati
636 2517 707 2579 tuae
743 2514 941 2579 scribendum
975 2513 1094 2595 putaui,
1133 2512 1187 2595 qui

56 2618 262 2701 propaginem
278 2616 455 2682 animarum
470 2615 532 2681 iam
547 2616 635 2699 quasi
648 2621 749 2683 certus
765 2617 1001 2700 improbandam
1018 2615 1186 2682 existimas.

56 2720 200 2787 ceterum
226 2719 254 2784 si
275 2718 339 2784 illis
368 2719 421 2802 qui
448 2719 527 2784 hano
562 2724 703 2784 asserunt
726 2721 957 2785 rescribendum
980 2720 1099 2797 luisset,
1123 2718 1187 2782 lor-

55 2822 154 2888 tassis
176 2823 384 2902 ostenderem,
409 2824 671 2905 quemadmodum
694 2823 726 2888 id
749 2825 828 2906 quod
844 2843 878 2889 se
893 2842 982 2890 nosse
997 2823 1188 2889 arbitrantur

55 2926 217 3010 ignorent,
248 2927 289 3009 et,
320 2945 358 2990 ne
380 2926 438 2990 hoc
459 2945 593 2992 asserere
617 2929 774 3007 auderent,
798 2932 915 3010 quanta
937 2928 1056 2992 ratione
1078 2925 1187 2990 lormi-

17 3030 136 3101 adare
159 3031 305 3096 deberent
332 3031 535 3096 ostenderem.

112 3318 128 3372 7
151 3318 269 3389 singulis
293 3319 328 3374 V:
358 3320 473 3388 singulis
497 3320 621 3389 singulae
644 3336 662 3373 a
766 3321 798 3373 11
821 3319 952 3389 originale
969 3336 1000 3372 o:
1029 3318 1186 3386 originalem

59 3424 87 3479 V
191 3423 226 3477 22
244 3423 439 3478 rescribendum
457 3439 490 3476 u:
521 3424 544 3477 si
562 3423 729 3478 scribendum
752 3422 776 3477 V
878 3422 912 3477 25
928 3422 1095 3478 ostenderem
1112 3422 1189 3477 MV:

51 3544 108 3585 om.
128 3542 147 3581 a
