2760 4814
166 330 331 399 Excerpta
348 346 384 384 er
402 344 471 400 opp.
490 329 516 384 S.
535 329 724 397 Augustini
741 327 928 384 ccxxvnn.
946 327 1074 384 CLXXX.
1121 327 1185 396 605

57 519 144 584 sistit
166 518 282 584 ueritas
304 518 420 585 tahbus
443 517 548 582 dietis.
584 536 643 583 uon
667 518 750 582 enim
772 517 874 603 homo,
897 517 951 600 qui
974 517 1085 585 habuit
1107 519 1185 585 duos

58 620 148 702 filios,
179 639 310 705 quorum
338 620 441 687 minor
471 623 596 702 accepta
624 624 711 702 parte
740 619 923 702 patrimonii
954 622 1004 687 sui
1025 621 1184 705 profectus

58 729 105 791 est
127 727 160 790 in
182 723 339 807 regionem
361 722 572 808 longinquam,
599 727 631 788 et
645 725 757 801 cetera,
781 741 858 806 quae
880 725 913 788 ιιι
935 723 992 790 illa
1007 725 1184 791 narratione

58 830 275 904 contexuntur,
313 827 361 892 ita
396 827 551 904 dicuntur,
585 830 744 909 tamqnam
778 846 850 891 uere
887 826 982 893 fuerit
1018 829 1184 913 quisquam

38 932 161 1015 rhomo,
185 931 239 1013 qui
260 931 319 997 hoe
342 932 374 996 iu
396 929 470 996 filiis
492 930 557 995 suis
580 930 701 996 duobus
718 933 775 995 aut
797 949 908 1013 passus
929 932 972 997 sit
986 933 1043 998 aut
1064 932 1184 998 lecerit.

59 1034 132 1100 ficta
153 1037 230 1099 suut
251 1050 323 1116 ergo
345 1033 409 1099 ista
422 1033 461 1098 ad
484 1052 551 1098 rem
566 1034 724 1116 quandam
740 1031 979 1117 significandam
1003 1040 1070 1100 tam
1092 1036 1187 1120 longe

59 1140 184 1220 alteque
205 1137 354 1203 maiorem
377 1140 410 1201 st
431 1138 497 1202 tam
528 1135 815 1219 incomparabiliter
838 1136 1042 1220 differentem,
1074 1143 1109 1203 ut
1130 1157 1187 1222 per
1260 1182 1265 1197 ,

60 1241 154 1306 illum
186 1239 294 1306 fictum
325 1238 482 1305 hominem
506 1242 580 1305 deus
604 1259 696 1306 uerus
722 1240 937 1325 intellegatur.
974 1242 1057 1307 sicut
1080 1245 1187 1307 autem

60 1345 154 1424 dicta,
188 1343 236 1408 ita
268 1343 363 1408 etiam
397 1341 481 1408 facta
514 1342 677 1427 finguntur
709 1344 775 1408 sine
801 1344 961 1411 mendacio
983 1347 1021 1411 ad
1046 1343 1186 1426 aliquam

29 1466 128 1513 rorem
161 1445 408 1530 significandam.
450 1446 532 1512 uude
566 1450 612 1511 est
644 1447 741 1512 etiam
775 1447 854 1512 illud
884 1447 1022 1514 eiusdem
1056 1446 1186 1526 domini,

61 1551 145 1634 quod
174 1551 207 1615 in
236 1548 287 1615 fici
316 1551 424 1616 arbore
454 1549 591 1614 fructum
621 1551 775 1632 quaesiuit
798 1567 832 1615 ao
864 1552 1014 1634 tempore,
1045 1567 1106 1634 quo
1129 1548 1189 1616 illa

61 1672 154 1738 poma
186 1652 324 1718 noudum
357 1652 472 1718 essent.
510 1671 571 1719 uon
605 1653 689 1717 enim
722 1653 854 1719 dubium
883 1658 930 1720 est
963 1655 1054 1720 illam
1083 1652 1187 1736 inqui·

62 1756 209 1824 sitiuuem
238 1775 298 1822 non
329 1754 425 1821 inisse
455 1774 570 1821 ueram.
610 1755 712 1839 quinis
735 1757 817 1821 enim
845 1756 1005 1823 homiuum
1028 1758 1133 1836 sciret,
1161 1757 1189 1822 si

63 1879 123 1926 non
148 1858 322 1937 diuinitate,
353 1857 405 1923 nel
427 1861 564 1941 tempore
586 1875 680 1940 poma
704 1858 795 1925 illam
817 1859 958 1926 arborem
981 1879 1043 1927 nou
1064 1860 1187 1927 habere.

34 1963 148 2030 arbetio
177 1963 284 2048 igitur,
314 1978 392 2044 quae
419 1962 458 2026 ad
480 1961 618 2045 aliquam
641 1963 808 2028 ueritatem
831 1962 971 2040 refertur,
1003 1963 1103 2049 figura
1124 1963 1188 2047 esc,

64 2085 143 2150 quae
165 2085 226 2133 non
249 2065 390 2146 refertur,
414 2065 611 2130 mendacium
633 2067 691 2130 est
727 2066 802 2148 quid
832 2085 905 2148 ergo
928 2066 1084 2150 significat
1105 2067 1189 2150 quod

64 2189 96 2235 ee
118 2172 163 2236 irc
185 2170 309 2254 lougius
331 2169 474 2235 domiuus
496 2168 596 2244 finxit,
620 2186 691 2234 cnm
714 2173 916 2236 comitaretur
937 2168 1112 2252 discipulis,
1136 2189 1188 2234 ex·

65 2291 182 2356 ponens
205 2273 254 2338 eis'
271 2277 395 2337 sanctas
418 2273 599 2356 scripturas,
627 2276 733 2338 utrum
754 2277 819 2356 ipse
842 2278 924 2338 esset
946 2272 1190 2358 ignorantibus?

66 2377 140 2459 quid
170 2377 329 2459 putamus,
363 2375 425 2440 nisi
455 2375 527 2457 quia
556 2375 782 2457 hospitalitatis
812 2375 914 2440 officio
947 2374 986 2440 ad
1018 2393 1108 2440 snam
1135 2391 1189 2439 co·

36 2479 242 2563 agnitionem
256 2478 416 2561 peruenire
432 2493 520 2559 possa
536 2476 676 2542 homines
698 2476 883 2542 intimauitl
904 2477 950 2553 ut,
974 2494 1045 2542 cum
1067 2476 1190 2560 longius

66 2583 133 2665 ipse
154 2581 194 2647 ab
216 2579 395 2647 homiuibus
425 2579 610 2645 abscesserit
631 2598 726 2661 super
748 2598 853 2645 omnes
875 2580 985 2659 caelos,
1016 2583 1122 2645 tamen
1143 2580 1192 2645 ita

66 2703 138 2750 cum
160 2684 206 2748 eis
227 2686 268 2749 sit
302 2685 356 2766 qui
384 2684 460 2750 haec
490 2684 638 2749 exhibant
667 2684 765 2749 seruis
795 2683 871 2764 eius,
906 2688 951 2763 ut,
987 2703 1058 2751 cnm
1087 2684 1191 2751 dicare

66 2786 243 2874 coeperint:
274 2787 442 2872 domiue,
474 2789 624 2870 quaudo
653 2793 693 2854 te
721 2787 897 2853 uidimus
927 2787 1132 2870 hospitem
1153 2791 1192 2853 et

66 2891 318 2958 adduximus?
351 2894 513 2973 tamquam
539 2910 610 2957 eum
640 2891 759 2956 seilicet
787 2892 840 2973 qui
869 2890 961 2975 longe
990 2895 1191 2975 abscesserat,

34 2995 251 3081 srespondeat
283 2994 355 3060 ille:
390 3011 471 3059 oum
504 2995 571 3060 nni
605 3014 647 3059 er
680 2994 857 3060 minimis
891 2998 988 3059 meis
1023 2993 1190 3060 fecistis.

67 3101 156 3165 tenet
177 3114 249 3182 argo
271 3096 443 3180 Christum,
474 3116 513 3162 ne
536 3097 660 3180 longius
682 3099 721 3163 ab
746 3097 802 3162 illo
826 3099 882 3175 eat,
914 3097 1054 3180 quisquis
1077 3097 1191 3163 cataci-

67 3202 156 3269 rutus
179 3201 274 3267 uerbo
295 3201 331 3266 iu
353 3200 495 3266 omuibus
518 3199 606 3268 bonis
630 3200 659 3266 ei
673 3200 726 3284 qui
748 3219 781 3265 se
797 3200 946 3266 cateciaat
968 3200 1191 3279 communicat3

66 3305 151 3372 sicut
195 3304 354 3388 apostolus
392 3305 485 3370 dicit:
531 3305 790 3369 communicet
834 3304 901 3387 qui
943 3303 1194 3369 catacizatur

68 3409 186 3475 uerbo
208 3407 243 3472 ei
265 3407 333 3490 qui
356 3425 394 3472 se
417 3410 615 3475 cateciaat
642 3408 679 3473 iu
707 3405 886 3473 omnibus
913 3406 1041 3486 bonis,
1077 3407 1109 3471 et
1131 3406 1193 3472 alio

172 3587 188 3640 1
205 3584 240 3640 ci.
259 3585 321 3640 Luc.
341 3586 381 3652 lb,
401 3586 502 3641 11-32
593 3588 623 3640 ll
643 3586 678 3642 ci.
697 3586 777 3642 Marc
797 3586 889 3652 11,13
980 3585 1132 3643 2311ιιιιιι.
1151 3585 1194 3653 25,

65 3670 103 3727 ffl
204 3671 240 3727 th
257 3671 357 3727 hlatth
374 3672 416 3740 25,
433 3673 469 3727 40
571 3672 605 3728 28
622 3672 682 3729 Gal.
700 3674 759 3737 6,6

119 3835 267 3905 tonorum
286 3840 313 3901 (ο
330 3853 349 3890 ιι
365 3838 433 3892 ost
451 3838 483 3892 ios
495 3838 562 3904 rae.)
581 3837 609 3892 P
709 3835 1094 3906 dillum1illu·(droa.)P

65 3921 561 3988 emmmoooeaucorrmff
648 3923 679 3978 11
693 3921 855 3977 arboremV
944 3922 1130 3993 quo]quodP

68 4006 104 4064 12
120 4011 192 4063 οισι
208 4008 237 4063 P
338 4009 371 4064 14
388 4009 465 4064 illam
483 4027 513 4064 uz
541 4010 591 4064 illa
608 4011 675 4064 libri
778 4010 810 4066 li
829 4009 867 4081 ee]
885 4007 909 4063 si
927 4010 967 4064 P¹
1070 4007 1196 4063 domiuus

66 4093 180 4164 lougius
205 4093 251 4150 Pu
352 4096 534 4166 comitaretur]
561 4099 723 4151 comearetur
751 4095 786 4150 P¹
889 4095 923 4150 21
945 4095 1011 4165 ipse]
1036 4109 1128 4150 οων

65 4181 105 4236 24
121 4180 178 4251 qui]
196 4183 226 4236 et
242 4181 324 4252 quio
420 4180 455 4237 26
472 4183 651 4237 cathacizatos
669 4182 697 4236 P
722 4182 918 4237 cateriuaturc
1013 4181 1047 4236 21
1065 4181 1198 4237 audac

74 4266 103 4322 V
126 4265 275 4323 cutheciaat
293 4267 321 4321 P
346 4268 509 4325 cateaimto
610 4269 645 4324 29
662 4269 696 4339 eil
714 4269 751 4324 P
768 4269 799 4323 ia
815 4283 871 4325 rue.
