2760 4814
188 348 252 414 232
673 345 841 415 Eusiouii

189 537 226 601 ut
248 535 306 602 hoc
328 552 363 601 ex
386 535 431 601 eis
455 535 596 601 futurum
617 541 700 601 esset
721 537 803 620 quod
827 536 947 603 facturo
969 535 1159 620 placuisset?
1184 535 1212 600 si
1236 535 1320 600 euim

188 638 245 703 illo
275 641 365 706 modo
395 639 574 717 dixerimus,
609 639 720 724 incipit
748 639 857 705 coutra
886 640 970 723 ipsas
994 639 1112 705 iactum
1135 638 1235 703 uideri
1257 657 1320 705 uou

188 743 290 808 solum
314 742 410 809 etiam
433 741 510 809 illud
528 743 662 826 deaque
684 743 793 809 uiuum
812 744 868 809 sed
885 743 917 808 et
931 743 1035 808 omnia
1056 742 1218 824 miracula,
1241 760 1320 824 quae

191 846 301 911 coutm
329 850 460 911 naturae
490 846 643 911 usitatum
673 864 799 913 cursum
829 845 923 925 fiuut;
953 846 980 910 si
1004 848 1109 910 autem
1132 845 1193 909 isto
1217 845 1318 922 modo,

189 949 291 1015 multo
313 950 374 1015 erit
397 950 560 1016 absurdius
587 952 665 1017 istas
693 951 776 1033 ipsas
800 949 974 1015 cotidianas
996 952 1126 1014 naturae
1150 949 1265 1013 formas
1287 953 1355 1012 ets

188 1052 305 1135 species
340 1058 449 1119 contra
481 1053 554 1120 illas
585 1053 749 1136 primarias
783 1053 922 1118 omnium
954 1053 1147 1119 uescentium
1177 1052 1319 1116 causales

188 1157 326 1222 rationes
349 1176 475 1223 suorum
498 1161 678 1239 temporum
699 1175 847 1241 peragere
868 1155 980 1239 spatia.
1011 1156 1109 1220 restat
1124 1170 1198 1236 ergo
1218 1155 1256 1218 ut
1278 1153 1319 1218 ad

188 1263 356 1344 utrumque
377 1260 505 1326 modum
526 1260 647 1326 habiles
670 1260 792 1325 creatae
813 1260 886 1334 siut,
909 1259 977 1324 siue
995 1259 1034 1323 ad
1055 1258 1151 1322 istum
1168 1274 1228 1339 quo
1251 1257 1317 1322 usi·

188 1362 343 1429 tutissime
373 1363 557 1447 temporalia
582 1365 813 1440 transcurrunt,
844 1363 911 1427 siue
934 1361 973 1427 ad
996 1360 1087 1425 illum
1111 1378 1170 1443 quo
1192 1379 1263 1425 rura
1286 1363 1318 1427 et

188 1466 347 1533 mirabilia
369 1467 459 1546 liunt,
490 1467 571 1533 sicut
594 1469 650 1534 deo
679 1467 781 1533 facere
806 1465 959 1550 placuerit
983 1464 1064 1548 quod
1087 1463 1219 1545 tempori
1243 1481 1352 1530 oon-ro

187 1573 290 1652 gruat.

230 1671 347 1738 Verum
377 1674 482 1737 tamm
513 1672 558 1739 sic
591 1672 692 1740 factus
728 1675 775 1738 est
808 1674 909 1756 homo,
951 1672 1212 1756 quemadmodum
1242 1673 1318 1738 illae

187 1775 306 1858 primae
337 1794 447 1842 causae
469 1775 628 1841 habebant
651 1779 685 1842 ut
706 1778 795 1843 fieret
817 1778 935 1860 primus
957 1777 1057 1854 homo,
1083 1795 1174 1859 quem
1197 1793 1258 1842 uon
1281 1795 1318 1841 ex

187 1879 368 1962 parentibus
391 1879 487 1960 uesci,
512 1882 564 1965 qui
587 1882 667 1946 uulli
691 1882 935 1964 praecesseraut,
958 1881 1011 1946 sed
1029 1881 1068 1945 de
1089 1881 1166 1947 iimo
1188 1879 1318 1945 formari

188 1984 347 2066 oportebat
363 1986 532 2050 secuudum
551 1986 708 2051 causalem
730 1987 893 2064 rationem,
915 1985 950 2048 iu
967 2002 1027 2066 qua
1048 1983 1198 2066 primitus
1212 1981 1317 2048 factus
1328 2008 1351 2049 ιι

187 2088 264 2152 erat.
303 2106 376 2154 uam
399 2089 427 2153 si
449 2090 542 2154 aliter
570 2091 670 2155 factus
694 2093 752 2168 est,
781 2108 843 2154 nou
867 2107 939 2153 eum
961 2088 1038 2152 deus
1061 2088 1094 2151 iu
1117 2086 1244 2152 illorum
1266 2104 1318 2151 ser

187 2190 308 2256 dierum
330 2193 473 2275 operibus
496 2193 622 2259 fecerat.
654 2194 686 2258 iu
710 2193 822 2277 quibus
845 2210 917 2258 eum
940 2191 1057 2256 dicitur
1078 2191 1190 2267 tactus,
1215 2190 1318 2273 ipsam

187 2311 313 2359 causam
335 2295 444 2379 utique
460 2295 577 2362 iecerat
592 2296 675 2376 deus,
699 2314 761 2378 qua
776 2297 842 2361 erat
856 2313 911 2361 suo
927 2296 1066 2377 tompore
1081 2295 1173 2358 homo
1189 2292 1316 2358 orturus

187 2399 220 2462 et
242 2398 412 2464 secuudum
436 2417 530 2482 quam
553 2401 654 2467 iuerat
670 2400 708 2466 ab
731 2400 787 2465 illo
811 2399 973 2465 faciendus
995 2400 1048 2481 qui
1072 2396 1222 2463 simulet
1243 2412 1317 2462 con·

186 2506 400 2566 summoueret
422 2503 566 2569 inchoata
587 2505 712 2586 propter
729 2502 952 2587 perfectionem
968 2501 1142 2566 causalium
1156 2499 1351 2567 rationumro

186 2608 218 2666 et
242 2603 441 2669 inchoauorat
470 2609 714 2672 consummanda
741 2608 866 2690 proptor
895 2605 1035 2670 ordinem
1065 2608 1252 2686 temporum.
1289 2605 1317 2667 si

187 2723 261 2790 ergo
284 2705 317 2770 iu
340 2706 405 2772 illis
429 2711 538 2790 primis
553 2727 657 2774 rorum
674 2712 785 2791 causis,
808 2726 886 2792 ques
902 2708 1018 2773 mundo
1032 2707 1179 2790 primitus
1195 2708 1317 2772 creator

185 2808 326 2889 inseruit,
360 2828 420 2874 nou
451 2812 574 2876 tautum
602 2813 707 2894 posuit
740 2813 822 2895 quod
857 2812 999 2878 delimo
1027 2811 1218 2877 formaturus
1248 2811 1317 2876 orat

183 2911 339 2977 hominem
363 2912 535 2979 sedetiam
563 2916 823 2996 quemadmodum
857 2916 1056 2995 formaturus,
1092 2916 1199 2979 utrum
1232 2915 1317 2979 sicut

185 3014 218 3079 iu
240 3015 352 3080 matris
374 3019 461 3082 utero
485 3034 524 3082 au
546 3017 579 3082 iu
601 3018 702 3083 forma
729 3018 877 3096 iuuenali,
906 3019 1014 3101 procul
1043 3017 1138 3082 dubio
1160 3017 1207 3082 sio
1228 3016 1350 3095 fecitis

184 3121 220 3182 ut
249 3117 319 3185 illio
348 3119 548 3205 praefixerat3
585 3139 686 3204 usque
716 3122 797 3186 euim
829 3121 936 3185 contra
965 3120 1199 3204 dispositorem
1223 3137 1316 3185 suam

185 3220 311 3288 fecerat.
349 3224 376 3289 si
405 3227 510 3290 autem
541 3224 607 3290 uim
641 3225 766 3290 tautum
796 3223 841 3289 ibi
873 3225 978 3308 posuit
1014 3223 1243 3306 possibilitatis,
1279 3225 1316 3288 ut

186 3325 278 3391 homo
301 3326 401 3412 fieret,
425 3346 546 3411 quoquo
569 3330 659 3394 modo
682 3327 779 3413 fieret,
802 3332 838 3393 ut
853 3333 885 3393 et
903 3330 948 3394 sio
962 3330 994 3394 et
1008 3329 1052 3395 sic
1073 3332 1186 3413 posset,
1209 3327 1242 3392 id
1266 3333 1316 3393 est

235 3512 322 3568 lucu
335 3519 401 3582 post
417 3513 539 3570 futurum
551 3515 618 3571 add.
637 3517 664 3571 Τ
746 3515 812 3571 escit
828 3514 869 3571 D¹
956 3512 1244 3587 tactur01iactoriD¹

183 3597 310 3668 2ipsao
395 3601 480 3656 uidire
496 3602 538 3657 D¹
623 3601 798 3657 5absordius
814 3601 855 3657 D¹
943 3603 1075 3673 depecies
1091 3608 1153 3670 post
1169 3600 1232 3657 illas
1249 3600 1316 3656 odd.

182 3683 257 3758 DPo
360 3686 524 3757 ductiones]
542 3687 689 3743 rationales
707 3688 775 3744 PTo
871 3687 1103 3744 Shabitebileso
1200 3688 1314 3759 creone]

183 3773 319 3827 creatorae
333 3771 362 3827 P
444 3774 894 3830 Strauscuuruut-mirebiliaom.
908 3776 966 3830 D'o
1052 3791 1118 3845 quos
1132 3776 1160 3830 P
1245 3775 1315 3846 rara]

183 3872 253 3926 aqua
270 3857 299 3913 P
395 3859 428 3914 12
445 3861 646 3928 quemammodo
662 3862 704 3915 1)ι
802 3862 835 3915 14
853 3861 908 3932 sed]
928 3848 998 3917 siP
1093 3862 1124 3915 16
1142 3861 1209 3931 erat]
1228 3860 1368 3925 fuerat,

183 3944 211 3998 P
303 3945 336 3999 18
354 3944 474 4000 facturus
491 3944 550 4000 DP
643 3947 674 4000 19
692 3947 827 4002 faciendos
845 3947 882 4002 P¹
975 3948 1009 4002 20
1026 3947 1160 4001 rationem
1179 3947 1249 4001 D¹P

183 4029 217 4083 22
230 4030 384 4086 creatu1D¹
454 4035 488 4087 23
501 4032 626 4104 inscruit]
640 4034 804 4089 instituitT
871 4033 1091 4089 furmaturusD²
1167 4034 1201 4089 24
1213 4034 1315 4105 utrum]

182 4116 214 4168 ut
232 4131 327 4171 curuo
428 4116 463 4173 25
485 4115 599 4173 formam
617 4119 740 4173 iuuenale
763 4119 804 4173 D¹
907 4118 941 4173 27
965 4120 1064 4173 faceret
1080 4118 1191 4174 D²PTo
1221 4119 1318 4174 facerit

182 4200 224 4255 D¹
323 4202 516 4272 possobilitatis
533 4204 575 4259 D¹
679 4205 713 4260 28
731 4205 804 4260 derit
821 4206 860 4260 1)ι
960 4206 1074 4276 quoquo]
1093 4220 1175 4274 quoco
1192 4205 1235 4260 D¹
1262 4222 1317 4275 quo

182 4288 211 4342 P
316 4289 402 4360 possit
419 4289 449 4346 D
1044 4318 1046 4323 ·
