2760 4814
268 346 433 417 Exaerpta
451 362 487 401 ex
504 363 574 417 opp.
593 348 618 403 S.
638 349 827 417 Augustini
851 348 910 403 266.
932 348 990 403 267.
1134 348 1198 416 795

58 538 184 621 parenti
206 537 347 620 prolique
363 538 535 604 eommunis
553 574 592 584 -
609 540 689 603 unde
704 557 759 603 neo
773 556 886 621 parens
907 538 1105 623 intellegitur
1129 556 1195 604 esee

60 658 120 707 nee
143 640 245 723 proles
260 640 430 705 —babeat
452 641 483 706 iu
507 640 566 705 hau
587 640 727 725 imagine
750 642 898 724 aliquam,
922 642 997 708 16666
1020 642 1110 707 ualde
1133 643 1195 706 im-

61 763 170 827 parem
192 744 438 809 similitudinem
460 744 592 827 spiritus
615 745 731 810 sancti:
755 746 951 823 nontamen,
975 745 1057 810 siout
1079 747 1111 809 in
1135 747 1199 810 istu

60 846 202 929 imagine
235 847 389 912 trinitatis
419 866 479 912 non
509 848 584 913 haee
613 850 675 914 tria
697 866 778 913 unns
800 849 910 926 homo,
944 848 998 913 sed
1022 847 1115 912 unius
1138 848 1195 912 ho-

39 950 156 1015 aminis
185 954 277 1033 sunt,
307 951 390 1016 i'ta
382 970 415 1014 m
444 952 513 1033 ipsa
541 971 663 1017 summa
692 952 852 1033 trinitate,
883 952 969 1017 euius
991 952 1100 1015 6666
1092 967 1196 1033 rmago

62 1055 120 1123 666.
145 1053 237 1115 unius
261 1050 310 1115 (166
331 1056 406 1117 6666
391 1052 520 1119 661166
507 1055 582 1131 6666,
613 1054 667 1117 sed
690 1072 771 1118 unus
794 1055 870 1119 deus
892 1057 950 1133 666,
981 1057 1099 1117 666666
1121 1055 1196 1116 6666

60 1154 153 1235 61166,
183 1174 241 1219 666
274 1173 336 1219 una
364 1173 505 1237 persona.
539 1158 619 1237 quod
648 1174 721 1220 6666
751 1155 903 1221 mirabilit
890 1162 938 1220 ter
965 1154 1124 1219 ineffabile
1147 1158 1195 1217 666

60 1258 113 1322 661
138 1258 338 1323 ineffabiliter
366 1258 524 1335 mirabile,
561 1277 633 1322 oum
666 1259 708 1323 666
737 1278 799 1324 6666
823 1277 953 1342 6666666
980 1258 1057 1322 6666
1090 1257 1194 1339 imago

61 1360 228 1443 trinitatis,
253 1363 320 1442 6666
350 1381 423 1426 6666
446 1381 568 1426 summa
591 1362 721 1427 trinitas
745 1367 808 1427 tres
832 1380 980 1443 personae
999 1361 1081 1439 6666,
1112 1360 1195 1425 inse·

23 1497 51 1537 ιο
61 1464 232 1549 6666661666
256 1468 303 1530 est
327 1465 385 1530 illa
407 1466 532 1531 trinitas
554 1484 756 1547 personarum
774 1468 872 1530 trium
887 1484 981 1547 quam
996 1464 1072 1528 baeu
1092 1462 1195 1528 unius.

61 1569 120 1632 6116
143 1568 257 1649 quippe
287 1569 322 1631 in
344 1572 455 1634 natura
478 1569 668 1645 diuinitatis,
693 1571 758 1632 siue
787 1567 820 1632 id
844 1568 955 1631 melius
986 1566 1102 1631 dieitur
1130 1566 1195 1631 dei-

60 1671 150 1753 tatis,
174 1672 255 1752 quod
285 1673 343 1750 666,
374 1672 433 1736 666
456 1678 503 1737 666
531 1674 625 1754 atque
653 1671 952 1737 incommutabiliter
986 1671 1067 1735 inter
1095 1689 1128 1735 se
1158 1686 1196 1735 66

60 1792 185 1855 semper
208 1774 347 1856 aequalis
372 1778 491 1840 estnec
514 1776 682 1858 aliquando
706 1793 765 1840 non
783 1775 845 1839 suit
860 1778 915 1838 aut
938 1775 1030 1839 aliter
1054 1773 1116 1839 suit
1138 1792 1195 1838 neo

59 1876 230 1959 aliquando
253 1895 314 1941 non
337 1879 398 1942 erit
420 1880 476 1943 aut
499 1880 592 1943 aliter
615 1880 683 1943 erit.
708 1881 769 1943 ista
791 1897 864 1943 6666
880 1878 951 1951 6666,
968 1897 1045 1958 quae
1065 1877 1139 1940 sunt
1161 1877 1194 1940 66

21 1980 177 2062 „impari
200 1981 346 2063 imagine,
382 1984 439 2046 etsi
475 2002 535 2047 non
567 1981 660 2053 loeis,
697 1982 844 2063 quoniam
869 2000 927 2045 non
952 1983 1025 2043 sunt
1054 1997 1194 2061 corpora,

59 2088 168 2147 666666
198 2083 279 2147 66666
307 2102 339 2147 66
362 2104 443 2149 nuno
473 2085 504 2148 in
528 2085 590 2149 6666
612 2086 679 2148 uita
701 2083 971 2165 magnitudinibus
1001 2084 1194 2164 separantur.

58 2186 269 2268 nequeenim
293 2189 365 2269 quia
387 2190 485 2252 moles
510 2187 614 2252 nullae
638 2187 681 2251 ibi
705 2193 787 2265 6666,
817 2187 884 2251 ideo
908 2200 967 2250 non
995 2184 1139 2249 uidemus
1162 2185 1195 2250 in

58 2288 122 2353 alio
157 2291 306 2353 maiorem
336 2310 402 2355 esse
432 2291 615 2355 memoriam
646 2310 739 2373 quam
774 2290 1034 2373 intellegentiam,
1068 2292 1100 2353 in
1130 2289 1194 2354 alio

59 2395 179 2467 eontra,
210 2392 241 2455 66
270 2394 331 2457 6166
360 2394 420 2458 duo
450 2394 527 2458 6666
561 2394 677 2458 amoris
708 2394 923 2477 magnitudine
945 2391 1095 2476 superari,
1126 2392 1193 2455 siue

18 2496 127 2567 „sint
150 2494 220 2577 ipsa
243 2497 303 2559 duo
326 2497 409 2560 666666
433 2516 464 2561 66
487 2499 627 2578 aequalia
649 2496 717 2560 66666
741 2514 801 2561 666
825 2498 889 2560 6666
913 2496 1064 2578 aequalia,
1099 2501 1194 2578 atque

59 2600 107 2664 ita
132 2602 165 2663 66
188 2617 207 2662 6
229 2598 363 2681 singulis
380 2599 454 2664 bina
477 2602 508 2663 et
530 2599 646 2664 666666
666 2600 792 2681 singula
814 2604 846 2663 at
869 2599 1035 2682 asingulis
1058 2598 1195 2683 singula,

60 2700 232 2766 maioribus
248 2703 370 2767 minora
386 2706 565 2768 uincuntur.
584 2705 615 2768 66
630 2705 752 2786 quando
768 2704 850 2768 inter
866 2722 898 2769 66
915 2702 1056 2785 aequalia
1078 2703 1196 2769 fuerint

60 2808 101 2872 ab
124 2805 211 2869 omni
234 2805 383 2889 languore
406 2808 525 2884 666666,
550 2825 607 2871 666
622 2810 698 2871 tuno
721 2806 906 2889 aequabitur
928 2806 973 2871 rei
997 2808 1110 2871 natura
1131 2806 1194 2871 im-

57 2908 208 2973 mutabili
240 2926 364 2992 66666,
387 2928 466 2991 quae
494 2929 550 2992 per
572 2912 707 2993 gratiam
730 2928 789 2973 non
819 2908 1004 2984 mutabitur,
1038 2910 1193 2989 quianon

15 3016 215 3093 „aequatur
237 3015 380 3076 ereatura
395 3014 536 3089 creatori,
560 3016 592 3077 et
613 3013 736 3095 quando
760 3012 799 3077 ab
822 3013 907 3076 omni
930 3012 1078 3095 languore
1101 3028 1193 3076 sana-

58 3114 160 3191 bitur,
183 3115 371 3179 mutabitur.

104 3217 165 3283 Sed
187 3218 269 3281 bano
291 3238 352 3282 non
376 3220 478 3283 solum
501 3219 727 3301 incorporalem
749 3237 858 3283 uerum
885 3219 980 3282 etiam
1003 3235 1125 3281 summe
1149 3217 1195 3280 in·

57 3320 268 3403 separabilem
302 3341 437 3405 uereque
476 3322 710 3387 immutabilem
743 3322 928 3397 trinitatem,
966 3338 1038 3385 oum
1072 3320 1195 3384 uenerit

58 3423 152 3500 uisio,
168 3442 247 3506 quae
271 3425 376 3489 faeie
399 3428 443 3490 661
465 3425 606 3489 faciem
630 3424 719 3490 nobis
735 3424 942 3507 promittitur,
958 3423 1059 3488 multo
1077 3422 1192 3487 elarius

12 3526 240 3610 aocertiusque
269 3527 457 3611 uidebimus,
481 3547 574 3610 qnam
598 3547 681 3593 nuno
710 3530 775 3593 eius
803 3528 992 3611 imaginem,
1027 3527 1108 3608 quud
1139 3544 1194 3591 nos

163 3688 424 3755 6616661616

112 3835 280 3891 46666666
301 3836 377 3890 (ι’Ῥε
405 3835 469 3890 bueo
487 3835 614 3903 (61666666
630 3836 667 3904 G)
688 3837 742 3890 G'o
828 3838 926 3891 566666
948 3835 1012 3890 GP:
1039 3850 1125 3890 ormo

56 3942 75 3995 9
95 3939 153 3995 arnt
171 3938 228 3995 oo
257 3942 323 3993 sunt
340 3940 369 3993 P
462 3939 634 4008 insepabilior
652 3940 693 4005 (ra
711 3938 776 3993 666
793 3955 829 3993 m
841 3938 918 4007 2)G
1017 3938 1048 3991 11
1068 3937 1195 3991 diuitutis

55 4026 101 4091 (ni
119 4024 184 4079 66161.
201 4042 237 4080 m
255 4029 324 4094 2)o
427 4024 461 4079 12
484 4025 739 4079 iuoommotabiliter
762 4025 791 4078 P
894 4024 1014 4078 17661666
1036 4024 1113 4079 G’P:
1143 4039 1196 4078 om.

58 4112 119 4167 G'v
204 4111 321 4165 uidimus
340 4111 368 4164 P
461 4110 518 4165 18·
511 4127 540 4165 66
558 4110 612 4165 6166
631 4113 724 4165 contra
744 4109 859 4164 G'P:
851 4127 879 4163 66
898 4110 952 4163 6166
970 4112 1078 4164 econtra
1098 4109 1173 4164 0²·
1165 4126 1194 4163 ru

54 4197 116 4255 alio
127 4196 185 4253 loeo
195 4198 252 4251 tria
264 4196 303 4253 θ’
313 4198 345 4251 in
356 4212 409 4267 666.
427 4198 562 4251 eoontrao
630 4196 665 4250 22
677 4196 824 4250 maioribus
838 4197 905 4250 GP:
923 4212 940 4249 6
952 4196 1097 4251 maioribus
1109 4214 1126 4251 6

54 4286 94 4341 23
113 4286 211 4337 notun
223 4282 302 4338 G¹P=
329 4284 442 4337 naturae
459 4282 513 4337 O’u
598 4282 633 4337 28
650 4282 829 4337 oumuenerit
843 4280 899 4336 Ge:
926 4283 1081 4336 conuenerit
1098 4280 1126 4335 P
