2760 4814
273 324 436 393 Exaerpta
454 340 489 378 ex
507 339 578 393 opp.
596 324 622 378 S.
641 323 828 393 Augustini
850 322 979 379 ccxuss.
1128 323 1188 389 781

59 536 132 581 enm
157 516 274 600 genuit,
305 518 341 581 ut
363 517 459 581 etiam
482 516 520 580 de
542 516 598 581 illo
621 515 737 581 donum
767 533 931 581 commune
958 518 1135 600 procederet
1157 521 1189 582 ot

60 621 192 702 spiritus
214 623 340 684 sauctus
363 619 494 701 spiritns
517 622 597 684 esset
623 619 795 684 amborum.
830 637 891 684 non
914 622 962 683 est
989 619 1086 702 igitur
1108 621 1189 687 aoei-

62 721 177 804 pianda
198 723 405 802 transeunter,
429 724 483 789 sed
499 721 665 806 diligenter
682 722 834 787 intuenda
856 721 1073 805 inseparabilis
1095 725 1188 789 trini·

61 826 139 891 tatia
168 825 230 891 ista
258 825 430 891 distinctio.
469 824 542 890 hino
571 824 654 890 enim
679 825 800 890 laetum
828 824 887 901 est,
923 827 958 888 ut
986 824 1110 907 proprie
1139 827 1189 892 dei

38 928 197 994 :uerbum
227 929 322 994 etiam
353 928 405 993 dei
434 927 589 1010 sapientia
617 927 780 1004 diceretur,
816 946 888 992 eum
910 929 952 992 sit
980 928 1134 1010 sapientie
1157 931 1189 993 et

63 1036 153 1116 pater
176 1035 208 1097 et
231 1034 360 1115 spiritns
383 1035 519 1097 sanctus.
543 1033 571 1096 si
587 1031 794 1114 ergoproprio
817 1029 935 1113 aliquid
959 1032 1069 1096 horum
1091 1031 1189 1096 trium

61 1137 176 1201 naritus
195 1138 401 1217 nuncupanda
423 1136 479 1210 ost,
503 1136 575 1217 quid
600 1134 715 1215 aptius,
739 1151 833 1215 qnam
856 1135 892 1198 ut
912 1134 971 1198 hoo
994 1134 1036 1197 sit
1058 1133 1189 1214 spiritns

61 1242 211 1304 sanetus?
239 1240 330 1305 utin
354 1239 412 1304 illa
433 1237 569 1322 simplici
604 1256 789 1320 summaque
822 1238 934 1302 natura
955 1256 1014 1302 non
1038 1239 1079 1302 ait
1102 1236 1189 1303 aliud

62 1341 242 1408 substantia
264 1347 295 1408 et
318 1343 403 1408 alind
426 1342 554 1418 caritas,
587 1341 640 1406 sed
663 1340 840 1407 substantia
867 1340 935 1424 ipsa
956 1341 999 1406 sit
1022 1341 1135 1406 caritas
1158 1341 1191 1405 et

25 1445 177 1511 seneritas
201 1447 269 1531 ipsa
290 1445 475 1523 substantia,
506 1445 552 1511 ita
574 1444 641 1509 siue
664 1445 697 1509 in
719 1446 808 1528 patro
835 1444 902 1510 siue
923 1444 957 1508 in
979 1444 1044 1509 filio
1066 1445 1134 1510 sine
1155 1444 1190 1509 in

62 1549 179 1634 spiritu
202 1552 325 1627 sanoto;
348 1550 509 1615 ettamen
531 1547 655 1630 proprie
677 1547 806 1631 spiritus
828 1549 957 1614 sanetus
973 1547 1086 1614 ueritas
1108 1566 1189 1612 uun·

63 1653 205 1735 eupator.

106 1753 195 1821 Siout
210 1755 287 1838 legis
303 1756 428 1821 nomine
443 1755 609 1837 aliqnando
624 1753 718 1820 simul
734 1753 841 1819 omnia
856 1754 971 1818 ueteris
986 1751 1189 1818 instrumenti

63 1860 244 1923 sanctarum
261 1857 488 1941 seripturarum
503 1857 716 1940 significantur
732 1857 862 1939 eloquia.
897 1875 971 1921 nam
986 1877 1022 1921 er
1038 1856 1190 1939 propheta

27 1985 55 2026 ιι
63 1962 156 2027 Esaia
170 1961 385 2026 testimonium
402 1980 520 2043 ponens
533 1962 700 2044 apostolus,
717 1961 771 2025 nbi
785 1961 848 2026 ait:
869 1961 909 2025 in
925 1961 1019 2025 aliis
1035 1960 1189 2044 linguis

63 2064 155 2129 etin
171 2063 267 2129 aliis
288 2064 418 2130 labiis
441 2065 580 2147 loquer
602 2064 749 2148 populo
771 2063 875 2144 huie,
888 2063 1050 2145 praemisit
1065 2067 1189 2129 tamen:

63 2168 104 2231 in
126 2168 214 2252 lege
235 2166 431 2251 scriptum
454 2168 523 2233 est.
548 2170 580 2232 et
601 2168 668 2250 ipse
690 2167 851 2232 dominus:
879 2167 920 2231 in
950 2166 1051 2250 lege,
1074 2167 1188 2250 inquit,

64 2288 196 2335 eornm
229 2270 421 2353 scriptum
445 2275 521 2336 est:
555 2271 646 2353 quia
667 2271 836 2335 oderunt
858 2287 915 2333 me
946 2270 1093 2353 gratie,
1117 2289 1190 2336 enm

64 2376 123 2439 hoo
145 2374 270 2456 legatur
291 2375 325 2438 in
348 2375 476 2457 psalmo.
515 2373 683 2456 aliquando
712 2378 816 2439 autem
838 2373 959 2457 proprie
987 2375 1118 2439 uooatur
1139 2376 1190 2440 lex

26 2496 144 2559 equae
167 2475 242 2543 data
264 2480 312 2544 ost
333 2497 389 2561 per
411 2480 529 2562 Mosen,
553 2477 724 2543 seeundum
747 2480 829 2560 quod
850 2478 968 2544 dictum
992 2479 1054 2543 est:
1071 2477 1131 2543 lex
1154 2481 1192 2544 et

64 2581 285 2665 prophetae
307 2600 430 2664 nsque
462 2582 761 2658 adlohannem,
790 2583 839 2646 et:
873 2582 913 2645 in
942 2582 1004 2647 his
1040 2582 1191 2648 duobus

63 2684 293 2767 praereptis
322 2686 407 2749 tota
429 2684 490 2750 lex
512 2687 657 2768 pendet
680 2688 718 2748 et
740 2684 974 2768 prophetae:
1008 2685 1060 2750 hio
1082 2687 1191 2768 utiquo

65 2786 190 2870 proprie
212 2786 261 2852 lex
285 2787 445 2870 appellata
468 2791 514 2852 est
537 2789 575 2852 de
597 2790 703 2853 monte
726 2786 808 2852 Sina
840 2787 1061 2869 prophetarum
1085 2793 1191 2854 autem

64 2888 190 2954 nomine
211 2889 309 2954 etiam
330 2889 445 2971 psalmi
468 2889 638 2974 significati
660 2893 744 2968 snnt,
768 2894 801 2955 et
823 2893 930 2955 tamen
952 2892 1013 2956 alio
1033 2890 1100 2955 loeo
1123 2892 1189 2974 ipse

25 2992 221 3059 :ssaluatorz
238 2995 468 3076 oportebat,
481 2993 769 3077 inquit,impleri
785 2994 913 3061 omnia
927 3014 1023 3077 qnae
1038 2998 1192 3079 seripta

64 3098 161 3162 sunt
192 3097 233 3161 in
266 3097 354 3182 lege
387 3099 427 3162 et
454 3099 664 3182 prophetis
698 3103 735 3164 et
762 3099 933 3181 psalmis
966 3099 1010 3163 de
1038 3118 1103 3163 me.
1141 3100 1191 3164 hio

64 3217 173 3265 rursus
196 3200 417 3283 prophetarum
445 3202 570 3267 nomine
593 3204 726 3284 exceptis
754 3201 883 3283 psalmis
911 3201 1055 3285 intellegi
1078 3203 1189 3267 uoluit.

65 3303 182 3369 dioitnr
197 3323 270 3387 ergo
286 3304 334 3369 lor
350 3306 570 3371 uniuersaliter
593 3325 664 3371 cnm
687 3307 847 3389 prophetis
862 3312 893 3371 et
913 3306 1052 3387 psalmis,
1076 3305 1191 3370 dicitur

170 3488 425 3555 151001.14,21
473 3489 576 3559 usas,
598 3493 627 3544 11
734 3491 935 3555 1710.15,25
1039 3494 1071 3548 18
1089 3495 1132 3551 Po.
1150 3495 1193 3562 34,

65 3575 99 3628 19
186 3575 221 3629 20
238 3575 337 3629 Matth.
358 3577 397 3640 ll,
418 3577 449 3629 13
541 3578 573 3631 21
592 3576 691 3631 Metto.
709 3577 752 3643 22,
769 3577 805 3631 40
896 3576 1124 3645 uoluntate

116 3745 135 3799 8
161 3748 193 3798 ut
222 3744 256 3797 V:
291 3748 323 3799 ιιι
350 3745 452 3799 soilioet
480 3746 550 3800 GPo
662 3747 695 3802 10
721 3746 877 3802 substantia
902 3749 939 3802 V:
975 3749 1012 3803 ait
1039 3751 1193 3805 substantia

68 3829 142 3886 01²0
227 3830 268 3884 ita
290 3831 324 3885 V:
354 3847 403 3885 om.
428 3831 497 3886 GPo
588 3833 618 3885 11
638 3837 807 3901 nuncupatur
831 3835 865 3889 V:
895 3839 1063 3905 nuncupetur
1082 3838 1126 3894 Ge

67 3915 101 3969 ln
123 3915 198 3969 esaia
219 3914 255 3970 V:
286 3916 352 3969 isaia
377 3916 420 3971 Ga
533 3918 564 3970 16
585 3917 649 3971 huie
672 3919 768 3988 populo
792 3936 809 3974 e
922 3921 954 3976 17
983 3922 1077 3992 inquid
1103 3924 1129 3978 V

66 4000 102 4055 20
127 4015 233 4070 moysen
259 3998 329 4055 GPo
443 4002 478 4055 23
502 4003 561 4056 sini
586 4002 622 4055 V:
653 4019 719 4074 syna
744 4020 761 4058 o
874 4005 907 4059 27
931 4008 1039 4062 nomine
1064 4008 1194 4066 G¹MVo2

66 4099 164 4140 nomen
184 4083 252 4140 6⁸1>
351 4087 466 4156 exeeptis
486 4088 571 4143 GPo:
601 4089 729 4158 axeorptir
751 4090 777 4144 V
877 4092 1011 4163 intellegi]
1029 4094 1059 4148 in
1077 4095 1135 4164 lege
1153 4095 1194 4150 in·

67 4170 162 4241 tellegi
182 4170 250 4226 ops
342 4173 377 4226 ab
394 4172 517 4242 intellegi
535 4175 633 4242 incipit
650 4174 672 4240 f.
691 4178 761 4230 209·
777 4177 810 4230 ιιι
831 4175 865 4242 V;
892 4180 1033 4249 scripturn
1049 4197 1084 4236 m.
1103 4187 1119 4236 1
1134 4183 1194 4250 sere

66 4257 149 4326 plone
165 4255 275 4312 delituit
368 4257 402 4314 28
421 4257 520 4313 dieitur
537 4275 601 4328 ergo
620 4259 694 4316 MV:
724 4263 757 4315 ut
774 4261 875 4317 dieitur
891 4279 988 4334 ergon
