2760 4814
202 542 266 609 794
678 542 862 612 [Eugippii]

202 731 272 814 tria,
295 749 357 795 non
380 731 448 815 ipsa
476 735 524 797 est
547 733 622 797 haec
645 733 715 798 tria.
755 734 787 797 in
811 733 898 798 illius
920 752 995 799 uero
1017 752 1161 799 summae
1184 733 1335 819 simplici·

199 839 268 899 tate
284 840 423 914 naturae,
441 853 519 917 quae
541 838 616 901 deus
636 838 693 914 est,
710 836 852 918 quamuis
875 855 954 901 unus
970 837 1011 901 sit
1033 834 1118 915 dene,
1143 838 1209 902 tres
1233 840 1337 903 tamen

200 955 347 1019 personae
370 944 453 1018 sunt,
478 940 566 1020 pater
589 941 620 1003 et
644 938 726 1003 filius
750 942 781 1003 et
803 939 932 1021 spiritus
956 942 1092 1003 sanctus.

244 1042 341 1106 Aliud
364 1047 412 1106 est
435 1042 541 1124 itaque
564 1042 691 1106 trinitas
714 1062 762 1105 res
786 1044 863 1125 ipsa,
887 1043 971 1107 aliud
999 1042 1102 1124 imago
1125 1042 1285 1109 trinitatis
1305 1041 1336 1107 in

199 1164 232 1209 re
256 1146 377 1227 aliqua,
401 1153 526 1229 propter
549 1166 643 1228 quam
666 1147 836 1229 imaginem
860 1146 955 1209 simul
978 1148 1009 1209 et
1031 1145 1110 1209 illud
1129 1145 1163 1210 in
1181 1165 1244 1228 quo
1266 1148 1364 1215 sunts

199 1248 276 1313 haec
300 1250 359 1315 tria
390 1253 492 1334 imago
515 1250 640 1325 dicitur,
671 1248 753 1314 sicut
775 1249 880 1330 imago
903 1248 1020 1313 dicitur
1043 1248 1139 1312 simul
1172 1254 1204 1313 et
1228 1251 1334 1316 tabula

199 1354 231 1417 et
254 1354 336 1434 quod
359 1354 390 1417 in
414 1373 450 1417 ea
472 1355 592 1435 pictum
623 1354 681 1431 est,
713 1352 765 1418 sed
789 1358 915 1435 propter
942 1355 1106 1434 picturam,
1140 1372 1222 1435 quae
1247 1355 1279 1420 in
1302 1372 1336 1419 en

198 1456 257 1533 est,
281 1456 375 1521 simul
400 1462 431 1521 et
454 1457 563 1521 tabula
586 1457 708 1520 neruiue
730 1456 875 1538 imaginis
898 1456 1082 1538 appellatur.

197 1732 295 1792 QVAM
319 1732 408 1777 VERA
443 1732 479 1777 IN
511 1733 571 1777 DEI
603 1732 787 1777 TllINI'I‘ATE
818 1732 942 1779 VNITAS
975 1734 1018 1778 ET
1049 1732 1147 1792 QVAM
1171 1734 1265 1781 VERA
1299 1734 1333 1781 In*

197 1836 348 1883 EIVSDEM
366 1835 515 1883 VNI'I'ATIi
538 1834 590 1881 SI'I'
613 1836 781 1881 'rulul'rns
807 1836 853 1881 Ex
876 1836 980 1881 LIBRI)
998 1836 1044 1881 ΧΥ
1067 1837 1113 1882 DE
1134 1837 1361 1896 nummum

687 1940 717 1984 Τ.
742 1940 841 1985 XXIII.

123 2061 186 2127 261
241 2058 356 2123 Verum
382 2059 413 2122 in
437 2059 493 2123 illa
516 2077 638 2123 summa
654 2059 806 2135 trinitate,
831 2076 908 2139 quae
926 2058 1217 2140 incomparabiliter
1237 2060 1329 2125 rebus

198 2160 341 2225 omnibus
365 2162 539 2235 antecellit,
569 2163 662 2225 tanta
684 2163 731 2224 est
754 2161 1019 2242 inseparabilitas,
1054 2164 1090 2224 ut
1111 2180 1185 2226 oum
1208 2163 1331 2228 trinitas

198 2266 360 2329 hominum
383 2284 443 2330 non
466 2265 565 2347 possit
579 2266 639 2328 dici
664 2282 744 2328 unus
766 2264 867 2339 homo,
892 2265 949 2328 illa
971 2282 1051 2328 unus
1067 2264 1142 2327 deus
1160 2266 1194 2328 et
1212 2265 1331 2331 dicatur

197 2370 230 2433 et
251 2369 304 2443 sit,
329 2388 386 2433 nec
415 2371 446 2432 in
470 2385 529 2432 uno
558 2370 614 2432 deo
642 2367 686 2431 sit
708 2367 765 2431 illa
793 2368 929 2444 trinitas,
965 2369 1018 2431 sed
1042 2385 1122 2431 unus
1145 2370 1233 2433 deus.
1274 2386 1359 2437 neca

197 2491 305 2538 rursus
339 2472 598 2556 quemadmodum
635 2471 697 2534 ista
730 2472 849 2552 imago,
885 2471 966 2552 quod
1000 2471 1047 2534 est
1074 2471 1182 2544 hoino,
1212 2473 1329 2538 habens

197 2577 254 2641 illa
276 2576 338 2641 tria
360 2596 423 2640 una
438 2594 568 2659 persona
584 2578 641 2655 est,
666 2576 710 2639 ita
733 2578 779 2637 est
795 2573 851 2637 illa
872 2575 1008 2655 trinitas
1031 2576 1084 2637 sed
1100 2576 1163 2638 tres
1179 2594 1329 2657 personae

197 2681 279 2755 sunt,
304 2682 393 2760 pater
420 2679 478 2743 filii
507 2682 539 2742 et
567 2677 651 2741 filius
679 2678 778 2759 patris
806 2680 838 2740 et
860 2678 989 2758 spiritus
1018 2680 1145 2741 sanctus
1174 2680 1278 2759 patris
1300 2685 1330 2742 et

197 2782 264 2845 filii.
289 2783 433 2862 quamuis
463 2780 547 2844 eninr
578 2780 730 2844 memoria
758 2779 904 2860 hominis,
934 2783 965 2843 et
992 2781 1127 2844 manime
1150 2782 1208 2847 illa
1235 2801 1329 2864 quam

197 2902 309 2967 pecora
330 2902 390 2948 non
413 2884 540 2955 habent,
565 2884 596 2947 id
621 2888 669 2948 est
692 2902 753 2965 qua
775 2903 821 2948 res
845 2884 1065 2965 intellegibiles
1094 2884 1140 2947 ita
1164 2886 1360 2953 continens>

196 2994 257 3070 tur,
282 2991 318 3052 ut
340 3006 402 3052 non
424 2988 457 3051 iu
482 3006 552 3052 eam
574 3007 629 3069 per
657 3006 764 3052 sensus
787 2991 922 3070 corporis
944 2988 1101 3057 uenerint,
1136 2986 1254 3053 habeat
1277 3008 1330 3071 pro

197 3093 322 3157 modulo
345 3110 401 3156 suo
425 3094 455 3156 in
479 3092 538 3156 hac
561 3093 695 3175 imagine
719 3093 872 3155 trinitatis
896 3090 1180 3172 incomparabiliter
1203 3092 1330 3174 quidem

196 3196 371 3279 imparem,
411 3195 465 3259 sed
499 3197 606 3260 tamen
642 3194 899 3277 qualemcumque
934 3194 1174 3258 similitudinem
1214 3196 1327 3277 patris

196 3301 333 3381 itemque
363 3298 582 3381 intellegentia
610 3298 762 3373 hominis,
792 3316 870 3378 quae
902 3316 955 3379 per
977 3298 1185 3361 intentionem
1208 3301 1329 3380 eogita-

196 3402 291 3467 tionis
320 3402 393 3465 inde
422 3401 590 3479 formatur,
621 3402 745 3484 quando
769 3402 851 3483 quod
873 3402 971 3465 scitur
1002 3400 1117 3465 dicitur
1145 3406 1177 3465 et
1208 3402 1361 3468 nulliusne

195 3507 322 3589 linguae
345 3508 444 3572 cordis
467 3505 600 3571 uerbum
623 3510 680 3584 est,
711 3506 824 3569 habeat
845 3507 879 3569 in
901 3525 958 3570 sua
979 3521 1095 3583 magna
1117 3504 1330 3586 disparilitate

195 3611 377 3674 nonnullam
406 3610 646 3674 similitudinem
677 3610 750 3685 lilii;
786 3613 817 3672 et
845 3626 932 3672 amor
965 3608 1100 3672 hominis
1129 3607 1167 3671 de
1196 3609 1330 3673 scientia

194 3714 361 3793 procedens
377 3715 409 3777 et
425 3713 606 3777 memoriam
630 3711 937 3795 intellegentiamque
954 3711 1142 3793 coniungens
1163 3712 1330 3794 tamquam

247 3969 340 4036 lipsa
359 3968 437 4022 G³Pt
467 3983 517 4021 ont.
538 3968 592 4022 G¹o
696 3968 712 4020 2
736 3983 804 4019 unns
823 3967 862 4020 P:
893 3982 975 4020 unum
996 3965 1039 4021 Go
1141 3966 1271 4036 talique
1290 3967 1330 4021 P:

193 4053 248 4106 alie
272 4053 315 4107 Go
440 4052 457 4105 9
484 4069 544 4121 cop.
569 4052 691 4108 cunvn
719 4053 746 4106 P
780 4050 930 4107 CCLVIIII
957 4050 1012 4113 Gru
1042 4051 1118 4106 ineest
1141 4052 1171 4105 o'a
1196 4052 1234 4106 nr
1239 4053 1266 4107 V

195 4140 228 4193 10
245 4140 392 4194 eiustemo
481 4141 511 4194 ll
530 4140 627 4194 XXIII
646 4140 686 4194 P:
712 4138 821 4193 xclm
836 4138 879 4193 Ge
965 4138 1000 4192 14
1016 4138 1065 4192 illa
1084 4139 1141 4193 Ge:
1168 4137 1217 4193 ille
1235 4139 1265 4195 P

192 4230 220 4277 et
237 4225 457 4279 dicatur-unns
475 4225 551 4296 dens]
570 4226 635 4281 adri.
655 4227 693 4282 θ’
710 4227 743 4279 ia
759 4241 812 4295 mg.
915 4224 950 4277 20
970 4239 1112 4293 peccorao
1215 4226 1251 4281 21
1270 4242 1330 4281 eam

194 4310 235 4366 0:
270 4328 300 4365 ea
323 4313 367 4367 Po
469 4312 593 4366 uenirent
618 4312 661 4369 Ge
763 4311 797 4365 23
822 4311 951 4380 imperem
973 4310 1028 4365 θυι
1062 4310 1208 4378 Impatrem
1233 4312 1262 4367 P

192 4398 228 4452 24
245 4398 364 4452 hominis
382 4412 449 4467 quae
468 4397 524 4452 Ge:
552 4400 690 4467 omnisque
709 4399 736 4452 P
820 4396 856 4451 26
873 4396 1062 4464 disparalitate
1080 4396 1117 4450 Ρι
1204 4398 1243 4453 28
1260 4402 1332 4455 tnn-

191 4500 273 4554 quam
292 4484 348 4541 Ge:
378 4486 484 4537 tantam
503 4485 530 4538 P
