2760 4814
231 345 395 415 Exaerpta
412 360 448 400 ex
466 360 536 415 opp.
553 345 732 415 &August
744 344 932 402 ccnxxxvl.
944 346 1149 404 conxxxvn.
1189 350 1253 419 925

126 539 232 619 deum,
254 535 320 618 ipse
343 533 428 614 feeit,
452 537 488 599 ut
503 533 552 599 illi
567 534 685 601 faciant
703 554 782 618 qnae
798 537 964 619 praecepit,
979 556 1041 603 non
1055 538 1104 605 illi
1121 539 1251 619 faciunt,

128 642 166 706 ut
187 638 253 721 ipse
275 638 370 703 faeiat
392 637 474 719 qnod
495 637 650 720 promisit.
679 638 819 720 alioquin
834 644 870 704 ut
886 641 934 705 dei
949 640 1102 723 promissa
1118 643 1254 724 eomple-

128 744 233 820 antur‚
264 759 324 807 nen
353 739 386 805 in
418 741 478 814 dei,
502 741 556 805 sed
578 741 612 805 in
635 741 796 806 hominum
818 746 1053 825 estpotestate,
1077 748 1109 811 et
1132 745 1254 827 quoda

129 845 256 913 domino
276 846 464 928 promissum
487 845 544 921 est,
567 845 606 909 ab
627 844 702 928 ipsis
724 845 862 910 redditur
878 845 1031 911 Abrahae.
1064 866 1126 913 non
1148 853 1254 913 autem

105 950 174 1017 ssia
211 947 341 1015 eredidit
378 947 546 1025 Abraham,
584 947 637 1012 sed
672 947 805 1012 eredidit
842 949 936 1013 dans
968 949 1134 1033 gloriam
1168 951 1252 1031 deo,

130 1051 314 1135 quoniam
344 1068 443 1133 quae
472 1050 657 1132 promisit
686 1054 824 1132 potens
853 1055 912 1115 est
940 1057 979 1116 ιι
1010 1052 1152 1119 faeere.
1191 1072 1254 1120 non

128 1156 190 1222 ait:
206 1151 415 1239 „praedicere“
428 1169 490 1217 non
501 1152 563 1217 ait:
579 1151 783 1238 „praeseire“.
805 1172 879 1218 nam
891 1157 922 1220 et
934 1155 1037 1220 aliena
1048 1157 1131 1221 faeta
1143 1161 1254 1241 potens

130 1262 178 1326 est
191 1257 368 1342 praedicere
383 1257 661 1340 atque·praeseire;
680 1256 734 1321 sed
748 1257 807 1321 ait:
823 1258 962 1340 potens
978 1262 1038 1324 est
1052 1262 1091 1324 ιι
1106 1259 1253 1337 faeere,

130 1382 168 1429 ae
190 1380 245 1447 per
267 1362 326 1425 hoe
348 1359 431 1424 faeta
454 1376 513 1424 non
536 1358 647 1434 aliena,
671 1358 726 1423 sed
748 1377 814 1423 sua.

92 1510 122 1551 ιο
173 1483 225 1549 An
257 1482 337 1546 forte
369 1499 462 1565 opera
494 1481 575 1547 bona
608 1483 749 1564 gentium
782 1483 858 1547 dens
887 1483 1032 1566 promisit
1053 1482 1199 1549 Abrahae
1220 1484 1253 1549 in

127 1588 249 1653 semine
275 1586 353 1669 eius,
382 1590 418 1650 nt
440 1585 498 1650 hoe
519 1585 715 1667 promitteret
758 1585 839 1669 quod
861 1586 927 1668 ipse
951 1586 1038 1664 feeit,
1068 1606 1129 1651 non
1150 1588 1255 1651 autem

129 1690 276 1774 promisit
305 1689 398 1754 fidem
426 1688 578 1770 gentium,
610 1706 706 1770 qnam
735 1688 795 1753 sibi
826 1688 966 1754 homines
988 1689 1119 1763 faciunt,
1142 1690 1196 1754 sed
1218 1692 1255 1753 nt

128 1792 326 1877 promitteret
359 1792 439 1876 quod
473 1791 539 1874 ipse
571 1791 657 1870 feeit,
692 1791 781 1856 illam
811 1793 981 1874 praescidit
1015 1792 1154 1858 homines
1189 1810 1254 1857 esse

128 1896 291 1962 facturos?
323 1914 386 1961 non
422 1895 548 1976 quidem
581 1896 626 1961 sie
661 1893 820 1977 apostolus
848 1896 994 1978 loquitur.
1037 1896 1118 1960 filios
1140 1896 1254 1978 quippe

94 2000 205 2064 edens
237 1999 380 2083 promisit
413 1997 567 2077 Abrahae,
601 1997 655 2079 qui
687 1996 762 2062 fidei
791 1998 856 2063 eius
885 1998 1021 2080 uestigia
1042 2000 1252 2076 seotarentur;

128 2103 212 2187 quod
241 2101 436 2184 apertissime
466 2102 553 2167 dieit
598 2102 651 2166 sed
681 2103 707 2167 si
737 2119 829 2184 opera
850 2102 993 2185 gentium
1015 2102 1167 2185 promisit,
1190 2120 1254 2168 non

128 2206 231 2285 fidem.
254 2205 400 2289 profecto,
423 2204 568 2288 quoniam
590 2223 653 2269 non
674 2208 747 2269 sunt
769 2204 850 2269 bona
871 2223 963 2287 opera
985 2205 1047 2271 nisi
1070 2224 1106 2270 ex
1127 2204 1188 2269 fide
1212 2240 1253 2253 -

128 2310 261 2376 iustus
284 2308 741 2391 enimenfideuiuit,et:
764 2326 886 2385 omne,
909 2306 1006 2391 qnod
1029 2324 1102 2373 non
1125 2310 1255 2373 estex

128 2412 228 2490 fide,
256 2411 454 2494 peceatum
477 2415 550 2488 est,
584 2413 632 2475 et:
665 2409 753 2476 sine
787 2410 870 2474 fide
907 2409 1158 2493 impossibile
1192 2411 1256 2476 est

98 2514 291 2599 aplaeere
313 2551 355 2561 -
379 2514 592 2593 nihilominus,
621 2518 659 2579 ut
688 2514 816 2596 impleat
841 2515 922 2597 qnod
945 2513 1088 2598 promisit
1111 2514 1197 2591 deus,
1221 2515 1255 2579 in

129 2618 291 2685 hominnm
313 2618 548 2701 estpotestate.
591 2616 654 2682 nisi
676 2618 760 2682 enim
782 2618 874 2682 homo
897 2617 991 2683 faeiat
1014 2619 1094 2701 qnod
1116 2620 1171 2683 deo
1194 2635 1254 2683 non

128 2722 265 2788 donente
297 2720 338 2787 ad
370 2720 527 2786 hominem
559 2721 704 2803 pertinet,
739 2738 803 2785 non
823 2720 917 2787 faciet
950 2720 1014 2803 ipse
1042 2720 1124 2804 qnod
1152 2720 1254 2798 donet,

128 2823 190 2890 hoe
219 2824 282 2889 est:
312 2822 373 2888 nisi
403 2824 518 2889 habeat
549 2823 639 2888 homo
665 2823 758 2888 fidem
780 2842 816 2887 ex
838 2826 937 2889 semet
960 2824 1037 2905 ipso,
1061 2842 1121 2888 non
1146 2825 1256 2905 impiet

129 2928 206 2991 dens
229 2927 310 3010 quod
332 2926 484 3010 promisit,
508 2929 543 2990 ut
566 2943 659 3008 opera
680 2926 820 2991 institiae
842 2928 956 2992 dentur
978 2947 1015 2992 ex
1036 2926 1100 2991 deo.
1144 2944 1180 2991 ao
1201 2944 1254 3008 per

89 3029 198 3114 ahoe,
221 3034 258 3094 nt
280 3029 432 3112 promissa
452 3048 508 3093 sna
529 3031 604 3094 dens
626 3030 724 3111 possit
746 3029 885 3111 implere,
908 3048 970 3095 non
993 3033 1039 3094 est
1062 3029 1095 3094 in
1117 3029 1177 3107 dei,
1200 3029 1255 3094 sed

130 3135 164 3199 in
197 3132 331 3198 hominis
364 3134 530 3215 potestate.
572 3135 652 3214 quod
685 3134 711 3196 si
734 3131 850 3196 ueritas
872 3134 902 3198 ιι
925 3133 1025 3215 pietas
1047 3149 1109 3197 non
1130 3131 1254 3197 eredere

131 3238 229 3317 uetat,
252 3234 414 3300 credamus
438 3254 508 3301 eum
534 3234 702 3310 Abraham,
726 3235 872 3317 qnoniam
895 3253 972 3318 qnae
986 3235 1130 3318 promisit
1145 3237 1256 3318 potens

130 3339 176 3403 est
207 3341 239 3403 et
267 3338 380 3403 faeere.
418 3339 562 3421 promisit
584 3338 688 3404 autem
711 3337 792 3404 filios
817 3338 965 3403 Abrahae.
1000 3338 1082 3421 quod
1104 3356 1171 3403 esse
1193 3356 1255 3403 non

130 3440 269 3523 pomnnt,
293 3439 320 3504 si
343 3458 404 3505 non
427 3439 543 3505 habent
565 3440 667 3505 fidem.
696 3458 767 3524 ergo
789 3442 855 3523 ipse
876 3442 971 3507 donat
993 3442 1025 3505 et
1046 3441 1146 3506 fidem

87 3578 127 3629 ιο
172 3558 254 3628 Sane
276 3578 348 3625 oum
378 3561 536 3643 apostolus
559 3560 657 3628 dieat:
691 3561 778 3628 ideo
801 3581 843 3628 ex
866 3561 961 3640 fide,
984 3566 1025 3627 nt
1046 3563 1255 3628 seeundum

233 3756 345 3812 oltem.
362 3759 392 3821 4,
410 3756 493 3826 eosq.
593 3760 626 3813 18
642 3758 716 3813 Rom.
737 3760 761 3826 1,
780 3761 811 3814 Π
830 3759 923 3829 (Aban
941 3760 1017 3828 2,4)
1116 3760 1194 3817 Rom.
1213 3760 1255 3824 14.

132 3840 165 3895 23
269 3842 402 3898 19Hebr.
421 3844 496 3909 11,6
598 3844 723 3899 ddltom.
742 3846 819 3911 4,16

182 4021 306 4093 Ίροιιιιι
317 4024 464 4078 estGPV:
483 4028 600 4093 potesta
688 4028 718 4081 ll
731 4027 788 4080 eius
802 4027 837 4081 V:
855 4027 939 4095 ipsius
953 4028 1007 4083 GP
1095 4028 1127 4083 14
1140 4027 1257 4083 iaotmoe

133 4106 199 4163 GP:
225 4111 345 4163 facturas
360 4110 387 4164 V
470 4114 504 4166 15
515 4111 579 4167 deus
594 4113 661 4168 GP:
688 4111 731 4166 dai
749 4113 775 4167 V
859 4113 1010 4183 20ptneere
1024 4113 1128 4171 G¹PV:
1154 4114 1257 4183 plaeere

131 4192 178 4247 deo
197 4192 237 4249 θ’
321 4196 356 4250 25
374 4198 457 4266 possit
474 4197 509 4253 V:
536 4204 625 4268 posset
643 4200 670 4252 P
754 4200 788 4252 26
806 4214 857 4252 non
875 4199 911 4254 V:
938 4215 988 4254 nos
1006 4200 1034 4255 P
1119 4199 1152 4253 et
1171 4200 1256 4269 uetat]

132 4279 195 4334 aad
213 4280 253 4335 P’
268 4296 344 4351 sape.
362 4298 432 4338 uera.
536 4284 571 4339 29
588 4282 688 4339 habent
706 4284 740 4339 V:
769 4283 884 4339 habeant
906 4284 970 4340 (ἕΡ2
997 4284 1112 4340 habeant
1128 4284 1166 4340 Ρι
