2760 4814
139 511 222 579 1030
621 509 787 579 Eugippii

135 720 209 788 ergo
230 699 395 787 generalis,
419 704 455 764 ut
478 700 597 765 dictum
620 701 1267 783 011111011010111011100111100111110

134 807 166 870 in
200 823 233 870 se
266 804 439 882 continens,
472 821 534 886 qua
567 821 629 867 non
662 805 848 870 adhaeretur
879 804 945 888 deo,
975 806 1053 873 duur
1081 806 1268 873 adhaeretur

134 907 262 985 mundo,
293 908 329 972 ut
358 907 455 972 etiam
490 907 535 971 sic
568 906 751 991 intellegere
782 908 942 973 ualeamus
971 911 1149 976 secundnm
1178 911 1268 977 istam

133 1013 312 1107 generalem
341 1010 575 1077 fornicationem
603 1010 686 1094 quod
716 1010 762 1077 ait
792 1011 968 1095 apestolus:
998 1029 1111 1077 omne
1135 1031 1268 1097 pecca·

134 1120 232 1195 turn,
256 1114 528 1200 quodnamque
552 1113 697 1179 fecerit
724 1113 851 1191 homo,
875 1118 987 1179 extra
1017 1134 1165 1199 corpus
1194 1122 1296 1189 est;:

133 1218 199 1303 qni
229 1223 358 1284 autern
388 1217 630 1295 fornicatur,
660 1219 698 1283 in
729 1236 868 1301 cerpus
891 1219 1095 1302 preprium
1118 1226 1266 1303 peccat.

132 1342 194 1408 qua
215 1323 242 1387 si
276 1340 337 1387 non
371 1320 541 1385 fornicatur
575 1321 680 1385 anima
711 1321 859 1397 humana,
892 1320 1089 1387 adhaerendo
1122 1321 1179 1387 deo
1214 1342 1267 1388 neo

133 1427 324 1492 adhaerendo
348 1424 473 1505 mundo,
497 1441 712 1504 quaecumque
734 1424 797 1488 alia
818 1429 948 1506 peccata
970 1443 989 1489 a
1012 1426 1266 1510 concupiscentia

133 1530 252 1595 carnali
276 1546 400 1612 prorsus
424 1527 526 1592 aliena
548 1528 684 1608 potuerit
706 1527 775 1609 ipsa
796 1526 970 1611 fragilitate
992 1528 1202 1595 mortalitatis
1219 1531 1266 1594 nel

133 1633 302 1718 ignorando
325 1631 377 1695 uel
400 1631 592 1714 neglegendo
615 1631 665 1694 uel
685 1630 895 1695 obliuiscendo
911 1633 963 1696 nel
979 1648 1039 1696 non
1057 1632 1295 1714 intellegendae

133 1737 224 1802 homo
246 1735 412 1809 incurrere,
441 1734 498 1797 hoc
520 1734 562 1798 sit
585 1732 666 1815 quod
689 1735 808 1798 dictum
831 1737 895 1799 est:
919 1752 1027 1799 omne
1050 1740 1265 1817 peccatum,

132 1840 399 1924 quodcumque
433 1837 579 1901 feeerit
612 1836 740 1912 homo,
770 1839 882 1902 extra
905 1855 1046 1921 corpus
1082 1843 1163 1923 est,
1198 1840 1265 1924 quia

133 1943 257 2008 nullum
279 1942 330 2006 hic
353 1941 520 2023 corporalis
543 1941 594 2005 uel
617 1939 797 2024 temporalis
816 1943 1086 2024 concupiscentiae
1102 1951 1264 2025 peccatum

131 2047 247 2130 poterit
277 2045 421 2129 reperiri:
446 2044 528 2109 unde
550 2044 662 2109 merito
686 2046 771 2108 extra
794 2062 904 2125 corpus
927 2063 993 2109 esse
1015 2047 1183 2127 quodlibet
1206 2048 1265 2112 tale

131 2155 294 2234 peccatum
326 2150 387 2214 dici
418 2149 551 2214 uidetur.
590 2148 672 2230 quod
701 2149 728 2212 si
752 2150 922 2214 adhaerens
947 2150 1063 2215 mundo
1086 2151 1295 2216 mundandae

130 2255 223 2319 homo
253 2254 344 2336 longe
374 2253 468 2318 faciat
498 2251 606 2329 adeo,
639 2251 819 2318 fornicando
847 2253 885 2318 ab
912 2254 978 2336 ipso
1007 2254 1074 2331 deo,
1099 2255 1133 2319 in
1158 2272 1265 2338 corpus

130 2358 292 2443 proprium
321 2359 438 2440 peccat,
473 2356 546 2437 quia
575 2356 727 2440 corporali
753 2356 1002 2441 concupiscentia
1027 2356 1101 2443 <in>
1126 2376 1265 2441 quaeque

130 2462 315 2545 temporalia
348 2464 379 2525 et
413 2459 548 2525 carnalia
582 2460 701 2524 carnali
733 2478 827 2525 sensu
861 2462 893 2525 et
926 2460 1096 2541 prudentia
1129 2461 1265 2527 humana

130 2565 269 2631 trahitur
302 2569 395 2647 atque
433 2563 627 2641 distrahitur,
665 2564 825 2629 creaturae
858 2563 994 2628 seruiens
1030 2565 1137 2645 potius
1173 2583 1263 2648 quam

130 2669 273 2747 creatori,
297 2669 351 2751 qui
373 2668 624 2733 estbenedictus
648 2669 680 2732 in
703 2666 834 2733 saecula.
1271 2691 1292 2729 a

174 2787 224 2852 Sic
254 2806 337 2871 ergo,
362 2790 516 2869 quantum
539 2787 628 2864 mihi,
651 2786 775 2853 uidetur
798 2786 887 2853 salua
908 2787 968 2853 fide
999 2787 1145 2874 intellegi
1178 2809 1261 2874 posse

130 2891 291 2973 utriusque
313 2890 525 2957 fornicationis
548 2891 678 2974 malum,
701 2894 768 2956 tam
789 2891 933 2973 specialis
953 2909 1048 2973 quam
1064 2892 1260 2965 uniuersalis,

129 2996 164 3060 in
197 2995 254 3059 hoc
283 3013 344 3061 uno
375 2995 513 3077 capitulo
543 2995 626 3060 tanti
656 2997 779 3060 ettam
809 2996 917 3077 magni
945 2994 1090 3072 doctoris,
1119 2999 1174 3062 ubi
1203 2996 1258 3061 ait:

129 3120 241 3164 omne
262 3100 483 3182 peccatum,
506 3098 781 3182 quodcumque
815 3099 959 3164 fecerit
994 3098 1125 3179 homo,
1155 3110 1258 3165 extra

129 3221 270 3284 corpus
305 3203 380 3278 est;
414 3203 482 3284 qui
511 3207 640 3268 autern
670 3203 904 3284 fornicatur,
934 3203 973 3266 in
1005 3218 1150 3284 corpus
1180 3220 1283 3285 pro-s

129 3306 257 3388 prium
280 3310 431 3390 peccat,
454 3310 490 3370 ut
513 3312 568 3370 aut
590 3308 784 3390 exaggeratio
801 3307 884 3371 facta
900 3305 942 3370 sit
958 3304 997 3369 eh
1012 3308 1156 3386 apostolo
1172 3305 1256 3372 huius

129 3408 271 3492 specialis
299 3409 525 3488 fornicationis,
556 3429 618 3492 qua
645 3411 679 3474 in
708 3429 818 3494 corpus
847 3409 1006 3493 proprium
1030 3428 1158 3490 peccare
1181 3411 1256 3474 recte

130 3512 334 3595 intellegitur,
369 3513 443 3595 quia
477 3531 631 3595 nusquam
666 3516 710 3579 sic
744 3518 828 3578 totus
862 3513 953 3577 homo
989 3513 1128 3596 corporis
1163 3511 1255 3595 ipsius

231 3699 248 3752 4
268 3700 319 3767 (ll.
338 3698 382 3763 24)
401 3699 415 3753 I
434 3698 492 3753 Cor.
511 3699 535 3763 6,
558 3698 589 3752 18
691 3698 725 3752 ‘20
743 3698 775 3752 cf.
794 3698 823 3752 11
841 3699 898 3753 Cor.
921 3699 960 3763 11,
978 3699 1010 3752 31

180 3870 272 3939 iqua
296 3869 331 3923 V:
361 3868 425 3938 quia
450 3866 504 3923 GP
605 3868 753 3922 fornicatur
777 3868 811 3922 V:
841 3869 987 3922 fornicetur
1013 3871 1068 3926 GP
1171 3872 1255 3938 eipso

131 3990 168 4043 V:
199 4007 246 4060 pro
264 3994 322 4058 ipsa
341 3992 367 4045 G
396 3974 443 4078 pro
462 3991 521 4058 ipse
540 3992 598 4058 (pro
616 3990 770 4057 (101012.)
790 3991 817 4044 P
909 3991 1011 4045 10101
1032 3993 1068 4046 V:
1098 4010 1148 4048 cnr.
1168 3993 1195 4047 P

129 4111 161 4166 13
179 4111 224 4166 nel
242 4114 397 4182 temporalis
418 4114 482 4168 GP:
513 4130 563 4167 om.
586 4113 612 4166 V
706 4113 1256 4182 16111111Υ(ε[.1001110.1029,141;

126 4214 155 4252 se
166 4197 251 4253 faciat
270 4197 335 4253 GP²
361 4215 387 4251 se
400 4198 481 4252 faciet
500 4198 536 4252 Ρι
633 4197 665 4251 17
683 4198 814 4267 corporali
829 4198 866 4251 V:
892 4215 945 4251 non
958 4199 1060 4252 carnali
1080 4200 1108 4253 P
1201 4216 1257 4254 een·

127 4284 306 4352 cupiscentiae
319 4283 346 4337 P
414 4285 441 4337 in
455 4300 616 4352 quaequac:
635 4298 752 4353 quaeque
765 4283 823 4338 PV
895 4286 927 4338 18
939 4285 1056 4337 hnmana
1072 4285 1110 4339 V:
1129 4285 1259 4340 hnmanae

128 4370 236 4425 animus
251 4369 305 4424 GP
374 4369 406 4422 19
418 4370 537 4422 trahitur
551 4369 654 4424 GP¹V:
673 4369 790 4424 traditur
802 4369 841 4426 P²
909 4369 940 4424 21
956 4385 1030 4438 posse
1044 4369 1114 4425 0¹1³
1121 4370 1155 4424 V:
1174 4373 1260 4441 potest

128 4455 168 4509 θ’
264 4455 298 4510 23
317 4458 344 4510 et
363 4459 418 4509 tam
439 4455 504 4509 GP:
532 4455 613 4508 etiam
636 4455 662 4510 V
758 4456 792 4509 27
810 4472 918 4525 peccare
942 4457 976 4509 l':
1003 4459 1109 4524 peccari
1126 4456 1155 4511 P
