2760 4814
172 278 235 343 312
655 273 821 344 nugrppss

175 466 387 548 increpantem
410 467 441 529 et
463 464 637 530 dicentem:
661 464 865 550 generatio
887 463 1126 546 uiperarum.
1162 464 1217 530 sed
1240 484 1303 531 nen

173 588 243 635 eam
272 568 394 634 inuenit
422 565 541 651 peccati
577 568 769 650 exprobratio
803 584 897 649 quam
930 568 1068 632 mutauit
1099 567 1302 634 confessionis

171 674 355 738 amaritudo.
393 672 465 753 post
499 688 571 735 uere
601 670 665 734 iam
695 669 829 751 publicis
859 668 958 753 signis
991 669 1088 749 anuli,
1122 670 1247 737 mcuilis
1270 674 1302 736 et

172 774 280 860 uirgae
301 774 380 840 uicit
400 776 518 840 temere
539 774 714 841 indicentes
730 773 871 852 Iudaeos,
897 791 1029 855 quorum
1051 774 1114 838 iam
1136 792 1300 856 persenam

171 879 266 945 Iudas
287 878 353 961 ipse
375 879 513 962 gerebat,
544 879 597 960 qui
619 877 772 960 hodieque
793 878 903 943 dicunt
927 893 987 941 nen
1009 876 1091 941 hune
1112 893 1179 942 esse
1201 895 1300 960 popu·
1324 902 1337 940 s

170 981 238 1047 lum
261 980 378 1047 Christi
400 999 458 1047 nec
479 982 595 1049 habere
617 1000 673 1047 nce
695 1000 800 1047 semen
818 980 978 1059 Abraham
1002 982 1057 1046 sed
1079 979 1209 1063 prolatis
1233 1000 1299 1047 cer·

169 1084 301 1151 tissimis
323 1086 516 1152 documentis
537 1089 661 1152 nostrae
685 1084 866 1164 uacationis,
896 1083 1123 1150 iustificationis
1148 1087 1179 1149 et
1200 1084 1300 1167 glori·

170 1187 323 1254 flectionis
355 1188 421 1255 sine
455 1191 547 1256 dubio
580 1188 809 1255 confundentur
844 1193 874 1253 et
910 1204 966 1252 nes
999 1188 1100 1272 magis
1134 1205 1230 1270 quam
1265 1207 1298 1253 se

169 1291 354 1358 iustificetcs
383 1311 451 1358 esse
479 1290 673 1360 fatebuntur.
712 1292 906 1359 enucleatius
935 1292 1012 1357 haec
1035 1290 1067 1355 et
1096 1291 1299 1356 membratim

170 1397 304 1477 quodam
327 1396 417 1461 modo
432 1394 687 1478 articulatimque
701 1400 858 1462 scrutarer
872 1399 966 1478 atque
980 1394 1176 1476 dissererem,
1199 1412 1300 1475 quan·
1311 1420 1338 1460 rc

170 1500 238 1563 tum
267 1498 474 1564 intentionem
502 1517 606 1564 meam
635 1499 779 1563 dominus
809 1498 983 1577 adiuuaret,
1014 1495 1075 1562 nisi
1105 1515 1156 1562 me
1178 1496 1217 1562 ab
1241 1497 1299 1563 hee

169 1600 371 1667 laboriosiore
394 1601 560 1686 diligentia
589 1599 718 1666 finiendi
747 1600 840 1667 buius
863 1603 974 1684 operis,
1005 1602 1086 1684 quod
1109 1601 1299 1684 plusquam

171 1702 285 1769 uellem
307 1705 371 1769 iam
392 1703 547 1786 prolixum
569 1708 626 1788 est,
650 1723 724 1771 cura
746 1704 934 1787 prohiberet.

686 1995 782 2080 LXI.

170 2182 216 2231 Du
239 2180 392 2231 PECCATO
415 2184 524 2233 DAVID
541 2185 579 2234 lu
597 2184 713 2233 VXORE
730 2185 791 2232 VRI
809 2183 965 2234 CET'I'HEI.
988 2183 1034 2231 EX
1057 2182 1337 2234 nonantulanos

520 2288 597 2336 xxn
625 2287 760 2337 CONTRA
782 2286 950 2335 FAVSTVM.

118 2423 160 2489 76
212 2424 305 2493 Nune
319 2430 483 2511 peccatum
497 2424 598 2490 Dauid
613 2424 689 2508 quid
704 2425 738 2490 iu
753 2423 917 2508 prephetia
938 2423 1162 2506 significauerit
1182 2428 1301 2507 quanta

169 2546 295 2612 possum
317 2528 470 2595 breuitate
491 2528 711 2610 perstringam.
743 2527 871 2593 nemine
885 2527 997 2610 quippe
1013 2527 1080 2609 ipse
1093 2528 1301 2610 interpretata

171 2631 247 2697 satis
263 2631 441 2709 ostendunt,
465 2631 540 2712 quid
559 2631 654 2696 etiem
677 2631 735 2696 bec
757 2630 876 2695 factum
898 2629 1164 2715 praefigurarent.
1195 2631 1299 2698 Dauid

168 2735 393 2816 interpretetur
411 2752 524 2813 „manu
540 2732 650 2799 fertis“
668 2732 734 2798 siue
753 2731 1022 2811 „desiderabilis“:
1046 2733 1169 2816 etquid
1186 2733 1338 2799 icrtiusec

168 2837 258 2902 leone
279 2835 335 2902 illc
351 2835 389 2901 de
411 2836 496 2902 tribu
519 2835 607 2911 Iude,
631 2835 686 2919 qui
707 2837 784 2902 uicit
806 2838 980 2903 mundum?
1004 2841 1035 2901 et
1051 2838 1125 2920 quid
1141 2836 1299 2903 desidera·

168 2939 265 3007 bilius
302 2938 357 3006 ille
397 2940 435 3005 de
468 2958 529 3022 quo
562 2941 713 3023 propbeta
744 2940 838 3007 dicit:
876 2941 1014 3005 ueniet
1047 2939 1299 3007 desideratus

168 3041 322 3109 eunctis
343 3041 554 3126 gentibus?
577 3042 715 3110 Bersabe
729 3043 952 3127 interpretatur
970 3045 1103 3129 „puteus
1118 3044 1296 3110 satietatis“

171 3145 238 3211 siue
255 3151 388 3229 „puteus
405 3145 595 3231 septimus“;
619 3146 793 3230 quamlibet
807 3150 914 3213 autem
928 3147 1041 3213 berum
1055 3147 1190 3213 nominis
1205 3147 1299 3213 huius

270 3351 285 3405 1
304 3350 402 3406 Mattb.
420 3352 446 3415 3,
467 3350 482 3404 7
589 3352 620 3406 lb
638 3352 672 3405 cf.
694 3350 724 3405 II
742 3351 806 3421 Reg.
827 3351 859 3405 11
963 3351 993 3405 21
1015 3349 1049 3406 ci.
1068 3352 1150 3420 Apoc.
1168 3352 1230 3415 bb

169 3436 203 3493 22
220 3438 291 3507 Agg.
309 3437 335 3502 2,
354 3438 369 3491 7

218 3607 405 3678 texprcbetie
424 3604 452 3662 P
542 3607 639 3678 diem]
659 3610 715 3663 tem
733 3609 801 3664 ΡΨ
892 3608 1053 3677 dpersonee
1071 3608 1126 3662 P¹c
1219 3608 1301 3663 blu-

167 3694 225 3765 des]
244 3695 322 3750 iudae
339 3697 402 3751 etv
502 3693 622 3766 gerebat]
640 3694 765 3765 gestabat
782 3692 853 3752 PTe
957 3693 1102 3763 hcdieques
1122 3696 1148 3749 T
1171 3693 1301 3764 hcdiequi

167 3781 223 3837 P¹a
320 3778 720 3850 sententiarumve?
818 3780 1017 3836 diustifleatus
1035 3780 1072 3835 Ρι
1175 3780 1208 3834 10
1224 3779 1301 3835 deee-

166 3880 284 3922 rereme
382 3868 414 3921 11
431 3866 490 3937 bec]
508 3865 557 3922 bec
575 3866 644 3922 1³¹1*
736 3866 768 3922 12
785 3866 946 3922 lebcroeicrs
967 3866 994 3922 V
1016 3864 1150 3921 laboriosa
1167 3881 1229 3921 ree

166 3952 494 4024 mbgmtaqmram
584 3952 888 4024 receptandus
911 3952 1087 4018 LXXVIIer
1110 3951 1231 4008 craGP

168 4041 201 4096 15
217 4040 276 4094 urie
294 4039 358 4095 PT’
443 4038 522 4096 cettei
542 4040 568 4094 T
652 4041 685 4095 16
698 4039 930 4096 cenedensium
942 4055 992 4100 om.
1010 4038 1081 4096 PTu
1171 4039 1204 4093 17
1222 4040 1301 4111 quid]

166 4126 213 4198 qui
230 4126 260 4181 P
344 4126 377 4181 18
394 4125 542 4197 interprete
562 4126 589 4181 Τ
671 4126 703 4181 21
722 4126 845 4184 uincite
936 4125 971 4181 28
988 4125 1092 4182 mactis
1110 4125 1185 4189 MR·
1211 4129 1301 4182 omni·

165 4213 215 4268 bus
232 4211 298 4269 de
401 4211 542 4268 bersabaee
559 4213 597 4268 Ρι
625 4226 769 4283 pereepqv
