2760 4814
133 304 199 371 472
618 297 784 368 nugrpprr

135 492 267 559 ecclesia
298 493 365 558 toto
396 491 550 555 terrarum
579 487 653 554 orbe
683 487 808 570 diffusa3
845 506 883 552 ac
911 506 966 570 per
990 488 1049 555 hoo
1071 489 1263 573 ubicumque
1302 480 1307 495 ‘

135 598 212 661 tunc
240 597 309 673 erit,
339 613 417 678 quae
446 595 479 658 in
502 592 645 659 omnibus
671 594 819 676 gentibus
843 593 912 675 erit,
943 592 1025 675 quod
1047 592 1262 677 significatum

135 701 184 764 est
207 698 332 764 nomine
357 697 534 764 latitudinis
557 701 674 775 terrae,
698 696 743 762 ibi
766 703 860 762 erunt
878 701 979 764 caetra
1001 702 1192 775 sanctorum,
1216 697 1263 763 ibi

136 803 196 868 erit
224 802 340 868 dilecta
369 801 426 866 deo
456 800 568 865 ciuitas
598 801 673 881 eius,
705 800 750 865 ibi
782 801 821 866 ab
844 802 988 867 omnibus
1019 802 1156 867 inimicis
1186 802 1262 880 suis,

135 906 208 989 quia
229 910 261 970 et
282 908 342 989 ipsi
364 905 398 969 in
420 903 562 968 omnibus
577 922 649 968 cum
670 903 729 968 illa
743 904 888 986 gentibus
903 910 1004 986 erunt,
1036 905 1262 989 persecutionis
1284 931 1298 973 a

134 1010 219 1076 illius
248 1010 445 1076 immanitate
467 1008 618 1091 cingetur,
649 1007 707 1072 hoc
728 1013 776 1074 eet
805 1011 838 1073 in
861 1010 1021 1093 angustias
1044 1007 1264 1074 tribulationis

134 1114 296 1197 artabitur,
318 1111 511 1196 urguebitur,
538 1112 738 1177 concludetur
766 1129 823 1176 nec
845 1113 993 1176 militiam
1015 1130 1106 1176 suam
1129 1112 1262 1191 deseret,

133 1234 212 1300 quae
232 1216 384 1281 uocabulo
407 1218 455 1280 est
476 1214 635 1297 appellata
657 1218 838 1280 castrorum.

176 1333 262 1415 Quod
288 1355 361 1403 uero
383 1337 443 1402 ait:
466 1342 503 1401 et
526 1336 732 1401 descendit
754 1335 862 1418 ignis
885 1336 928 1399 de
951 1334 1057 1400 caelo
1080 1339 1117 1400 et
1141 1354 1263 1401 como·

47 1488 51 1496 .
134 1438 195 1505 dit
223 1458 304 1524 eos,
334 1457 394 1506 non
425 1440 598 1505 extremum
627 1440 802 1523 putandum
833 1441 881 1504 est
910 1441 941 1504 id
972 1458 1038 1504 esse
1060 1440 1261 1523 supplicium,
1272 1464 1299 1504 ro

132 1543 215 1626 quod
237 1545 306 1622 erit,
337 1563 410 1610 cum
432 1545 570 1610 dicetur:
602 1542 800 1609 discedite
823 1561 842 1607 a
863 1562 935 1621 me,
967 1542 1197 1620 maledicti,
1224 1546 1262 1609 in

133 1647 260 1730 ignem
290 1650 500 1713 aeternum.
539 1652 614 1712 tunc
644 1648 758 1730 quippe
788 1647 822 1712 in
852 1649 958 1729 ignem
988 1645 1158 1711 mittentur
1187 1648 1261 1730 ipsi,

132 1767 195 1816 non
223 1750 306 1834 ignis
328 1754 366 1817 de
389 1753 473 1817 caelo
495 1751 602 1816 ueniet
631 1750 663 1815 in
694 1750 787 1834 ipsos.
826 1750 878 1815 hie
899 1754 1004 1816 autem
1026 1750 1105 1815 bene
1134 1750 1263 1815 intelle-

133 1853 220 1937 gitur
240 1853 346 1937 ignis
360 1855 420 1919 'de
450 1856 561 1920 caelo
584 1855 622 1918 de
646 1855 714 1936 ipsa
735 1852 883 1919 firmitate
905 1856 1093 1929 sanctorum,
1116 1872 1178 1936 qua
1203 1874 1264 1920 non

133 1956 252 2023 cessuri
275 1963 348 2024 sunt
369 1956 591 2034 stertentibus,
616 1958 774 2021 uteorum
790 1956 1128 2022 faciantuoluntatem.
1151 1957 1299 2025 firma-u

133 2066 274 2126 mentum
296 2065 343 2127 est
365 2063 449 2127 enim
478 2062 608 2142 caelum,
644 2059 733 2125 cuius
767 2060 917 2125 firmitate
952 2058 1001 2123 illi
1035 2058 1262 2125 cruciabuntur

132 2165 353 2232 ardentissimo
375 2166 450 2244 zelo,
481 2163 629 2247 quoniam
652 2182 715 2228 non
736 2165 883 2248 poterunt
911 2163 1067 2228 attrahere
1099 2164 1132 2227 in
1154 2169 1261 2246 partes

133 2267 311 2334 antichristi
333 2272 457 2334 sanctos
473 2266 601 2333 Christi.
632 2273 664 2332 et
686 2267 752 2350 ipse
769 2268 829 2331 erit
849 2268 941 2351 ignis,
957 2267 1009 2349 qui
1033 2266 1175 2330 comedet
1198 2286 1261 2345 eos,

133 2376 165 2436 et
186 2372 244 2438 hoc
267 2390 286 2437 a
307 2370 389 2451 deo‚-
410 2370 484 2454 quia
517 2371 566 2435 dei
599 2389 726 2435 munere
759 2370 985 2453 insuperabiles
1018 2372 1111 2434 erunt
1140 2372 1262 2435 sancti:

130 2476 202 2540 inde
232 2474 448 2539 excruciantur
478 2473 607 2538 inimici.
646 2472 838 2538 sicutenim
868 2471 901 2536 in
930 2472 1010 2536 bono
1033 2472 1171 2554 positum
1195 2478 1301 2538 estzao

130 2577 238 2642 zelus
266 2577 399 2641 domus
430 2582 519 2641 tuae
541 2576 715 2642 comedit
736 2593 811 2660 me,
842 2574 887 2639 ita
909 2594 925 2639 e
949 2575 1120 2639 contrario:
1151 2575 1283 2667 aelus·

130 2679 344 2761 occupauit
373 2678 528 2761 plebem
558 2678 804 2743 ineruditam
833 2679 872 2742 et
901 2695 1003 2742 nunc
1033 2677 1143 2759 ignis
1174 2696 1263 2743 con·

50 2802 65 2824 ²
129 2780 279 2847 trarios
303 2782 489 2847 comedet.
526 2781 825 2864 etnubentium,
856 2784 984 2862 excepto
1007 2779 1128 2846 scilicet
1151 2780 1261 2847 ultimi

129 2884 216 2950 illius
238 2885 311 2970 igne
339 2883 458 2950 iudicii.
497 2885 553 2949 aut
575 2885 602 2949 si
624 2902 693 2949 eam
715 2885 851 2967 plagam,
882 2901 943 2965 qua
964 2882 1160 2966 percutiendi
1183 2888 1263 2950 sont

130 2988 279 3056 ecclesias
300 2991 510 3072 persecutores
532 2987 677 3054 ueniente
699 2987 763 3052 iam
786 2984 922 3067 omna,
945 3005 1021 3069 quos
1041 2985 1186 3052 uiuentes
1211 2990 1303 3060 in„

231 3195 357 3265 ilApoc
383 3193 466 3261 20‚9
570 3193 602 3246 ll
629 3192 729 3247 liatth.
755 3191 797 3259 25,
819 3192 854 3247 41
957 3191 1062 3247 a1Ps
1088 3192 1131 3254 68,
1157 3192 1192 3246 10

130 3281 285 3348 maan

181 3465 446 3536 lubicumqueTV:
465 3463 591 3534 ubiquoo
672 3464 850 3520 3ibierita:
868 3464 948 3520 ubia
966 3466 1033 3521 TVu
1113 3465 1177 3521 ⁴lab
1192 3469 1262 3523 TV:

126 3554 217 3607 cumo
302 3552 420 3608 inimicis
435 3551 499 3609 TV:
517 3550 638 3606 amiciso
729 3550 842 3621 bipseo
933 3555 1014 3606 erunt
1027 3551 1089 3607 TV:
1107 3552 1190 3606 erito

128 3638 306 3710 'turpabitur
326 3639 366 3695 db
456 3638 657 3694 concludituro
742 3638 845 3693 deseret
864 3639 918 3694 TV
933 3643 957 3704 (e
975 3640 1087 3694 tertiam
1104 3655 1141 3694 aa
1157 3639 1169 3692 i
1185 3655 1263 3696 corr.

51 3754 57 3765 ·
128 3740 163 3780 rra
176 3732 193 3782 1
207 3726 254 3795 Vl:
278 3727 406 3783 deserite
496 3723 697 3781 9desoendetc
782 3724 929 3781 comedetur
1016 3724 1189 3780 ildicituro

129 3811 164 3868 28
179 3811 367 3884 intellegitur·
387 3812 414 3869 T
509 3813 542 3867 15
560 3811 660 3866 casuri
680 3811 733 3867 Tur
760 3826 866 3865 cessura
887 3810 914 3864 V
1012 3811 1044 3865 16
1062 3810 1132 3864 enim
1151 3811 1262 3866 caelum

129 3899 210 3954 estu
323 3897 649 3966 incruentorum·
758 3896 1011 3967 lepronianum:
1038 3897 1263 3967 quiddam.)

131 3985 158 4040 Τ
256 3986 405 4056 potuerunt
429 3985 469 4041 To
491 3988 521 4055 (u
534 4000 580 4054 pr.
599 3984 651 4040 del.
668 3987 734 4040 Μ
752 3984 790 4051 Τ)
894 3983 1035 4037 adtrahere
1057 3981 1086 4051 (d
1104 3998 1139 4036 ea
1156 3985 1169 4038 t
1185 4000 1263 4041 corr.

127 4071 206 4141 Μ)
227 4072 253 4126 Τ
336 4072 369 4128 18
380 4073 487 4128 unctos
498 4070 613 4143 Christi]
625 4086 711 4127 omo
798 4069 830 4125 19
842 4069 914 4140 quia]
927 4068 1017 4139 quiP
1100 4067 1264 4127 deiPTV:

128 4156 259 4213 deeiusu
337 4157 503 4214 eruutMV:
521 4157 672 4213 fiuntPYe
752 4156 860 4212 mindo
874 4155 911 4211 V:
929 4155 998 4210 undo
1011 4156 1081 4210 PTo
1156 4155 1263 4215 Murum

127 4257 145 4298 v
242 4243 276 4298 22
293 4243 436 4312 occupabit
455 4245 507 4300 Po
604 4258 676 4298 nuno
697 4242 749 4298 Vc:
776 4247 841 4297 tunc
860 4244 887 4299 T
982 4241 1015 4296 25
1033 4240 1189 4298 uenicativ
