<?xml version="1.0" encoding="UTF-8"?>
<!DOCTYPE html PUBLIC "-//W3C//DTD XHTML 1.0 Transitional//EN"
    "http://www.w3.org/TR/xhtml1/DTD/xhtml1-transitional.dtd">
<html xmlns="http://www.w3.org/1999/xhtml" xml:lang="en" lang="en">
 <head>
  <title>
</title>
<meta http-equiv="Content-Type" content="text/html;charset=utf-8" />
  <meta name='ocr-system' content='tesseract 3.04.00' />
  <meta name='ocr-capabilities' content='ocr_page ocr_carea ocr_par ocr_line ocrx_word'/>
</head>
<body>
  <div class='ocr_page' id='page_1' title='image "./evgippiiexcerpt00kngoog/evgippiiexcerpt00kngoog_0994.png"; bbox 0 0 2760 4814; ppageno 0'>
   <div class='ocr_carea' id='block_1_1' title="bbox 336 355 1228 427">
    <p class='ocr_par' dir='ltr' id='par_1_1' title="bbox 336 355 1228 427">
     <span class='ocr_line' id='line_1_1' title="bbox 336 355 1228 427; baseline 0.008 -16"><span class='ocrx_word' id='word_1_1' title='bbox 336 355 502 426; x_wconf 80' lang='lat' dir='ltr'><strong>Excerpta</strong></span> <span class='ocrx_word' id='word_1_2' title='bbox 519 372 555 411; x_wconf 88' lang='lat' dir='ltr'><strong>ex</strong></span> <span class='ocrx_word' id='word_1_3' title='bbox 572 372 643 427; x_wconf 86' lang='lat' dir='ltr'><strong>opp.</strong></span> <span class='ocrx_word' id='word_1_4' title='bbox 661 355 688 411; x_wconf 83' lang='lat'><strong>8.</strong></span> <span class='ocrx_word' id='word_1_5' title='bbox 705 357 893 425; x_wconf 76' lang='lat' dir='ltr'>Augustini</span> <span class='ocrx_word' id='word_1_6' title='bbox 914 356 988 413; x_wconf 86' lang='grc'><strong>000.</strong></span> <span class='ocrx_word' id='word_1_7' title='bbox 1165 360 1228 425; x_wconf 84' lang='grc'><strong>971</strong></span> 
     </span>
    </p>
   </div>
   <div class='ocr_carea' id='block_1_2' title="bbox 87 546 1227 3417">
    <p class='ocr_par' dir='ltr' id='par_1_2' title="bbox 88 546 1227 2385">
     <span class='ocr_line' id='line_1_2' title="bbox 136 546 1227 632; baseline -0.002 -18"><span class='ocrx_word' id='word_1_8' title='bbox 136 546 264 614; x_wconf 80' lang='lat' dir='ltr'><strong>Similia</strong></span> <span class='ocrx_word' id='word_1_9' title='bbox 285 551 358 613; x_wconf 90' lang='lat' dir='ltr'><strong>sunt</strong></span> <span class='ocrx_word' id='word_1_10' title='bbox 380 549 486 612; x_wconf 91' lang='lat' dir='ltr'><strong>autem</strong></span> <span class='ocrx_word' id='word_1_11' title='bbox 501 547 630 612; x_wconf 87' lang='lat' dir='ltr'><strong>somniis</strong></span> <span class='ocrx_word' id='word_1_12' title='bbox 648 547 800 612; x_wconf 88' lang='lat' dir='ltr'><strong>nonnulla</strong></span> <span class='ocrx_word' id='word_1_13' title='bbox 815 547 912 612; x_wconf 91' lang='lat' dir='ltr'><strong>etiam</strong></span> <span class='ocrx_word' id='word_1_14' title='bbox 927 548 997 613; x_wconf 91' lang='lat' dir='ltr'><strong>uisa</strong></span> <span class='ocrx_word' id='word_1_15' title='bbox 1012 547 1227 632; x_wconf 86' lang='lat' dir='ltr'><strong>uigilantium,</strong></span> 
     </span>
     <span class='ocr_line' id='line_1_3' title="bbox 88 649 1226 734; baseline 0.002 -19"><span class='ocrx_word' id='word_1_16' title='bbox 88 649 147 733; x_wconf 91' lang='lat' dir='ltr'><strong>qui</strong></span> <span class='ocrx_word' id='word_1_17' title='bbox 178 650 322 716; x_wconf 89' lang='lat' dir='ltr'><strong>turbatos</strong></span> <span class='ocrx_word' id='word_1_18' title='bbox 350 650 467 715; x_wconf 88' lang='lat' dir='ltr'><strong>habent</strong></span> <span class='ocrx_word' id='word_1_19' title='bbox 494 668 612 728; x_wconf 84' lang='lat' dir='ltr'><strong>sensus,</strong></span> <span class='ocrx_word' id='word_1_20' title='bbox 645 651 727 716; x_wconf 89' lang='lat' dir='ltr'><strong>siout</strong></span> <span class='ocrx_word' id='word_1_21' title='bbox 754 650 929 734; x_wconf 78' lang='lat' dir='ltr'><strong>phrenetici</strong></span> <span class='ocrx_word' id='word_1_22' title='bbox 958 651 1009 716; x_wconf 94' lang='lat' dir='ltr'><strong>uel</strong></span> <span class='ocrx_word' id='word_1_23' title='bbox 1032 669 1226 734; x_wconf 85' lang='lat' dir='ltr'><strong>quocumque</strong></span> 
     </span>
     <span class='ocr_line' id='line_1_4' title="bbox 90 753 1227 838; baseline 0.001 -19"><span class='ocrx_word' id='word_1_24' title='bbox 90 753 234 819; x_wconf 86' lang='lat' dir='ltr'><strong>furentes</strong></span> <span class='ocrx_word' id='word_1_25' title='bbox 257 756 357 819; x_wconf 91' lang='lat' dir='ltr'><strong>modo.</strong></span> <span class='ocrx_word' id='word_1_26' title='bbox 388 772 462 818; x_wconf 90' lang='lat' dir='ltr'><strong>nam</strong></span> <span class='ocrx_word' id='word_1_27' title='bbox 484 758 516 819; x_wconf 91' lang='lat' dir='ltr'><strong>et</strong></span> <span class='ocrx_word' id='word_1_28' title='bbox 537 754 598 836; x_wconf 90' lang='lat' dir='ltr'><strong>ipsi</strong></span> <span class='ocrx_word' id='word_1_29' title='bbox 616 755 761 820; x_wconf 89' lang='lat' dir='ltr'><strong>locuntur</strong></span> <span class='ocrx_word' id='word_1_30' title='bbox 776 772 868 838; x_wconf 86' lang='lat' dir='ltr'><strong>saepe</strong></span> <span class='ocrx_word' id='word_1_31' title='bbox 883 773 955 820; x_wconf 86' lang='lat' dir='ltr'><strong>cunr</strong></span> <span class='ocrx_word' id='word_1_32' title='bbox 970 772 1043 820; x_wconf 88' lang='lat' dir='ltr'><strong>uere</strong></span> <span class='ocrx_word' id='word_1_33' title='bbox 1055 755 1227 837; x_wconf 86' lang='lat' dir='ltr'><strong>praesenti·</strong></span> 
     </span>
     <span class='ocr_line' id='line_1_5' title="bbox 88 855 1224 942; baseline 0.001 -21"><span class='ocrx_word' id='word_1_34' title='bbox 88 857 163 934; x_wconf 88' lang='lat' dir='ltr'><strong>bus,</strong></span> <span class='ocrx_word' id='word_1_35' title='bbox 186 856 329 922; x_wconf 87' lang='lat' dir='ltr'><strong>locuntur</strong></span> <span class='ocrx_word' id='word_1_36' title='bbox 351 855 448 921; x_wconf 90' lang='lat' dir='ltr'><strong>etiam</strong></span> <span class='ocrx_word' id='word_1_37' title='bbox 472 876 543 922; x_wconf 88' lang='lat' dir='ltr'><strong>cum</strong></span> <span class='ocrx_word' id='word_1_38' title='bbox 565 857 756 939; x_wconf 82' lang='lat' dir='ltr'><strong>absentibus,</strong></span> <span class='ocrx_word' id='word_1_39' title='bbox 780 876 911 940; x_wconf 87' lang='lat' dir='ltr'><strong>quorum</strong></span> <span class='ocrx_word' id='word_1_40' title='bbox 924 859 1077 942; x_wconf 88' lang='lat' dir='ltr'><strong>imagines</strong></span> <span class='ocrx_word' id='word_1_41' title='bbox 1093 862 1224 924; x_wconf 88' lang='lat' dir='ltr'><strong>cernunt</strong></span> 
     </span>
     <span class='ocr_line' id='line_1_6' title="bbox 88 959 1226 1044; baseline 0.002 -20"><span class='ocrx_word' id='word_1_42' title='bbox 88 959 160 1025; x_wconf 89' lang='lat' dir='ltr'><strong>sino</strong></span> <span class='ocrx_word' id='word_1_43' title='bbox 195 959 341 1024; x_wconf 88' lang='lat' dir='ltr'><strong>uiuorum</strong></span> <span class='ocrx_word' id='word_1_44' title='bbox 378 959 445 1024; x_wconf 89' lang='lat' dir='ltr'><strong>siue</strong></span> <span class='ocrx_word' id='word_1_45' title='bbox 481 961 686 1025; x_wconf 87' lang='lat' dir='ltr'><strong>mortuorum.</strong></span> <span class='ocrx_word' id='word_1_46' title='bbox 724 962 778 1026; x_wconf 91' lang='lat' dir='ltr'><strong>sod</strong></span> <span class='ocrx_word' id='word_1_47' title='bbox 811 962 1076 1043; x_wconf 76' lang='lat' dir='ltr'><strong>quemadmodum</strong></span> <span class='ocrx_word' id='word_1_48' title='bbox 1110 962 1143 1026; x_wconf 91' lang='lat' dir='ltr'><strong>bi</strong></span> <span class='ocrx_word' id='word_1_49' title='bbox 1171 961 1226 1044; x_wconf 95' lang='lat' dir='ltr'><strong>qui</strong></span> 
     </span>
     <span class='ocr_line' id='line_1_7' title="bbox 90 1061 1225 1147; baseline 0.003 -20"><span class='ocrx_word' id='word_1_50' title='bbox 90 1061 210 1127; x_wconf 89' lang='lat' dir='ltr'><strong>uiuunt</strong></span> <span class='ocrx_word' id='word_1_51' title='bbox 232 1061 271 1127; x_wconf 90' lang='lat' dir='ltr'><strong>ab</strong></span> <span class='ocrx_word' id='word_1_52' title='bbox 295 1062 340 1126; x_wconf 92' lang='lat' dir='ltr'><strong>eis</strong></span> <span class='ocrx_word' id='word_1_53' title='bbox 363 1081 396 1127; x_wconf 91' lang='lat' dir='ltr'><strong>se</strong></span> <span class='ocrx_word' id='word_1_54' title='bbox 418 1064 519 1128; x_wconf 91' lang='lat' dir='ltr'><strong>uideri</strong></span> <span class='ocrx_word' id='word_1_55' title='bbox 542 1066 575 1128; x_wconf 90' lang='lat' dir='ltr'><strong>et</strong></span> <span class='ocrx_word' id='word_1_56' title='bbox 598 1082 669 1128; x_wconf 91' lang='lat' dir='ltr'><strong>cum</strong></span> <span class='ocrx_word' id='word_1_57' title='bbox 693 1064 737 1128; x_wconf 89' lang='lat' dir='ltr'><strong>eis</strong></span> <span class='ocrx_word' id='word_1_58' title='bbox 755 1083 788 1127; x_wconf 90' lang='lat' dir='ltr'><strong>se</strong></span> <span class='ocrx_word' id='word_1_59' title='bbox 808 1064 895 1146; x_wconf 92' lang='lat' dir='ltr'><strong>loqui</strong></span> <span class='ocrx_word' id='word_1_60' title='bbox 910 1063 1110 1129; x_wconf 89' lang='lat' dir='ltr'><strong>nesciunt-</strong></span> <span class='ocrx_word' id='word_1_61' title='bbox 1127 1082 1225 1147; x_wconf 89' lang='lat' dir='ltr'><strong>neque</strong></span> 
     </span>
     <span class='ocr_line' id='line_1_8' title="bbox 90 1165 1223 1247; baseline 0.003 -18"><span class='ocrx_word' id='word_1_62' title='bbox 90 1165 178 1230; x_wconf 89' lang='lat' dir='ltr'><strong>enim</strong></span> <span class='ocrx_word' id='word_1_63' title='bbox 201 1183 234 1228; x_wconf 96' lang='lat' dir='ltr'><strong>re</strong></span> <span class='ocrx_word' id='word_1_64' title='bbox 257 1183 331 1229; x_wconf 88' lang='lat' dir='ltr'><strong>uera</strong></span> <span class='ocrx_word' id='word_1_65' title='bbox 352 1165 411 1247; x_wconf 86' lang='lat' dir='ltr'><strong>ipsi</strong></span> <span class='ocrx_word' id='word_1_66' title='bbox 434 1165 548 1230; x_wconf 75' lang='lat' dir='ltr'><strong>adsum</strong></span> <span class='ocrx_word' id='word_1_67' title='bbox 572 1169 627 1231; x_wconf 91' lang='lat' dir='ltr'><strong>aut</strong></span> <span class='ocrx_word' id='word_1_68' title='bbox 649 1166 710 1247; x_wconf 87' lang='lat' dir='ltr'><strong>ipsi</strong></span> <span class='ocrx_word' id='word_1_69' title='bbox 733 1167 988 1242; x_wconf 74' lang='lat' dir='ltr'><strong>sermocinantur,</strong></span> <span class='ocrx_word' id='word_1_70' title='bbox 1011 1169 1065 1232; x_wconf 88' lang='lat' dir='ltr'><strong>sed</strong></span> <span class='ocrx_word' id='word_1_71' title='bbox 1088 1169 1223 1232; x_wconf 89' lang='lat' dir='ltr'><strong>turbatis</strong></span> 
     </span>
     <span class='ocr_line' id='line_1_9' title="bbox 89 1267 1224 1353; baseline 0.003 -22"><span class='ocrx_word' id='word_1_72' title='bbox 89 1267 235 1332; x_wconf 86' lang='lat' dir='ltr'><strong>sensibus</strong></span> <span class='ocrx_word' id='word_1_73' title='bbox 256 1267 398 1332; x_wconf 90' lang='lat' dir='ltr'><strong>homines</strong></span> <span class='ocrx_word' id='word_1_74' title='bbox 427 1268 506 1333; x_wconf 90' lang='lat' dir='ltr'><strong>talia</strong></span> <span class='ocrx_word' id='word_1_75' title='bbox 528 1271 596 1333; x_wconf 88' lang='lat' dir='ltr'><strong>uisa</strong></span> <span class='ocrx_word' id='word_1_76' title='bbox 617 1268 805 1351; x_wconf 86' lang='lat' dir='ltr'><strong>imaginaria</strong></span> <span class='ocrx_word' id='word_1_77' title='bbox 826 1269 990 1353; x_wconf 87' lang='lat' dir='ltr'><strong>patiuntur</strong></span> <span class='ocrx_word' id='word_1_78' title='bbox 1013 1305 1052 1315; x_wconf 89' lang='lat'>-</span> <span class='ocrx_word' id='word_1_79' title='bbox 1076 1286 1110 1332; x_wconf 93' lang='lat' dir='ltr'><strong>eo</strong></span> <span class='ocrx_word' id='word_1_80' title='bbox 1133 1271 1224 1335; x_wconf 91' lang='lat' dir='ltr'><strong>modo</strong></span> 
     </span>
     <span class='ocr_line' id='line_1_10' title="bbox 90 1369 1227 1455; baseline 0.004 -22"><span class='ocrx_word' id='word_1_81' title='bbox 90 1374 123 1434; x_wconf 92' lang='lat' dir='ltr'><strong>et</strong></span> <span class='ocrx_word' id='word_1_82' title='bbox 145 1369 178 1434; x_wconf 91' lang='lat' dir='ltr'><strong>hi</strong></span> <span class='ocrx_word' id='word_1_83' title='bbox 201 1371 254 1452; x_wconf 90' lang='lat' dir='ltr'><strong>qui</strong></span> <span class='ocrx_word' id='word_1_84' title='bbox 278 1389 313 1434; x_wconf 87' lang='lat' dir='ltr'><strong>ex</strong></span> <span class='ocrx_word' id='word_1_85' title='bbox 335 1371 393 1436; x_wconf 94' lang='lat' dir='ltr'><strong>bac</strong></span> <span class='ocrx_word' id='word_1_86' title='bbox 408 1371 476 1436; x_wconf 88' lang='lat' dir='ltr'><strong>uita</strong></span> <span class='ocrx_word' id='word_1_87' title='bbox 491 1373 666 1455; x_wconf 89' lang='lat' dir='ltr'><strong>migrarunt</strong></span> <span class='ocrx_word' id='word_1_88' title='bbox 689 1372 735 1436; x_wconf 88' lang='lat' dir='ltr'><strong>sic</strong></span> <span class='ocrx_word' id='word_1_89' title='bbox 754 1371 876 1437; x_wconf 83' lang='lat' dir='ltr'><strong>affectis</strong></span> <span class='ocrx_word' id='word_1_90' title='bbox 899 1372 1063 1437; x_wconf 91' lang='lat' dir='ltr'><strong>hominum</strong></span> <span class='ocrx_word' id='word_1_91' title='bbox 1078 1372 1227 1438; x_wconf 87' lang='lat' dir='ltr'><strong>uidentur</strong></span> 
     </span>
     <span class='ocr_line' id='line_1_11' title="bbox 91 1474 1225 1559; baseline 0.004 -22"><span class='ocrx_word' id='word_1_92' title='bbox 91 1474 183 1557; x_wconf 87' lang='lat' dir='ltr'><strong>qnasi</strong></span> <span class='ocrx_word' id='word_1_93' title='bbox 211 1476 399 1555; x_wconf 85' lang='lat' dir='ltr'><strong>praesentes,</strong></span> <span class='ocrx_word' id='word_1_94' title='bbox 430 1494 500 1539; x_wconf 90' lang='lat' dir='ltr'><strong>eum</strong></span> <span class='ocrx_word' id='word_1_95' title='bbox 530 1477 596 1539; x_wconf 88' lang='lat' dir='ltr'><strong>sint</strong></span> <span class='ocrx_word' id='word_1_96' title='bbox 625 1477 767 1541; x_wconf 87' lang='lat' dir='ltr'><strong>absentes</strong></span> <span class='ocrx_word' id='word_1_97' title='bbox 796 1478 826 1539; x_wconf 90' lang='lat' dir='ltr'><strong>et</strong></span> <span class='ocrx_word' id='word_1_98' title='bbox 856 1479 964 1540; x_wconf 89' lang='lat' dir='ltr'><strong>utrum</strong></span> <span class='ocrx_word' id='word_1_99' title='bbox 995 1475 1093 1559; x_wconf 87' lang='lat' dir='ltr'><strong>aliqui</strong></span> <span class='ocrx_word' id='word_1_100' title='bbox 1120 1495 1225 1542; x_wconf 89' lang='lat' dir='ltr'><strong>eorum</strong></span> 
     </span>
     <span class='ocr_line' id='line_1_12' title="bbox 90 1574 1226 1660; baseline 0.002 -20"><span class='ocrx_word' id='word_1_101' title='bbox 90 1574 309 1660; x_wconf 83' lang='lat' dir='ltr'><strong>imaginaliter</strong></span> <span class='ocrx_word' id='word_1_102' title='bbox 331 1577 437 1642; x_wconf 87' lang='lat' dir='ltr'><strong>uideat</strong></span> <span class='ocrx_word' id='word_1_103' title='bbox 459 1579 585 1642; x_wconf 91' lang='lat' dir='ltr'><strong>omnino</strong></span> <span class='ocrx_word' id='word_1_104' title='bbox 609 1578 789 1643; x_wconf 84' lang='lat' dir='ltr'><strong>nescientes.</strong></span> <span class='ocrx_word' id='word_1_105' title='bbox 828 1577 900 1643; x_wconf 90' lang='lat' dir='ltr'><strong>huic</strong></span> <span class='ocrx_word' id='word_1_106' title='bbox 930 1578 976 1642; x_wconf 87' lang='lat' dir='ltr'><strong>rei</strong></span> <span class='ocrx_word' id='word_1_107' title='bbox 999 1578 1101 1643; x_wconf 89' lang='lat' dir='ltr'><strong>simile</strong></span> <span class='ocrx_word' id='word_1_108' title='bbox 1123 1580 1171 1642; x_wconf 90' lang='lat' dir='ltr'><strong>est</strong></span> <span class='ocrx_word' id='word_1_109' title='bbox 1194 1583 1226 1643; x_wconf 93' lang='lat' dir='ltr'><strong>et</strong></span> 
     </span>
     <span class='ocr_line' id='line_1_13' title="bbox 89 1680 1226 1765; baseline 0 -19"><span class='ocrx_word' id='word_1_110' title='bbox 89 1680 184 1760; x_wconf 91' lang='lat' dir='ltr'><strong>illud,</strong></span> <span class='ocrx_word' id='word_1_111' title='bbox 214 1698 286 1745; x_wconf 87' lang='lat' dir='ltr'><strong>cum</strong></span> <span class='ocrx_word' id='word_1_112' title='bbox 314 1680 456 1747; x_wconf 92' lang='lat' dir='ltr'><strong>homines</strong></span> <span class='ocrx_word' id='word_1_113' title='bbox 479 1682 586 1761; x_wconf 90' lang='lat' dir='ltr'><strong>altius,</strong></span> <span class='ocrx_word' id='word_1_114' title='bbox 617 1700 711 1764; x_wconf 87' lang='lat' dir='ltr'><strong>quam</strong></span> <span class='ocrx_word' id='word_1_115' title='bbox 734 1681 762 1746; x_wconf 90' lang='lat' dir='ltr'><strong>si</strong></span> <span class='ocrx_word' id='word_1_116' title='bbox 785 1683 965 1765; x_wconf 87' lang='lat' dir='ltr'><strong>dormirent,</strong></span> <span class='ocrx_word' id='word_1_117' title='bbox 997 1681 1226 1747; x_wconf 89' lang='lat' dir='ltr'><strong>subtrabuntur</strong></span> 
     </span>
     <span class='ocr_line' id='line_1_14' title="bbox 89 1784 1223 1867; baseline -0.002 -17"><span class='ocrx_word' id='word_1_118' title='bbox 89 1784 306 1866; x_wconf 86' lang='lat' dir='ltr'><strong>corporalibus</strong></span> <span class='ocrx_word' id='word_1_119' title='bbox 329 1786 473 1850; x_wconf 90' lang='lat' dir='ltr'><strong>sensibus</strong></span> <span class='ocrx_word' id='word_1_120' title='bbox 495 1790 527 1850; x_wconf 85' lang='lat' dir='ltr'><strong>et</strong></span> <span class='ocrx_word' id='word_1_121' title='bbox 550 1788 741 1867; x_wconf 89' lang='lat' dir='ltr'><strong>occupantur</strong></span> <span class='ocrx_word' id='word_1_122' title='bbox 763 1785 880 1852; x_wconf 90' lang='lat' dir='ltr'><strong>talibus</strong></span> <span class='ocrx_word' id='word_1_123' title='bbox 904 1785 992 1850; x_wconf 89' lang='lat' dir='ltr'><strong>uisis.</strong></span> <span class='ocrx_word' id='word_1_124' title='bbox 1024 1787 1056 1850; x_wconf 89' lang='lat' dir='ltr'><strong>ot</strong></span> <span class='ocrx_word' id='word_1_125' title='bbox 1077 1787 1124 1851; x_wconf 90' lang='lat' dir='ltr'><strong>his</strong></span> <span class='ocrx_word' id='word_1_126' title='bbox 1142 1786 1223 1849; x_wconf 90' lang='lat' dir='ltr'><strong>enim</strong></span> 
     </span>
     <span class='ocr_line' id='line_1_15' title="bbox 89 1887 1222 1973; baseline -0.004 -18"><span class='ocrx_word' id='word_1_127' title='bbox 89 1888 242 1973; x_wconf 85' lang='lat' dir='ltr'><strong>apparent</strong></span> <span class='ocrx_word' id='word_1_128' title='bbox 264 1887 419 1971; x_wconf 86' lang='lat' dir='ltr'><strong>imagines</strong></span> <span class='ocrx_word' id='word_1_129' title='bbox 435 1889 578 1954; x_wconf 91' lang='lat' dir='ltr'><strong>uiuorum</strong></span> <span class='ocrx_word' id='word_1_130' title='bbox 593 1891 686 1971; x_wconf 89' lang='lat' dir='ltr'><strong>atque</strong></span> <span class='ocrx_word' id='word_1_131' title='bbox 703 1893 913 1966; x_wconf 90' lang='lat' dir='ltr'><strong>mortuorum,</strong></span> <span class='ocrx_word' id='word_1_132' title='bbox 948 1893 1002 1956; x_wconf 85' lang='lat' dir='ltr'><strong>sed</strong></span> <span class='ocrx_word' id='word_1_133' title='bbox 1018 1908 1089 1954; x_wconf 85' lang='lat' dir='ltr'><strong>cum</strong></span> <span class='ocrx_word' id='word_1_134' title='bbox 1104 1888 1222 1955; x_wconf 85' lang='lat' dir='ltr'><strong>fuerint</strong></span> 
     </span>
     <span class='ocr_line' id='line_1_16' title="bbox 89 1989 1222 2075; baseline -0.003 -18"><span class='ocrx_word' id='word_1_135' title='bbox 89 1989 236 2057; x_wconf 89' lang='lat' dir='ltr'><strong>sensibus</strong></span> <span class='ocrx_word' id='word_1_136' title='bbox 269 1990 392 2067; x_wconf 88' lang='lat' dir='ltr'><strong>redditi,</strong></span> <span class='ocrx_word' id='word_1_137' title='bbox 427 2010 636 2075; x_wconf 87' lang='lat' dir='ltr'><strong>quoscumque</strong></span> <span class='ocrx_word' id='word_1_138' title='bbox 670 1996 806 2058; x_wconf 92' lang='lat' dir='ltr'><strong>mortuos</strong></span> <span class='ocrx_word' id='word_1_139' title='bbox 836 1993 953 2059; x_wconf 87' lang='lat' dir='ltr'><strong>uidisse</strong></span> <span class='ocrx_word' id='word_1_140' title='bbox 982 1994 1126 2071; x_wconf 81' lang='lat' dir='ltr'><strong>dixerint,</strong></span> <span class='ocrx_word' id='word_1_141' title='bbox 1151 2010 1222 2054; x_wconf 89' lang='lat' dir='ltr'><strong>uere</strong></span> 
     </span>
     <span class='ocr_line' id='line_1_17' title="bbox 89 2094 1221 2178; baseline -0.004 -16"><span class='ocrx_word' id='word_1_142' title='bbox 89 2114 163 2162; x_wconf 92' lang='lat' dir='ltr'><strong>cum</strong></span> <span class='ocrx_word' id='word_1_143' title='bbox 197 2094 243 2159; x_wconf 91' lang='lat' dir='ltr'><strong>eis</strong></span> <span class='ocrx_word' id='word_1_144' title='bbox 276 2094 372 2159; x_wconf 86' lang='lat' dir='ltr'><strong>fuisse</strong></span> <span class='ocrx_word' id='word_1_145' title='bbox 408 2094 577 2159; x_wconf 90' lang='lat' dir='ltr'><strong>creduntur</strong></span> <span class='ocrx_word' id='word_1_146' title='bbox 611 2114 667 2160; x_wconf 91' lang='lat' dir='ltr'><strong>nec</strong></span> <span class='ocrx_word' id='word_1_147' title='bbox 696 2095 866 2161; x_wconf 86' lang='lat' dir='ltr'><strong>attendunt</strong></span> <span class='ocrx_word' id='word_1_148' title='bbox 895 2097 948 2178; x_wconf 92' lang='lat' dir='ltr'><strong>qui</strong></span> <span class='ocrx_word' id='word_1_149' title='bbox 980 2095 1057 2160; x_wconf 87' lang='lat' dir='ltr'><strong>haee</strong></span> <span class='ocrx_word' id='word_1_150' title='bbox 1090 2096 1221 2159; x_wconf 88' lang='lat' dir='ltr'><strong>audiunt</strong></span> 
     </span>
     <span class='ocr_line' id='line_1_18' title="bbox 89 2197 1220 2282; baseline -0.002 -19"><span class='ocrx_word' id='word_1_151' title='bbox 89 2198 241 2265; x_wconf 87' lang='lat' dir='ltr'><strong>similiter</strong></span> <span class='ocrx_word' id='word_1_152' title='bbox 263 2197 303 2264; x_wconf 86' lang='lat' dir='ltr'><strong>ab</strong></span> <span class='ocrx_word' id='word_1_153' title='bbox 326 2201 371 2264; x_wconf 89' lang='lat' dir='ltr'><strong>eis</strong></span> <span class='ocrx_word' id='word_1_154' title='bbox 394 2199 572 2264; x_wconf 90' lang='lat' dir='ltr'><strong>absentium</strong></span> <span class='ocrx_word' id='word_1_155' title='bbox 586 2204 680 2281; x_wconf 88' lang='lat' dir='ltr'><strong>atque</strong></span> <span class='ocrx_word' id='word_1_156' title='bbox 696 2199 900 2265; x_wconf 89' lang='lat' dir='ltr'><strong>nescientium</strong></span> <span class='ocrx_word' id='word_1_157' title='bbox 916 2200 1108 2282; x_wconf 88' lang='lat' dir='ltr'><strong>quorundam</strong></span> <span class='ocrx_word' id='word_1_158' title='bbox 1124 2201 1220 2262; x_wconf 89' lang='lat' dir='ltr'><strong>etiam</strong></span> 
     </span>
     <span class='ocr_line' id='line_1_19' title="bbox 88 2302 626 2385; baseline -0.006 -17"><span class='ocrx_word' id='word_1_159' title='bbox 88 2302 247 2385; x_wconf 85' lang='lat' dir='ltr'><strong>imagines</strong></span> <span class='ocrx_word' id='word_1_160' title='bbox 271 2302 356 2367; x_wconf 88' lang='lat' dir='ltr'><strong>uisas</strong></span> <span class='ocrx_word' id='word_1_161' title='bbox 379 2321 445 2367; x_wconf 85' lang='lat' dir='ltr'><strong>osae</strong></span> <span class='ocrx_word' id='word_1_162' title='bbox 469 2303 626 2368; x_wconf 89' lang='lat' dir='ltr'><strong>uiuorum.</strong></span> 
     </span>
    </p>

    <p class='ocr_par' dir='ltr' id='par_1_3' title="bbox 87 2404 1223 3210">
     <span class='ocr_line' id='line_1_20' title="bbox 132 2404 1220 2492; baseline -0.004 -21"><span class='ocrx_word' id='word_1_163' title='bbox 132 2406 185 2472; x_wconf 94' lang='lat' dir='ltr'><strong>lbi</strong></span> <span class='ocrx_word' id='word_1_164' title='bbox 214 2423 288 2492; x_wconf 84' lang='lat' dir='ltr'><strong>ergo</strong></span> <span class='ocrx_word' id='word_1_165' title='bbox 318 2411 392 2471; x_wconf 88' lang='lat' dir='ltr'><strong>sunt</strong></span> <span class='ocrx_word' id='word_1_166' title='bbox 419 2407 549 2487; x_wconf 88' lang='lat' dir='ltr'><strong>spiritus</strong></span> <span class='ocrx_word' id='word_1_167' title='bbox 580 2406 807 2483; x_wconf 86' lang='lat' dir='ltr'><strong>defunctorum,</strong></span> <span class='ocrx_word' id='word_1_168' title='bbox 831 2406 886 2471; x_wconf 93' lang='lat' dir='ltr'><strong>ubi</strong></span> <span class='ocrx_word' id='word_1_169' title='bbox 908 2423 970 2470; x_wconf 92' lang='lat' dir='ltr'><strong>non</strong></span> <span class='ocrx_word' id='word_1_170' title='bbox 991 2404 1103 2470; x_wconf 92' lang='lat' dir='ltr'><strong>uident</strong></span> <span class='ocrx_word' id='word_1_171' title='bbox 1125 2422 1220 2487; x_wconf 86' lang='lat' dir='ltr'><strong>quae-</strong></span> 
     </span>
     <span class='ocr_line' id='line_1_21' title="bbox 89 2508 1222 2592; baseline 0.001 -19"><span class='ocrx_word' id='word_1_172' title='bbox 89 2526 225 2592; x_wconf 87' lang='lat' dir='ltr'><strong>cumque</strong></span> <span class='ocrx_word' id='word_1_173' title='bbox 247 2513 386 2592; x_wconf 87' lang='lat' dir='ltr'><strong>aguntur</strong></span> <span class='ocrx_word' id='word_1_174' title='bbox 408 2512 463 2575; x_wconf 89' lang='lat' dir='ltr'><strong>aut</strong></span> <span class='ocrx_word' id='word_1_175' title='bbox 484 2512 632 2576; x_wconf 91' lang='lat' dir='ltr'><strong>eueniunt</strong></span> <span class='ocrx_word' id='word_1_176' title='bbox 654 2510 687 2575; x_wconf 91' lang='lat' dir='ltr'><strong>in</strong></span> <span class='ocrx_word' id='word_1_177' title='bbox 703 2511 765 2574; x_wconf 88' lang='lat' dir='ltr'><strong>ista</strong></span> <span class='ocrx_word' id='word_1_178' title='bbox 779 2509 942 2574; x_wconf 92' lang='lat' dir='ltr'><strong>hominum</strong></span> <span class='ocrx_word' id='word_1_179' title='bbox 962 2508 1045 2573; x_wconf 89' lang='lat' dir='ltr'><strong>uita:</strong></span> <span class='ocrx_word' id='word_1_180' title='bbox 1069 2508 1222 2590; x_wconf 90' lang='lat' dir='ltr'><strong>quomodo</strong></span> 
     </span>
     <span class='ocr_line' id='line_1_22' title="bbox 88 2610 1220 2695; baseline -0.001 -18"><span class='ocrx_word' id='word_1_181' title='bbox 88 2610 201 2678; x_wconf 90' lang='lat' dir='ltr'><strong>uident</strong></span> <span class='ocrx_word' id='word_1_182' title='bbox 227 2612 366 2678; x_wconf 89' lang='lat' dir='ltr'><strong>tumulos</strong></span> <span class='ocrx_word' id='word_1_183' title='bbox 393 2631 464 2678; x_wconf 87' lang='lat' dir='ltr'><strong>suos</strong></span> <span class='ocrx_word' id='word_1_184' title='bbox 495 2614 551 2678; x_wconf 91' lang='lat' dir='ltr'><strong>aut</strong></span> <span class='ocrx_word' id='word_1_185' title='bbox 580 2630 709 2695; x_wconf 85' lang='lat' dir='ltr'><strong>corpora</strong></span> <span class='ocrx_word' id='word_1_186' title='bbox 736 2630 802 2689; x_wconf 89' lang='lat' dir='ltr'><strong>sua,</strong></span> <span class='ocrx_word' id='word_1_187' title='bbox 824 2615 932 2678; x_wconf 86' lang='lat' dir='ltr'><strong>utrum</strong></span> <span class='ocrx_word' id='word_1_188' title='bbox 955 2610 1076 2676; x_wconf 88' lang='lat' dir='ltr'><strong>abiecta</strong></span> <span class='ocrx_word' id='word_1_189' title='bbox 1098 2612 1220 2676; x_wconf 88' lang='lat' dir='ltr'><strong>iaceant</strong></span> 
     </span>
     <span class='ocr_line' id='line_1_23' title="bbox 88 2713 1223 2797; baseline -0.002 -18"><span class='ocrx_word' id='word_1_190' title='bbox 88 2732 128 2779; x_wconf 89' lang='lat' dir='ltr'><strong>an</strong></span> <span class='ocrx_word' id='word_1_191' title='bbox 150 2714 296 2796; x_wconf 79' lang='lat' dir='ltr'><strong>sepulta?</strong></span> <span class='ocrx_word' id='word_1_192' title='bbox 311 2714 463 2797; x_wconf 88' lang='lat' dir='ltr'><strong>quomodo</strong></span> <span class='ocrx_word' id='word_1_193' title='bbox 485 2715 644 2781; x_wconf 89' lang='lat' dir='ltr'><strong>intersunt</strong></span> <span class='ocrx_word' id='word_1_194' title='bbox 665 2715 810 2781; x_wconf 90' lang='lat' dir='ltr'><strong>miseriae</strong></span> <span class='ocrx_word' id='word_1_195' title='bbox 832 2716 987 2792; x_wconf 89' lang='lat' dir='ltr'><strong>uiuorum,</strong></span> <span class='ocrx_word' id='word_1_196' title='bbox 1012 2731 1085 2779; x_wconf 91' lang='lat' dir='ltr'><strong>cum</strong></span> <span class='ocrx_word' id='word_1_197' title='bbox 1101 2713 1152 2778; x_wconf 92' lang='lat' dir='ltr'><strong>uel</strong></span> <span class='ocrx_word' id='word_1_198' title='bbox 1167 2732 1223 2778; x_wconf 89' lang='lat' dir='ltr'><strong>sua</strong></span> 
     </span>
     <span class='ocr_line' id='line_1_24' title="bbox 87 2816 1222 2900; baseline 0 -19"><span class='ocrx_word' id='word_1_199' title='bbox 87 2816 151 2899; x_wconf 88' lang='lat' dir='ltr'><strong>ipsi</strong></span> <span class='ocrx_word' id='word_1_200' title='bbox 173 2816 258 2883; x_wconf 89' lang='lat' dir='ltr'><strong>mala</strong></span> <span class='ocrx_word' id='word_1_201' title='bbox 279 2818 451 2900; x_wconf 87' lang='lat' dir='ltr'><strong>patiantur,</strong></span> <span class='ocrx_word' id='word_1_202' title='bbox 475 2820 502 2883; x_wconf 88' lang='lat' dir='ltr'><strong>si</strong></span> <span class='ocrx_word' id='word_1_203' title='bbox 524 2819 602 2885; x_wconf 88' lang='lat' dir='ltr'><strong>talia</strong></span> <span class='ocrx_word' id='word_1_204' title='bbox 624 2820 738 2884; x_wconf 86' lang='lat' dir='ltr'><strong>merita</strong></span> <span class='ocrx_word' id='word_1_205' title='bbox 761 2820 993 2894; x_wconf 83' lang='lat' dir='ltr'><strong>contraxerunt,</strong></span> <span class='ocrx_word' id='word_1_206' title='bbox 1015 2816 1068 2883; x_wconf 85' lang='lat' dir='ltr'><strong>uel</strong></span> <span class='ocrx_word' id='word_1_207' title='bbox 1090 2816 1123 2882; x_wconf 95' lang='lat' dir='ltr'><strong>in</strong></span> <span class='ocrx_word' id='word_1_208' title='bbox 1147 2834 1222 2898; x_wconf 90' lang='lat' dir='ltr'><strong>paoe</strong></span> 
     </span>
     <span class='ocr_line' id='line_1_25' title="bbox 87 2918 1223 3004; baseline 0 -20"><span class='ocrx_word' id='word_1_209' title='bbox 87 2919 296 3003; x_wconf 89' lang='lat' dir='ltr'><strong>requiescant,</strong></span> <span class='ocrx_word' id='word_1_210' title='bbox 326 2923 405 2986; x_wconf 88' lang='lat' dir='ltr'><strong>sicut</strong></span> <span class='ocrx_word' id='word_1_211' title='bbox 433 2922 534 2987; x_wconf 88' lang='lat' dir='ltr'><strong>Iosiae</strong></span> <span class='ocrx_word' id='word_1_212' title='bbox 563 2921 752 3004; x_wconf 91' lang='lat' dir='ltr'><strong>promissum</strong></span> <span class='ocrx_word' id='word_1_213' title='bbox 780 2923 838 3001; x_wconf 90' lang='lat' dir='ltr'><strong>est,</strong></span> <span class='ocrx_word' id='word_1_214' title='bbox 868 2921 923 2986; x_wconf 92' lang='lat' dir='ltr'><strong>ubi</strong></span> <span class='ocrx_word' id='word_1_215' title='bbox 952 2939 1009 2986; x_wconf 89' lang='lat' dir='ltr'><strong>neo</strong></span> <span class='ocrx_word' id='word_1_216' title='bbox 1043 2919 1128 2984; x_wconf 88' lang='lat' dir='ltr'><strong>mala</strong></span> <span class='ocrx_word' id='word_1_217' title='bbox 1157 2918 1223 2984; x_wconf 89' lang='lat' dir='ltr'><strong>ulla</strong></span> 
     </span>
     <span class='ocr_line' id='line_1_26' title="bbox 87 3021 1221 3107; baseline -0.001 -19"><span class='ocrx_word' id='word_1_218' title='bbox 87 3022 237 3105; x_wconf 86' lang='lat' dir='ltr'><strong>patiendo</strong></span> <span class='ocrx_word' id='word_1_219' title='bbox 251 3040 310 3089; x_wconf 89' lang='lat' dir='ltr'><strong>nec</strong></span> <span class='ocrx_word' id='word_1_220' title='bbox 331 3024 546 3107; x_wconf 88' lang='lat' dir='ltr'><strong>compatiendo</strong></span> <span class='ocrx_word' id='word_1_221' title='bbox 562 3025 746 3105; x_wconf 88' lang='lat' dir='ltr'><strong>sustineant,</strong></span> <span class='ocrx_word' id='word_1_222' title='bbox 763 3023 889 3090; x_wconf 89' lang='lat' dir='ltr'><strong>liberati</strong></span> <span class='ocrx_word' id='word_1_223' title='bbox 904 3026 943 3090; x_wconf 93' lang='lat' dir='ltr'><strong>ab</strong></span> <span class='ocrx_word' id='word_1_224' title='bbox 959 3024 1102 3090; x_wconf 87' lang='lat' dir='ltr'><strong>omnibus</strong></span> <span class='ocrx_word' id='word_1_225' title='bbox 1118 3021 1221 3099; x_wconf 90' lang='lat' dir='ltr'><strong>malis,</strong></span> 
     </span>
     <span class='ocr_line' id='line_1_27' title="bbox 87 3125 1221 3210; baseline -0.003 -17"><span class='ocrx_word' id='word_1_226' title='bbox 87 3126 336 3210; x_wconf 83' lang='lat' dir='ltr'><strong>quaepatiendo</strong></span> <span class='ocrx_word' id='word_1_227' title='bbox 359 3129 391 3191; x_wconf 95' lang='lat' dir='ltr'><strong>et</strong></span> <span class='ocrx_word' id='word_1_228' title='bbox 413 3127 637 3209; x_wconf 86' lang='lat' dir='ltr'><strong>compatiendo,</strong></span> <span class='ocrx_word' id='word_1_229' title='bbox 661 3146 733 3193; x_wconf 91' lang='lat' dir='ltr'><strong>cum</strong></span> <span class='ocrx_word' id='word_1_230' title='bbox 756 3127 809 3193; x_wconf 91' lang='lat' dir='ltr'><strong>hic</strong></span> <span class='ocrx_word' id='word_1_231' title='bbox 830 3127 983 3204; x_wconf 88' lang='lat' dir='ltr'><strong>uiuerent,</strong></span> <span class='ocrx_word' id='word_1_232' title='bbox 1006 3125 1221 3191; x_wconf 77' lang='lat' dir='ltr'><strong>sustinebant?</strong></span> 
     </span>
    </p>

    <p class='ocr_par' dir='ltr' id='par_1_4' title="bbox 87 3228 1221 3417">
     <span class='ocr_line' id='line_1_28' title="bbox 129 3228 1221 3312; baseline 0 -16"><span class='ocrx_word' id='word_1_233' title='bbox 129 3228 255 3296; x_wconf 84' lang='lat' dir='ltr'><strong>Dixerit</strong></span> <span class='ocrx_word' id='word_1_234' title='bbox 276 3229 406 3311; x_wconf 87' lang='lat' dir='ltr'><strong>aliquis:</strong></span> <span class='ocrx_word' id='word_1_235' title='bbox 434 3230 479 3307; x_wconf 90' lang='lat' dir='ltr'><strong>„si</strong></span> <span class='ocrx_word' id='word_1_236' title='bbox 495 3231 584 3296; x_wconf 91' lang='lat' dir='ltr'><strong>nulla</strong></span> <span class='ocrx_word' id='word_1_237' title='bbox 598 3232 647 3295; x_wconf 89' lang='lat' dir='ltr'><strong>est</strong></span> <span class='ocrx_word' id='word_1_238' title='bbox 662 3230 794 3296; x_wconf 90' lang='lat' dir='ltr'><strong>mortuis</strong></span> <span class='ocrx_word' id='word_1_239' title='bbox 816 3248 891 3295; x_wconf 90' lang='lat' dir='ltr'><strong>cura</strong></span> <span class='ocrx_word' id='word_1_240' title='bbox 909 3229 945 3296; x_wconf 90' lang='lat' dir='ltr'><strong>de</strong></span> <span class='ocrx_word' id='word_1_241' title='bbox 960 3230 1052 3306; x_wconf 89' lang='lat' dir='ltr'><strong>uiuis,</strong></span> <span class='ocrx_word' id='word_1_242' title='bbox 1068 3230 1221 3312; x_wconf 92' lang='lat' dir='ltr'><strong>quomodo</strong></span> 
     </span>
     <span class='ocr_line' id='line_1_29' title="bbox 87 3332 1221 3417; baseline 0 -21"><span class='ocrx_word' id='word_1_243' title='bbox 87 3332 141 3398; x_wconf 93' lang='lat' dir='ltr'><strong>ille</strong></span> <span class='ocrx_word' id='word_1_244' title='bbox 176 3333 276 3415; x_wconf 88' lang='lat' dir='ltr'><strong>diues,</strong></span> <span class='ocrx_word' id='word_1_245' title='bbox 309 3332 363 3415; x_wconf 93' lang='lat' dir='ltr'><strong>qui</strong></span> <span class='ocrx_word' id='word_1_246' title='bbox 398 3337 474 3416; x_wconf 89' lang='lat' dir='ltr'><strong>aput</strong></span> <span class='ocrx_word' id='word_1_247' title='bbox 508 3332 624 3399; x_wconf 82' lang='lat' dir='ltr'><strong>inferos</strong></span> <span class='ocrx_word' id='word_1_248' title='bbox 657 3332 872 3417; x_wconf 84' lang='lat' dir='ltr'><strong>torquebatur,</strong></span> <span class='ocrx_word' id='word_1_249' title='bbox 905 3332 1036 3417; x_wconf 82' lang='lat' dir='ltr'><strong>rogabat</strong></span> <span class='ocrx_word' id='word_1_250' title='bbox 1061 3332 1221 3397; x_wconf 83' lang='lat' dir='ltr'><strong>Abraham</strong></span> 
     </span>
    </p>
   </div>
   <div class='ocr_carea' id='block_1_3' title="bbox 188 3517 1003 3588">
    <p class='ocr_par' dir='ltr' id='par_1_5' title="bbox 188 3517 1003 3588">
     <span class='ocr_line' id='line_1_30' title="bbox 188 3517 1003 3588; baseline 0 -15"><span class='ocrx_word' id='word_1_251' title='bbox 188 3519 224 3574; x_wconf 74' lang='grc'><strong>24</strong></span> <span class='ocrx_word' id='word_1_252' title='bbox 242 3517 278 3572; x_wconf 82' lang='lat' dir='ltr'><strong>ci.</strong></span> <span class='ocrx_word' id='word_1_253' title='bbox 295 3517 356 3573; x_wconf 89' lang='lat'>1111</span> <span class='ocrx_word' id='word_1_254' title='bbox 374 3518 439 3587; x_wconf 84' lang='lat' dir='ltr'><strong>Reg.</strong></span> <span class='ocrx_word' id='word_1_255' title='bbox 458 3519 499 3585; x_wconf 91' lang='grc'><strong>22,</strong></span> <span class='ocrx_word' id='word_1_256' title='bbox 518 3519 553 3574; x_wconf 90' lang='grc'><strong>20</strong></span> <span class='ocrx_word' id='word_1_257' title='bbox 656 3518 690 3574; x_wconf 88' lang='grc'><strong>28</strong></span> <span class='ocrx_word' id='word_1_258' title='bbox 708 3518 742 3575; x_wconf 84' lang='lat' dir='ltr'><strong>ci.</strong></span> <span class='ocrx_word' id='word_1_259' title='bbox 760 3519 824 3573; x_wconf 83' lang='lat' dir='ltr'><strong>Luc.</strong></span> <span class='ocrx_word' id='word_1_260' title='bbox 845 3520 885 3584; x_wconf 89' lang='grc'><strong>16,</strong></span> <span class='ocrx_word' id='word_1_261' title='bbox 903 3519 937 3573; x_wconf 82' lang='lat'><strong>22</strong></span> <span class='ocrx_word' id='word_1_262' title='bbox 945 3533 1003 3588; x_wconf 84' lang='lat' dir='ltr'><strong>sqq.</strong></span> 
     </span>
    </p>
   </div>
   <div class='ocr_carea' id='block_1_4' title="bbox 87 3688 1222 3845">
    <p class='ocr_par' dir='ltr' id='par_1_6' title="bbox 87 3688 1222 3845">
     <span class='ocr_line' id='line_1_31' title="bbox 137 3688 1220 3759; baseline -0.005 -14"><span class='ocrx_word' id='word_1_263' title='bbox 137 3693 152 3745; x_wconf 89' lang='lat'>1</span> <span class='ocrx_word' id='word_1_264' title='bbox 181 3694 273 3745; x_wconf 86' lang='lat' dir='ltr'><strong>autem</strong></span> <span class='ocrx_word' id='word_1_265' title='bbox 296 3694 362 3744; x_wconf 90' lang='lat' dir='ltr'><strong>sunt</strong></span> <span class='ocrx_word' id='word_1_266' title='bbox 388 3690 417 3745; x_wconf 88' lang='lat' dir='ltr'><em>P</em></span> <span class='ocrx_word' id='word_1_267' title='bbox 516 3692 533 3744; x_wconf 88' lang='lat'><strong>3</strong></span> <span class='ocrx_word' id='word_1_268' title='bbox 556 3692 594 3759; x_wconf 82' lang='lat' dir='ltr'><strong>(ct</strong></span> <span class='ocrx_word' id='word_1_269' title='bbox 611 3690 640 3759; x_wconf 83' lang='lat'><strong>4)</strong></span> <span class='ocrx_word' id='word_1_270' title='bbox 663 3691 813 3759; x_wconf 90' lang='lat' dir='ltr'><strong>loquuntur</strong></span> <span class='ocrx_word' id='word_1_271' title='bbox 840 3690 878 3744; x_wconf 86' lang='lat' dir='ltr'><strong>P²</strong></span> <span class='ocrx_word' id='word_1_272' title='bbox 981 3691 998 3744; x_wconf 86' lang='grc'><strong>9</strong></span> <span class='ocrx_word' id='word_1_273' title='bbox 1025 3688 1162 3743; x_wconf 89' lang='lat' dir='ltr'><strong>hominum</strong></span> <span class='ocrx_word' id='word_1_274' title='bbox 1185 3689 1220 3743; x_wconf 89' lang='lat' dir='ltr'><strong>V:</strong></span> 
     </span>
     <span class='ocr_line' id='line_1_32' title="bbox 87 3774 1222 3845; baseline -0.001 -14"><span class='ocrx_word' id='word_1_275' title='bbox 87 3776 242 3832; x_wconf 85' lang='lat' dir='ltr'><strong>bominibus</strong></span> <span class='ocrx_word' id='word_1_276' title='bbox 265 3774 321 3831; x_wconf 72' lang='grc' dir='ltr'><strong>ΟΡ</strong></span> <span class='ocrx_word' id='word_1_277' title='bbox 417 3775 451 3830; x_wconf 93' lang='grc'><strong>10</strong></span> <span class='ocrx_word' id='word_1_278' title='bbox 468 3776 555 3845; x_wconf 91' lang='lat' dir='ltr'><strong>aliqui</strong></span> <span class='ocrx_word' id='word_1_279' title='bbox 572 3776 653 3831; x_wconf 88' lang='lat' dir='ltr'>P&#39;V:</span> <span class='ocrx_word' id='word_1_280' title='bbox 682 3776 781 3845; x_wconf 85' lang='lat' dir='ltr'><strong>aliquis</strong></span> <span class='ocrx_word' id='word_1_281' title='bbox 802 3777 865 3832; x_wconf 76' lang='lat' dir='ltr'><strong>GP¹</strong></span> <span class='ocrx_word' id='word_1_282' title='bbox 964 3790 1053 3828; x_wconf 87' lang='lat' dir='ltr'><strong>eorum</strong></span> <span class='ocrx_word' id='word_1_283' title='bbox 1072 3774 1150 3829; x_wconf 66' lang='lat'>111¹:</span> <span class='ocrx_word' id='word_1_284' title='bbox 1179 3791 1222 3830; x_wconf 80' lang='lat' dir='ltr'><strong>eos</strong></span> 
     </span>
    </p>
   </div>
   <div class='ocr_carea' id='block_1_5' title="bbox 89 3869 1152 3940">
    <p class='ocr_par' dir='ltr' id='par_1_7' title="bbox 89 3869 1152 3940">
     <span class='ocr_line' id='line_1_33' title="bbox 89 3869 1152 3940; baseline -0.003 -13"><span class='ocrx_word' id='word_1_285' title='bbox 89 3872 155 3927; x_wconf 77' lang='lat'><strong>01³¹</strong></span> <span class='ocrx_word' id='word_1_286' title='bbox 260 3872 291 3925; x_wconf 93' lang='lat'><strong>11</strong></span> <span class='ocrx_word' id='word_1_287' title='bbox 318 3871 467 3925; x_wconf 86' lang='lat' dir='ltr'><strong>nescienter</strong></span> <span class='ocrx_word' id='word_1_288' title='bbox 491 3871 517 3926; x_wconf 85' lang='lat' dir='ltr'><strong><em>V</em></strong></span> <span class='ocrx_word' id='word_1_289' title='bbox 616 3872 649 3925; x_wconf 92' lang='grc'><strong>13</strong></span> <span class='ocrx_word' id='word_1_290' title='bbox 672 3871 854 3940; x_wconf 86' lang='lat' dir='ltr'><strong>corporalibus</strong></span> <span class='ocrx_word' id='word_1_291' title='bbox 870 3870 949 3925; x_wconf 79' lang='lat' dir='ltr'><em>P²V=</em></span> <span class='ocrx_word' id='word_1_292' title='bbox 981 3871 1097 3939; x_wconf 88' lang='lat' dir='ltr'><strong>corporis</strong></span> <span class='ocrx_word' id='word_1_293' title='bbox 1116 3869 1152 3924; x_wconf 83' lang='grc' dir='ltr'><strong>Ρι</strong></span> 
     </span>
    </p>
   </div>
   <div class='ocr_carea' id='block_1_6' title="bbox 87 3956 1222 4165">
    <p class='ocr_par' dir='ltr' id='par_1_8' title="bbox 87 3956 1222 4165">
     <span class='ocr_line' id='line_1_34' title="bbox 87 3956 1222 4063; baseline -0.01 -12"><span class='ocrx_word' id='word_1_294' title='bbox 87 3993 240 4063; x_wconf 66' lang='lat' dir='ltr'><strong>rozurnare</strong></span> <span class='ocrx_word' id='word_1_295' title='bbox 255 3992 293 4047; x_wconf 71' lang='lat' dir='ltr'><strong>a:</strong></span> <span class='ocrx_word' id='word_1_296' title='bbox 320 4008 347 4047; x_wconf 81' lang='lat' dir='ltr'><strong>u.</strong></span> <span class='ocrx_word' id='word_1_297' title='bbox 366 4008 394 4046; x_wconf 70' lang='lat' dir='ltr'><strong>a</strong></span> <span class='ocrx_word' id='word_1_298' title='bbox 412 3993 441 4047; x_wconf 84' lang='lat' dir='ltr'><strong><em>P</em></strong></span> <span class='ocrx_word' id='word_1_299' title='bbox 533 3993 566 4046; x_wconf 87' lang='lat' dir='ltr'><strong>re</strong></span> <span class='ocrx_word' id='word_1_300' title='bbox 584 3997 648 4047; x_wconf 72' lang='lat' dir='ltr'><strong>ame</strong></span> <span class='ocrx_word' id='word_1_301' title='bbox 660 3992 703 4046; x_wconf 84' lang='lat' dir='ltr'><strong>ru</strong></span> <span class='ocrx_word' id='word_1_302' title='bbox 717 3991 781 4047; x_wconf 79' lang='lat' dir='ltr'><strong>aaa.</strong></span> <span class='ocrx_word' id='word_1_303' title='bbox 802 3991 842 4046; x_wconf 77' lang='lat' dir='ltr'><strong>o:</strong></span> <span class='ocrx_word' id='word_1_304' title='bbox 869 3956 1039 4045; x_wconf 51' lang='lat' dir='ltr'><strong>luniburc</strong></span> <span class='ocrx_word' id='word_1_305' title='bbox 1056 3991 1140 4058; x_wconf 71' lang='lat' dir='ltr'><strong>&lt;ruer</strong></span> <span class='ocrx_word' id='word_1_306' title='bbox 1157 3990 1222 4046; x_wconf 81' lang='lat' dir='ltr'><strong>aaa.</strong></span> 
     </span>
     <span class='ocr_line' id='line_1_35' title="bbox 87 4084 1221 4165; baseline -0.004 -21"><span class='ocrx_word' id='word_1_307' title='bbox 87 4106 119 4144; x_wconf 75' lang='lat' dir='ltr'><strong>m.</strong></span> <span class='ocrx_word' id='word_1_308' title='bbox 136 4090 169 4159; x_wconf 79' lang='grc'><strong>2)</strong></span> <span class='ocrx_word' id='word_1_309' title='bbox 275 4089 340 4141; x_wconf 86' lang='lat' dir='ltr'><strong>eunt</strong></span> <span class='ocrx_word' id='word_1_310' title='bbox 363 4086 443 4142; x_wconf 76' lang='lat' dir='ltr'><strong>P&#39;V:</strong></span> <span class='ocrx_word' id='word_1_311' title='bbox 475 4087 532 4140; x_wconf 88' lang='lat' dir='ltr'><strong>sint</strong></span> <span class='ocrx_word' id='word_1_312' title='bbox 555 4087 594 4142; x_wconf 75' lang='grc' dir='ltr'><strong>Ρι</strong></span> <span class='ocrx_word' id='word_1_313' title='bbox 696 4086 732 4140; x_wconf 90' lang='grc'><strong>20</strong></span> <span class='ocrx_word' id='word_1_314' title='bbox 756 4086 814 4139; x_wconf 90' lang='lat' dir='ltr'><strong>uita</strong></span> <span class='ocrx_word' id='word_1_315' title='bbox 830 4086 971 4140; x_wconf 90' lang='lat' dir='ltr'><strong>bominum</strong></span> <span class='ocrx_word' id='word_1_316' title='bbox 999 4084 1054 4140; x_wconf 82' lang='lat' dir='ltr'><strong>GP</strong></span> <span class='ocrx_word' id='word_1_317' title='bbox 1112 4148 1116 4165; x_wconf 48' lang='grc'><strong>,</strong></span> <span class='ocrx_word' id='word_1_318' title='bbox 1156 4102 1221 4155; x_wconf 89' lang='lat' dir='ltr'><strong>quo·</strong></span> 
     </span>
    </p>
   </div>
   <div class='ocr_carea' id='block_1_7' title="bbox 87 4189 1221 4365">
    <p class='ocr_par' dir='ltr' id='par_1_9' title="bbox 87 4175 1221 4365">
     <span class='ocr_line' id='line_1_36' title="bbox 87 4189 1221 4277; baseline -0.004 -30"><span class='ocrx_word' id='word_1_319' title='bbox 87 4192 164 4247; x_wconf 85' lang='lat' dir='ltr'><strong>nrodo</strong></span> <span class='ocrx_word' id='word_1_320' title='bbox 189 4192 226 4247; x_wconf 83' lang='lat' dir='ltr'><strong>V:</strong></span> <span class='ocrx_word' id='word_1_321' title='bbox 252 4189 384 4260; x_wconf 90' lang='lat' dir='ltr'><strong>quomodo</strong></span> <span class='ocrx_word' id='word_1_322' title='bbox 403 4207 467 4260; x_wconf 85' lang='lat' dir='ltr'><strong>ergo</strong></span> <span class='ocrx_word' id='word_1_323' title='bbox 487 4191 543 4247; x_wconf 82' lang='lat' dir='ltr'><strong>GP</strong></span> <span class='ocrx_word' id='word_1_324' title='bbox 638 4190 773 4245; x_wconf 68' lang='lat' dir='ltr'><strong>odiosius</strong></span> <span class='ocrx_word' id='word_1_325' title='bbox 792 4206 826 4245; x_wconf 80' lang='lat' dir='ltr'><strong>cc</strong></span> <span class='ocrx_word' id='word_1_326' title='bbox 843 4191 932 4245; x_wconf 84' lang='lat' dir='ltr'><strong>iosuae</strong></span> <span class='ocrx_word' id='word_1_327' title='bbox 949 4205 1020 4246; x_wconf 83' lang='lat' dir='ltr'><strong>corr.</strong></span> <span class='ocrx_word' id='word_1_328' title='bbox 1039 4189 1078 4243; x_wconf 80' lang='lat' dir='ltr'><strong>P&#39;</strong></span> <span class='ocrx_word' id='word_1_329' title='bbox 1175 4207 1221 4277; x_wconf 79' lang='lat' dir='ltr'><strong>nec</strong></span> 
     </span>
     <span class='ocr_line' id='line_1_37' title="bbox 87 4292 1156 4365; baseline -0.002 -13"><span class='ocrx_word' id='word_1_330' title='bbox 87 4299 157 4353; x_wconf 76' lang='lat' dir='ltr'><strong>mala</strong></span> <span class='ocrx_word' id='word_1_331' title='bbox 175 4295 234 4351; x_wconf 77' lang='lat' dir='ltr'><strong>ulla</strong></span> <span class='ocrx_word' id='word_1_332' title='bbox 250 4310 299 4350; x_wconf 91' lang='lat' dir='ltr'><strong>nec</strong></span> <span class='ocrx_word' id='word_1_333' title='bbox 316 4295 443 4365; x_wconf 85' lang='lat' dir='ltr'><strong>patiendo</strong></span> <span class='ocrx_word' id='word_1_334' title='bbox 461 4311 509 4349; x_wconf 93' lang='lat' dir='ltr'><strong>nec</strong></span> <span class='ocrx_word' id='word_1_335' title='bbox 527 4296 555 4349; x_wconf 88' lang='lat' dir='ltr'><strong><em>P</em></strong></span> <span class='ocrx_word' id='word_1_336' title='bbox 641 4295 675 4349; x_wconf 79' lang='grc'><strong>25</strong></span> <span class='ocrx_word' id='word_1_337' title='bbox 693 4295 828 4350; x_wconf 84' lang='lat' dir='ltr'><strong>sustinent</strong></span> <span class='ocrx_word' id='word_1_338' title='bbox 846 4296 874 4350; x_wconf 92' lang='lat' dir='ltr'><strong><em>P</em></strong></span> <span class='ocrx_word' id='word_1_339' title='bbox 958 4296 993 4350; x_wconf 85' lang='grc'><strong>28</strong></span> <span class='ocrx_word' id='word_1_340' title='bbox 1011 4292 1081 4362; x_wconf 87' lang='lat' dir='ltr'><strong>apud</strong></span> <span class='ocrx_word' id='word_1_341' title='bbox 1102 4294 1156 4350; x_wconf 84' lang='lat' dir='ltr'><strong>GP</strong></span> 
     </span>
    </p>
   </div>
   <div class='ocr_carea' id='block_1_8' title="bbox 0 0 1384 4814">
    <p class='ocr_par' dir='ltr' id='par_1_10' title="bbox 0 0 1384 4814">
     <span class='ocr_line' id='line_1_38' title="bbox 0 0 1384 4814; baseline 0 1"><span class='ocrx_word' id='word_1_342' title='bbox 0 0 1384 4814; x_wconf 95' lang='lat' dir='ltr'><strong> </strong></span> 
     </span>
    </p>
   </div>
  </div>
 </body>
</html>
