<?xml version="1.0" encoding="UTF-8"?>
<!DOCTYPE html PUBLIC "-//W3C//DTD XHTML 1.0 Transitional//EN"
    "http://www.w3.org/TR/xhtml1/DTD/xhtml1-transitional.dtd">
<html xmlns="http://www.w3.org/1999/xhtml" xml:lang="en" lang="en">
 <head>
  <title>
</title>
<meta http-equiv="Content-Type" content="text/html;charset=utf-8" />
  <meta name='ocr-system' content='tesseract 3.04.00' />
  <meta name='ocr-capabilities' content='ocr_page ocr_carea ocr_par ocr_line ocrx_word'/>
</head>
<body>
  <div class='ocr_page' id='page_1' title='image "./evgippiiexcerpt00kngoog/evgippiiexcerpt00kngoog_1071.png"; bbox 0 0 2760 4814; ppageno 0'>
   <div class='ocr_carea' id='block_1_1' title="bbox 134 484 784 559">
    <p class='ocr_par' dir='ltr' id='par_1_1' title="bbox 134 484 784 559">
     <span class='ocr_line' id='line_1_1' title="bbox 134 484 784 559; baseline -0.003 -2"><span class='ocrx_word' id='word_1_1' title='bbox 134 490 216 559; x_wconf 83' lang='lat'>1048</span> <span class='ocrx_word' id='word_1_2' title='bbox 289 496 293 505; x_wconf 85' lang='lat'>&#39;</span> <span class='ocrx_word' id='word_1_3' title='bbox 615 484 784 555; x_wconf 76' lang='lat' dir='ltr'>Eusiuuii</span> 
     </span>
    </p>
   </div>
   <div class='ocr_carea' id='block_1_2' title="bbox 65 782 1290 3958">
    <p class='ocr_par' dir='ltr' id='par_1_2' title="bbox 65 782 1290 3958">
     <span class='ocr_line' id='line_1_2' title="bbox 132 782 1264 865; baseline -0.002 -16"><span class='ocrx_word' id='word_1_4' title='bbox 132 784 295 861; x_wconf 89' lang='lat' dir='ltr'>miracula,</span> <span class='ocrx_word' id='word_1_5' title='bbox 323 783 359 846; x_wconf 90' lang='lat' dir='ltr'>ut</span> <span class='ocrx_word' id='word_1_6' title='bbox 381 799 432 847; x_wconf 90' lang='lat' dir='ltr'>eos</span> <span class='ocrx_word' id='word_1_7' title='bbox 455 782 590 847; x_wconf 76' lang='lat' dir='ltr'><strong>habeant</strong></span> <span class='ocrx_word' id='word_1_8' title='bbox 618 783 807 865; x_wconf 82' lang='lat' dir='ltr'>subiugatos,</span> <span class='ocrx_word' id='word_1_9' title='bbox 836 784 987 864; x_wconf 90' lang='lat' dir='ltr'>permisso</span> <span class='ocrx_word' id='word_1_10' title='bbox 1010 786 1121 847; x_wconf 84' lang='lat' dir='ltr'>tamen</span> <span class='ocrx_word' id='word_1_11' title='bbox 1145 783 1264 847; x_wconf 88' lang='lat' dir='ltr'>diuinae</span> 
     </span>
     <span class='ocr_line' id='line_1_3' title="bbox 65 885 1264 970; baseline -0.002 -19"><span class='ocrx_word' id='word_1_12' title='bbox 65 956 69 961; x_wconf 63' lang='grc'><strong>,</strong></span> <span class='ocrx_word' id='word_1_13' title='bbox 132 886 355 970; x_wconf 89' lang='lat' dir='ltr'>prouidentiae,</span> <span class='ocrx_word' id='word_1_14' title='bbox 368 886 404 950; x_wconf 92' lang='lat' dir='ltr'>ut</span> <span class='ocrx_word' id='word_1_15' title='bbox 415 904 471 968; x_wconf 92' lang='lat' dir='ltr'>pro</span> <span class='ocrx_word' id='word_1_16' title='bbox 483 886 605 951; x_wconf 88' lang='lat' dir='ltr'>meritis</span> <span class='ocrx_word' id='word_1_17' title='bbox 617 885 791 951; x_wconf 88' lang='lat' dir='ltr'>animarum</span> <span class='ocrx_word' id='word_1_18' title='bbox 804 904 932 951; x_wconf 89' lang='lat' dir='ltr'>suarum</span> <span class='ocrx_word' id='word_1_19' title='bbox 947 885 1060 968; x_wconf 89' lang='lat' dir='ltr'>cuique</span> <span class='ocrx_word' id='word_1_20' title='bbox 1071 885 1264 951; x_wconf 80' lang='lat' dir='ltr'><strong>tribuantur.</strong></span> 
     </span>
     <span class='ocr_line' id='line_1_4' title="bbox 132 988 1264 1072; baseline 0.001 -21"><span class='ocrx_word' id='word_1_21' title='bbox 132 1006 226 1072; x_wconf 89' lang='lat' dir='ltr'>quare</span> <span class='ocrx_word' id='word_1_22' title='bbox 256 1006 327 1071; x_wconf 85' lang='lat' dir='ltr'>ergo</span> <span class='ocrx_word' id='word_1_23' title='bbox 356 989 441 1070; x_wconf 82' lang='lat' dir='ltr'>magi</span> <span class='ocrx_word' id='word_1_24' title='bbox 468 988 639 1053; x_wconf 80' lang='lat' dir='ltr'><strong>Pharaonis</strong></span> <span class='ocrx_word' id='word_1_25' title='bbox 670 988 812 1055; x_wconf 86' lang='lat' dir='ltr'>fecerunt</span> <span class='ocrx_word' id='word_1_26' title='bbox 835 991 986 1071; x_wconf 80' lang='lat' dir='ltr'>quaedam</span> <span class='ocrx_word' id='word_1_27' title='bbox 1010 989 1166 1053; x_wconf 87' lang='lat' dir='ltr'>miracula</span> <span class='ocrx_word' id='word_1_28' title='bbox 1186 988 1264 1053; x_wconf 87' lang='lat' dir='ltr'>siout</span> 
     </span>
     <span class='ocr_line' id='line_1_5' title="bbox 131 1091 1290 1169; baseline -0.003 -14"><span class='ocrx_word' id='word_1_29' title='bbox 131 1092 246 1169; x_wconf 89' lang='lat' dir='ltr'>Moses,</span> <span class='ocrx_word' id='word_1_30' title='bbox 270 1091 408 1156; x_wconf 85' lang='lat' dir='ltr'>famulus</span> <span class='ocrx_word' id='word_1_31' title='bbox 431 1091 504 1156; x_wconf 79' lang='lat' dir='ltr'>dei?</span> <span class='ocrx_word' id='word_1_32' title='bbox 1279 1110 1290 1152; x_wconf 80' lang='lat' dir='ltr'>s</span> 
     </span>
     <span class='ocr_line' id='line_1_6' title="bbox 175 1193 1262 1278; baseline -0.003 -17"><span class='ocrx_word' id='word_1_33' title='bbox 175 1193 285 1261; x_wconf 87' lang='lat' dir='ltr'>Omnis</span> <span class='ocrx_word' id='word_1_34' title='bbox 308 1195 412 1258; x_wconf 88' lang='lat' dir='ltr'>anima</span> <span class='ocrx_word' id='word_1_35' title='bbox 435 1195 552 1275; x_wconf 91' lang='lat' dir='ltr'>partim</span> <span class='ocrx_word' id='word_1_36' title='bbox 574 1196 692 1276; x_wconf 87' lang='lat' dir='ltr'>priuati</span> <span class='ocrx_word' id='word_1_37' title='bbox 715 1195 878 1261; x_wconf 87' lang='lat' dir='ltr'>cuiusdam</span> <span class='ocrx_word' id='word_1_38' title='bbox 901 1195 950 1259; x_wconf 90' lang='lat' dir='ltr'>sui</span> <span class='ocrx_word' id='word_1_39' title='bbox 966 1196 1158 1278; x_wconf 87' lang='lat' dir='ltr'>potestatem</span> <span class='ocrx_word' id='word_1_40' title='bbox 1174 1194 1262 1278; x_wconf 84' lang='lat' dir='ltr'>gerit.</span> 
     </span>
     <span class='ocr_line' id='line_1_7' title="bbox 132 1296 1262 1381; baseline -0.004 -17"><span class='ocrx_word' id='word_1_41' title='bbox 132 1299 248 1381; x_wconf 87' lang='lat' dir='ltr'>partim</span> <span class='ocrx_word' id='word_1_42' title='bbox 262 1296 480 1362; x_wconf 88' lang='lat' dir='ltr'>uniuersitatis</span> <span class='ocrx_word' id='word_1_43' title='bbox 496 1296 621 1381; x_wconf 86' lang='lat' dir='ltr'>legibus</span> <span class='ocrx_word' id='word_1_44' title='bbox 637 1298 719 1363; x_wconf 91' lang='lat' dir='ltr'>sicut</span> <span class='ocrx_word' id='word_1_45' title='bbox 734 1297 870 1381; x_wconf 88' lang='lat' dir='ltr'>publicis</span> <span class='ocrx_word' id='word_1_46' title='bbox 887 1298 1068 1363; x_wconf 81' lang='lat' dir='ltr'>cohorootur</span> <span class='ocrx_word' id='word_1_47' title='bbox 1085 1300 1119 1362; x_wconf 89' lang='lat' dir='ltr'>et</span> <span class='ocrx_word' id='word_1_48' title='bbox 1135 1299 1262 1381; x_wconf 77' lang='lat' dir='ltr'>regitur.</span> 
     </span>
     <span class='ocr_line' id='line_1_8' title="bbox 132 1400 1262 1485; baseline 0.002 -20"><span class='ocrx_word' id='word_1_49' title='bbox 132 1400 207 1483; x_wconf 90' lang='lat' dir='ltr'>quia</span> <span class='ocrx_word' id='word_1_50' title='bbox 230 1418 302 1482; x_wconf 84' lang='lat' dir='ltr'>ergo</span> <span class='ocrx_word' id='word_1_51' title='bbox 325 1419 527 1483; x_wconf 87' lang='lat' dir='ltr'>unaquaequo</span> <span class='ocrx_word' id='word_1_52' title='bbox 551 1421 598 1467; x_wconf 88' lang='lat' dir='ltr'>res</span> <span class='ocrx_word' id='word_1_53' title='bbox 623 1401 760 1467; x_wconf 88' lang='lat' dir='ltr'>uisibilis</span> <span class='ocrx_word' id='word_1_54' title='bbox 781 1404 815 1467; x_wconf 91' lang='lat' dir='ltr'>in</span> <span class='ocrx_word' id='word_1_55' title='bbox 838 1402 896 1467; x_wconf 89' lang='lat' dir='ltr'>hoo</span> <span class='ocrx_word' id='word_1_56' title='bbox 919 1403 1035 1468; x_wconf 89' lang='lat' dir='ltr'>mundo</span> <span class='ocrx_word' id='word_1_57' title='bbox 1058 1402 1159 1468; x_wconf 90' lang='lat' dir='ltr'>habet</span> <span class='ocrx_word' id='word_1_58' title='bbox 1180 1402 1262 1485; x_wconf 85' lang='lat' dir='ltr'>poto·</span> 
     </span>
     <span class='ocr_line' id='line_1_9' title="bbox 131 1504 1263 1587; baseline 0.001 -19"><span class='ocrx_word' id='word_1_59' title='bbox 131 1507 248 1568; x_wconf 90' lang='lat' dir='ltr'>statem</span> <span class='ocrx_word' id='word_1_60' title='bbox 270 1504 445 1586; x_wconf 79' lang='lat' dir='ltr'>angelicam</span> <span class='ocrx_word' id='word_1_61' title='bbox 468 1504 528 1569; x_wconf 87' lang='lat' dir='ltr'>sibi</span> <span class='ocrx_word' id='word_1_62' title='bbox 551 1505 771 1586; x_wconf 81' lang='lat' dir='ltr'>praepositam,</span> <span class='ocrx_word' id='word_1_63' title='bbox 803 1505 886 1570; x_wconf 89' lang='lat' dir='ltr'>siout</span> <span class='ocrx_word' id='word_1_64' title='bbox 908 1506 1028 1587; x_wconf 84' lang='lat' dir='ltr'>aliquot</span> <span class='ocrx_word' id='word_1_65' title='bbox 1051 1506 1130 1571; x_wconf 86' lang='lat' dir='ltr'>locis</span> <span class='ocrx_word' id='word_1_66' title='bbox 1161 1504 1263 1570; x_wconf 85' lang='lat' dir='ltr'>diuina</span> 
     </span>
     <span class='ocr_line' id='line_1_10' title="bbox 132 1606 1290 1693; baseline -0.001 -22"><span class='ocrx_word' id='word_1_67' title='bbox 132 1606 290 1690; x_wconf 86' lang='lat' dir='ltr'>scriptura</span> <span class='ocrx_word' id='word_1_68' title='bbox 302 1607 445 1681; x_wconf 84' lang='lat' dir='ltr'>testatur,</span> <span class='ocrx_word' id='word_1_69' title='bbox 460 1610 496 1671; x_wconf 90' lang='lat' dir='ltr'>de</span> <span class='ocrx_word' id='word_1_70' title='bbox 510 1626 547 1671; x_wconf 85' lang='lat' dir='ltr'>ea</span> <span class='ocrx_word' id='word_1_71' title='bbox 558 1627 600 1684; x_wconf 86' lang='lat' dir='ltr'>re,</span> <span class='ocrx_word' id='word_1_72' title='bbox 618 1608 667 1672; x_wconf 88' lang='lat' dir='ltr'>oui</span> <span class='ocrx_word' id='word_1_73' title='bbox 680 1609 857 1691; x_wconf 89' lang='lat' dir='ltr'>praeposita</span> <span class='ocrx_word' id='word_1_74' title='bbox 869 1612 926 1686; x_wconf 87' lang='lat' dir='ltr'>est,</span> <span class='ocrx_word' id='word_1_75' title='bbox 941 1609 1049 1693; x_wconf 86' lang='lat' dir='ltr'>&lt;quasi</span> <span class='ocrx_word' id='word_1_76' title='bbox 1060 1610 1186 1690; x_wconf 89' lang='lat' dir='ltr'>priuato</span> <span class='ocrx_word' id='word_1_77' title='bbox 1199 1609 1290 1673; x_wconf 84' lang='lat' dir='ltr'>iureu</span> 
     </span>
     <span class='ocr_line' id='line_1_11' title="bbox 131 1709 1262 1795; baseline 0 -20"><span class='ocrx_word' id='word_1_78' title='bbox 131 1709 228 1794; x_wconf 73' lang='lat' dir='ltr'>agit&gt;</span> <span class='ocrx_word' id='word_1_79' title='bbox 247 1709 339 1774; x_wconf 91' lang='lat' dir='ltr'>aliter</span> <span class='ocrx_word' id='word_1_80' title='bbox 355 1716 517 1791; x_wconf 83' lang='lat' dir='ltr'>tamquam</span> <span class='ocrx_word' id='word_1_81' title='bbox 535 1711 659 1791; x_wconf 90' lang='lat' dir='ltr'>publice</span> <span class='ocrx_word' id='word_1_82' title='bbox 676 1730 768 1793; x_wconf 81' lang='lat' dir='ltr'>agere</span> <span class='ocrx_word' id='word_1_83' title='bbox 785 1714 913 1795; x_wconf 84' lang='lat' dir='ltr'>cogitur.</span> <span class='ocrx_word' id='word_1_84' title='bbox 943 1713 1100 1794; x_wconf 90' lang='lat' dir='ltr'>potentior</span> <span class='ocrx_word' id='word_1_85' title='bbox 1116 1716 1165 1776; x_wconf 88' lang='lat' dir='ltr'>est-</span> <span class='ocrx_word' id='word_1_86' title='bbox 1181 1711 1262 1775; x_wconf 89' lang='lat' dir='ltr'>euim</span> 
     </span>
     <span class='ocr_line' id='line_1_12' title="bbox 130 1812 1262 1896; baseline 0.001 -19"><span class='ocrx_word' id='word_1_87' title='bbox 130 1815 219 1894; x_wconf 85' lang='lat' dir='ltr'>parte</span> <span class='ocrx_word' id='word_1_88' title='bbox 241 1812 439 1887; x_wconf 88' lang='lat' dir='ltr'>uniuersitas,</span> <span class='ocrx_word' id='word_1_89' title='bbox 463 1814 610 1894; x_wconf 87' lang='lat' dir='ltr'>quoniam</span> <span class='ocrx_word' id='word_1_90' title='bbox 634 1816 666 1878; x_wconf 92' lang='lat' dir='ltr'>et</span> <span class='ocrx_word' id='word_1_91' title='bbox 688 1814 768 1878; x_wconf 93' lang='lat' dir='ltr'>illud</span> <span class='ocrx_word' id='word_1_92' title='bbox 785 1815 926 1895; x_wconf 91' lang='lat' dir='ltr'>quodibi</span> <span class='ocrx_word' id='word_1_93' title='bbox 943 1814 1094 1896; x_wconf 88' lang='lat' dir='ltr'>priuatim</span> <span class='ocrx_word' id='word_1_94' title='bbox 1111 1814 1179 1896; x_wconf 84' lang='lat' dir='ltr'>agit</span> <span class='ocrx_word' id='word_1_95' title='bbox 1194 1819 1262 1878; x_wconf 91' lang='lat' dir='ltr'>tau·</span> 
     </span>
     <span class='ocr_line' id='line_1_13' title="bbox 131 1915 1260 1999; baseline 0.003 -21"><span class='ocrx_word' id='word_1_96' title='bbox 131 1918 200 1979; x_wconf 88' lang='lat' dir='ltr'>tum</span> <span class='ocrx_word' id='word_1_97' title='bbox 211 1933 301 1997; x_wconf 87' lang='lat' dir='ltr'>agere</span> <span class='ocrx_word' id='word_1_98' title='bbox 314 1915 437 1995; x_wconf 91' lang='lat' dir='ltr'>sinitur,</span> <span class='ocrx_word' id='word_1_99' title='bbox 449 1920 601 1997; x_wconf 90' lang='lat' dir='ltr'>quantum</span> <span class='ocrx_word' id='word_1_100' title='bbox 613 1917 663 1979; x_wconf 83' lang='lat' dir='ltr'>lex</span> <span class='ocrx_word' id='word_1_101' title='bbox 675 1917 889 1981; x_wconf 88' lang='lat' dir='ltr'>uniuersitatis</span> <span class='ocrx_word' id='word_1_102' title='bbox 898 1918 982 1981; x_wconf 87' lang='lat' dir='ltr'>sinit.</span> <span class='ocrx_word' id='word_1_103' title='bbox 995 1918 1050 1981; x_wconf 87' lang='lat' dir='ltr'>sed</span> <span class='ocrx_word' id='word_1_104' title='bbox 1061 1935 1260 1999; x_wconf 88' lang='lat' dir='ltr'>unaquaeque</span> 
     </span>
     <span class='ocr_line' id='line_1_14' title="bbox 131 2017 1261 2102; baseline 0.004 -21"><span class='ocrx_word' id='word_1_105' title='bbox 131 2017 235 2082; x_wconf 91' lang='lat' dir='ltr'>anima</span> <span class='ocrx_word' id='word_1_106' title='bbox 257 2022 345 2082; x_wconf 90' lang='lat' dir='ltr'>tanto</span> <span class='ocrx_word' id='word_1_107' title='bbox 364 2022 411 2082; x_wconf 87' lang='lat' dir='ltr'>est</span> <span class='ocrx_word' id='word_1_108' title='bbox 427 2020 544 2100; x_wconf 86' lang='lat' dir='ltr'>pietate</span> <span class='ocrx_word' id='word_1_109' title='bbox 559 2021 729 2101; x_wconf 78' lang='lat' dir='ltr'>purgatior,</span> <span class='ocrx_word' id='word_1_110' title='bbox 746 2020 863 2102; x_wconf 89' lang='lat' dir='ltr'>quanto</span> <span class='ocrx_word' id='word_1_111' title='bbox 879 2018 999 2101; x_wconf 87' lang='lat' dir='ltr'>priuato</span> <span class='ocrx_word' id='word_1_112' title='bbox 1016 2039 1072 2085; x_wconf 91' lang='lat' dir='ltr'>suo</span> <span class='ocrx_word' id='word_1_113' title='bbox 1089 2022 1195 2086; x_wconf 83' lang='lat' dir='ltr'>minus</span> <span class='ocrx_word' id='word_1_114' title='bbox 1211 2022 1261 2085; x_wconf 88' lang='lat' dir='ltr'>de·</span> 
     </span>
     <span class='ocr_line' id='line_1_15' title="bbox 131 2122 1289 2205; baseline -0.003 -19"><span class='ocrx_word' id='word_1_115' title='bbox 131 2123 249 2187; x_wconf 86' lang='lat' dir='ltr'>lactata</span> <span class='ocrx_word' id='word_1_116' title='bbox 262 2122 363 2204; x_wconf 81' lang='lat' dir='ltr'>legem</span> <span class='ocrx_word' id='word_1_117' title='bbox 379 2123 594 2187; x_wconf 87' lang='lat' dir='ltr'>uniuersitatis</span> <span class='ocrx_word' id='word_1_118' title='bbox 617 2125 759 2187; x_wconf 88' lang='lat' dir='ltr'>intuetur</span> <span class='ocrx_word' id='word_1_119' title='bbox 778 2126 865 2205; x_wconf 89' lang='lat' dir='ltr'>eiquo</span> <span class='ocrx_word' id='word_1_120' title='bbox 880 2124 992 2186; x_wconf 89' lang='lat' dir='ltr'>deuote</span> <span class='ocrx_word' id='word_1_121' title='bbox 1009 2142 1044 2187; x_wconf 89' lang='lat' dir='ltr'>ac</span> <span class='ocrx_word' id='word_1_122' title='bbox 1059 2124 1195 2189; x_wconf 83' lang='lat' dir='ltr'>libenter</span> <span class='ocrx_word' id='word_1_123' title='bbox 1209 2123 1289 2189; x_wconf 83' lang='lat' dir='ltr'>ob·o</span> 
     </span>
     <span class='ocr_line' id='line_1_16' title="bbox 131 2223 1261 2308; baseline 0.001 -19"><span class='ocrx_word' id='word_1_124' title='bbox 131 2226 295 2306; x_wconf 88' lang='lat' dir='ltr'>temperat.</span> <span class='ocrx_word' id='word_1_125' title='bbox 331 2227 377 2289; x_wconf 91' lang='lat' dir='ltr'>est</span> <span class='ocrx_word' id='word_1_126' title='bbox 401 2223 485 2289; x_wconf 90' lang='lat' dir='ltr'>enim</span> <span class='ocrx_word' id='word_1_127' title='bbox 510 2224 557 2288; x_wconf 84' lang='lat' dir='ltr'>lor</span> <span class='ocrx_word' id='word_1_128' title='bbox 580 2225 798 2289; x_wconf 90' lang='lat' dir='ltr'>uniuersitatis</span> <span class='ocrx_word' id='word_1_129' title='bbox 821 2224 928 2290; x_wconf 89' lang='lat' dir='ltr'>diuina</span> <span class='ocrx_word' id='word_1_130' title='bbox 950 2226 1114 2307; x_wconf 83' lang='lat' dir='ltr'>sapientia</span> <span class='ocrx_word' id='word_1_131' title='bbox 1149 2230 1261 2308; x_wconf 88' lang='lat' dir='ltr'>quanto</span> 
     </span>
     <span class='ocr_line' id='line_1_17' title="bbox 131 2327 1262 2413; baseline 0.002 -19"><span class='ocrx_word' id='word_1_132' title='bbox 131 2334 239 2395; x_wconf 91' lang='lat' dir='ltr'>autem</span> <span class='ocrx_word' id='word_1_133' title='bbox 261 2327 396 2410; x_wconf 93' lang='lat' dir='ltr'>amplius</span> <span class='ocrx_word' id='word_1_134' title='bbox 419 2328 542 2409; x_wconf 91' lang='lat' dir='ltr'>priuato</span> <span class='ocrx_word' id='word_1_135' title='bbox 564 2345 619 2391; x_wconf 91' lang='lat' dir='ltr'>suo</span> <span class='ocrx_word' id='word_1_136' title='bbox 640 2330 758 2413; x_wconf 86' lang='lat' dir='ltr'>gaudet</span> <span class='ocrx_word' id='word_1_137' title='bbox 780 2334 812 2392; x_wconf 89' lang='lat' dir='ltr'>et</span> <span class='ocrx_word' id='word_1_138' title='bbox 833 2328 972 2412; x_wconf 87' lang='lat' dir='ltr'>neglecto</span> <span class='ocrx_word' id='word_1_139' title='bbox 996 2330 1063 2410; x_wconf 93' lang='lat' dir='ltr'>deo,</span> <span class='ocrx_word' id='word_1_140' title='bbox 1084 2330 1141 2412; x_wconf 89' lang='lat' dir='ltr'>qui</span> <span class='ocrx_word' id='word_1_141' title='bbox 1163 2333 1262 2396; x_wconf 88' lang='lat' dir='ltr'>omui·</span> 
     </span>
     <span class='ocr_line' id='line_1_18' title="bbox 131 2429 1261 2515; baseline 0.002 -17"><span class='ocrx_word' id='word_1_142' title='bbox 131 2434 188 2498; x_wconf 86' lang='lat' dir='ltr'>bus</span> <span class='ocrx_word' id='word_1_143' title='bbox 211 2429 324 2497; x_wconf 89' lang='lat' dir='ltr'>animis</span> <span class='ocrx_word' id='word_1_144' title='bbox 354 2431 476 2496; x_wconf 90' lang='lat' dir='ltr'>utiliter</span> <span class='ocrx_word' id='word_1_145' title='bbox 499 2450 535 2496; x_wconf 90' lang='lat' dir='ltr'>ac</span> <span class='ocrx_word' id='word_1_146' title='bbox 557 2430 726 2496; x_wconf 85' lang='lat' dir='ltr'>salubriter</span> <span class='ocrx_word' id='word_1_147' title='bbox 754 2433 917 2515; x_wconf 84' lang='lat' dir='ltr'>praesidet,</span> <span class='ocrx_word' id='word_1_148' title='bbox 944 2432 1010 2515; x_wconf 91' lang='lat' dir='ltr'>ipsa</span> <span class='ocrx_word' id='word_1_149' title='bbox 1032 2433 1096 2498; x_wconf 90' lang='lat' dir='ltr'>sibi</span> <span class='ocrx_word' id='word_1_150' title='bbox 1119 2436 1171 2499; x_wconf 91' lang='lat' dir='ltr'>uel</span> <span class='ocrx_word' id='word_1_151' title='bbox 1193 2435 1261 2500; x_wconf 86' lang='lat' dir='ltr'>aliia</span> 
     </span>
     <span class='ocr_line' id='line_1_19' title="bbox 130 2533 1260 2618; baseline 0.001 -18"><span class='ocrx_word' id='word_1_152' title='bbox 130 2533 243 2618; x_wconf 90' lang='lat' dir='ltr'>quibus</span> <span class='ocrx_word' id='word_1_153' title='bbox 272 2534 409 2617; x_wconf 89' lang='lat' dir='ltr'>potuerit</span> <span class='ocrx_word' id='word_1_154' title='bbox 437 2533 509 2599; x_wconf 92' lang='lat' dir='ltr'>uult</span> <span class='ocrx_word' id='word_1_155' title='bbox 537 2553 603 2599; x_wconf 86' lang='lat' dir='ltr'>esso</span> <span class='ocrx_word' id='word_1_156' title='bbox 633 2554 687 2617; x_wconf 87' lang='lat' dir='ltr'>pro</span> <span class='ocrx_word' id='word_1_157' title='bbox 711 2536 778 2609; x_wconf 90' lang='lat' dir='ltr'>deo,</span> <span class='ocrx_word' id='word_1_158' title='bbox 801 2555 890 2601; x_wconf 90' lang='lat' dir='ltr'>suam</span> <span class='ocrx_word' id='word_1_159' title='bbox 913 2536 1018 2617; x_wconf 86' lang='lat' dir='ltr'>potius</span> <span class='ocrx_word' id='word_1_160' title='bbox 1041 2538 1073 2601; x_wconf 95' lang='lat' dir='ltr'>in</span> <span class='ocrx_word' id='word_1_161' title='bbox 1098 2556 1132 2602; x_wconf 91' lang='lat' dir='ltr'>so</span> <span class='ocrx_word' id='word_1_162' title='bbox 1156 2538 1208 2603; x_wconf 88' lang='lat' dir='ltr'>uel</span> <span class='ocrx_word' id='word_1_163' title='bbox 1229 2539 1260 2602; x_wconf 93' lang='lat' dir='ltr'>iu</span> 
     </span>
     <span class='ocr_line' id='line_1_20' title="bbox 131 2635 1289 2722; baseline -0.003 -20"><span class='ocrx_word' id='word_1_164' title='bbox 131 2639 209 2704; x_wconf 89' lang='lat' dir='ltr'>alios</span> <span class='ocrx_word' id='word_1_165' title='bbox 232 2656 326 2719; x_wconf 91' lang='lat' dir='ltr'>quam</span> <span class='ocrx_word' id='word_1_166' title='bbox 350 2636 435 2702; x_wconf 90' lang='lat' dir='ltr'>illius</span> <span class='ocrx_word' id='word_1_167' title='bbox 458 2637 509 2701; x_wconf 89' lang='lat' dir='ltr'>uel</span> <span class='ocrx_word' id='word_1_168' title='bbox 532 2635 566 2701; x_wconf 92' lang='lat' dir='ltr'>iu</span> <span class='ocrx_word' id='word_1_169' title='bbox 589 2655 695 2701; x_wconf 89' lang='lat' dir='ltr'>omnes</span> <span class='ocrx_word' id='word_1_170' title='bbox 718 2638 854 2722; x_wconf 84' lang='lat' dir='ltr'>diligens</span> <span class='ocrx_word' id='word_1_171' title='bbox 877 2641 1074 2721; x_wconf 89' lang='lat' dir='ltr'>potestatem,</span> <span class='ocrx_word' id='word_1_172' title='bbox 1099 2643 1189 2705; x_wconf 88' lang='lat' dir='ltr'>tanto</span> <span class='ocrx_word' id='word_1_173' title='bbox 1216 2646 1289 2704; x_wconf 75' lang='lat' dir='ltr'>esta</span> 
     </span>
     <span class='ocr_line' id='line_1_21' title="bbox 130 2739 1259 2825; baseline 0.001 -20"><span class='ocrx_word' id='word_1_174' title='bbox 130 2740 315 2806; x_wconf 89' lang='lat' dir='ltr'>sordidatior</span> <span class='ocrx_word' id='word_1_175' title='bbox 337 2741 485 2820; x_wconf 86' lang='lat' dir='ltr'>tantoque</span> <span class='ocrx_word' id='word_1_176' title='bbox 508 2739 608 2823; x_wconf 84' lang='lat' dir='ltr'>magis</span> <span class='ocrx_word' id='word_1_177' title='bbox 631 2740 801 2821; x_wconf 87' lang='lat' dir='ltr'>poenaliter</span> <span class='ocrx_word' id='word_1_178' title='bbox 817 2740 932 2805; x_wconf 90' lang='lat' dir='ltr'>diuinis</span> <span class='ocrx_word' id='word_1_179' title='bbox 955 2742 1076 2824; x_wconf 85' lang='lat' dir='ltr'>legibus</span> <span class='ocrx_word' id='word_1_180' title='bbox 1099 2747 1259 2825; x_wconf 88' lang='lat' dir='ltr'>tamquam</span> 
     </span>
     <span class='ocr_line' id='line_1_22' title="bbox 129 2841 1259 2926; baseline 0.003 -18"><span class='ocrx_word' id='word_1_181' title='bbox 129 2841 264 2925; x_wconf 89' lang='lat' dir='ltr'>publicis</span> <span class='ocrx_word' id='word_1_182' title='bbox 286 2842 404 2906; x_wconf 87' lang='lat' dir='ltr'>seruire</span> <span class='ocrx_word' id='word_1_183' title='bbox 427 2843 556 2924; x_wconf 85' lang='lat' dir='ltr'>cogitur.</span> <span class='ocrx_word' id='word_1_184' title='bbox 596 2844 712 2925; x_wconf 92' lang='lat' dir='ltr'>quanto</span> <span class='ocrx_word' id='word_1_185' title='bbox 735 2843 833 2926; x_wconf 87' lang='lat' dir='ltr'>igitur</span> <span class='ocrx_word' id='word_1_186' title='bbox 857 2845 962 2909; x_wconf 89' lang='lat' dir='ltr'>anima</span> <span class='ocrx_word' id='word_1_187' title='bbox 978 2845 1116 2911; x_wconf 89' lang='lat' dir='ltr'>bumana</span> <span class='ocrx_word' id='word_1_188' title='bbox 1139 2845 1259 2911; x_wconf 87' lang='lat' dir='ltr'>deserto</span> 
     </span>
     <span class='ocr_line' id='line_1_23' title="bbox 129 2945 1258 3032; baseline 0.004 -22"><span class='ocrx_word' id='word_1_189' title='bbox 129 2947 186 3011; x_wconf 92' lang='lat' dir='ltr'>deo</span> <span class='ocrx_word' id='word_1_190' title='bbox 208 2946 273 3010; x_wconf 92' lang='lat' dir='ltr'>suis</span> <span class='ocrx_word' id='word_1_191' title='bbox 297 2945 465 3011; x_wconf 88' lang='lat' dir='ltr'>honoribus</span> <span class='ocrx_word' id='word_1_192' title='bbox 489 2945 538 3011; x_wconf 89' lang='lat' dir='ltr'>ucl</span> <span class='ocrx_word' id='word_1_193' title='bbox 561 2947 715 3027; x_wconf 88' lang='lat' dir='ltr'>potestate</span> <span class='ocrx_word' id='word_1_194' title='bbox 739 2946 835 3012; x_wconf 84' lang='lat' dir='ltr'>fucrit</span> <span class='ocrx_word' id='word_1_195' title='bbox 857 2946 1020 3031; x_wconf 83' lang='lat' dir='ltr'>delectata,</span> <span class='ocrx_word' id='word_1_196' title='bbox 1045 2948 1137 3013; x_wconf 88' lang='lat' dir='ltr'>tauto</span> <span class='ocrx_word' id='word_1_197' title='bbox 1159 2949 1258 3032; x_wconf 82' lang='lat' dir='ltr'>magia</span> 
     </span>
     <span class='ocr_line' id='line_1_24' title="bbox 129 3048 1258 3135; baseline 0.002 -22"><span class='ocrx_word' id='word_1_198' title='bbox 129 3048 276 3115; x_wconf 89' lang='lat' dir='ltr'>subditur</span> <span class='ocrx_word' id='word_1_199' title='bbox 305 3048 421 3115; x_wconf 89' lang='lat' dir='ltr'>talibus</span> <span class='ocrx_word' id='word_1_200' title='bbox 447 3049 667 3130; x_wconf 87' lang='lat' dir='ltr'>potestatibus,</span> <span class='ocrx_word' id='word_1_201' title='bbox 700 3069 778 3132; x_wconf 91' lang='lat' dir='ltr'>quae</span> <span class='ocrx_word' id='word_1_202' title='bbox 813 3052 935 3134; x_wconf 91' lang='lat' dir='ltr'>priuato</span> <span class='ocrx_word' id='word_1_203' title='bbox 969 3069 1024 3116; x_wconf 91' lang='lat' dir='ltr'>suo</span> <span class='ocrx_word' id='word_1_204' title='bbox 1053 3052 1196 3135; x_wconf 80' lang='lat' dir='ltr'>gaudent</span> <span class='ocrx_word' id='word_1_205' title='bbox 1228 3058 1258 3115; x_wconf 88' lang='lat' dir='ltr'>et</span> 
     </span>
     <span class='ocr_line' id='line_1_25' title="bbox 130 3151 1289 3237; baseline 0.001 -21"><span class='ocrx_word' id='word_1_206' title='bbox 130 3152 274 3218; x_wconf 87' lang='lat' dir='ltr'>honorari</span> <span class='ocrx_word' id='word_1_207' title='bbox 305 3151 344 3217; x_wconf 93' lang='lat' dir='ltr'>ab</span> <span class='ocrx_word' id='word_1_208' title='bbox 374 3152 550 3217; x_wconf 90' lang='lat' dir='ltr'>homiuibus</span> <span class='ocrx_word' id='word_1_209' title='bbox 581 3154 662 3217; x_wconf 88' lang='lat' dir='ltr'>siout</span> <span class='ocrx_word' id='word_1_210' title='bbox 693 3155 726 3218; x_wconf 91' lang='lat' dir='ltr'>di</span> <span class='ocrx_word' id='word_1_211' title='bbox 755 3155 900 3236; x_wconf 90' lang='lat' dir='ltr'>cupiunt:</span> <span class='ocrx_word' id='word_1_212' title='bbox 924 3155 1035 3237; x_wconf 88' lang='lat' dir='ltr'>quibus</span> <span class='ocrx_word' id='word_1_213' title='bbox 1058 3155 1170 3219; x_wconf 89' lang='lat' dir='ltr'>diuina</span> <span class='ocrx_word' id='word_1_214' title='bbox 1191 3155 1289 3237; x_wconf 70' lang='lat' dir='ltr'>legas</span> 
     </span>
     <span class='ocr_line' id='line_1_26' title="bbox 129 3255 1259 3339; baseline -0.001 -18"><span class='ocrx_word' id='word_1_215' title='bbox 129 3274 220 3339; x_wconf 86' lang='lat' dir='ltr'>saepe</span> <span class='ocrx_word' id='word_1_216' title='bbox 250 3257 439 3333; x_wconf 89' lang='lat' dir='ltr'>conceditur,</span> <span class='ocrx_word' id='word_1_217' title='bbox 471 3262 505 3320; x_wconf 93' lang='lat' dir='ltr'>ut</span> <span class='ocrx_word' id='word_1_218' title='bbox 536 3255 579 3319; x_wconf 88' lang='lat' dir='ltr'>eis</span> <span class='ocrx_word' id='word_1_219' title='bbox 610 3274 686 3338; x_wconf 88' lang='lat' dir='ltr'>quos</span> <span class='ocrx_word' id='word_1_220' title='bbox 716 3256 777 3321; x_wconf 91' lang='lat' dir='ltr'>sibi</span> <span class='ocrx_word' id='word_1_221' title='bbox 806 3258 977 3322; x_wconf 90' lang='lat' dir='ltr'>secuudum</span> <span class='ocrx_word' id='word_1_222' title='bbox 1007 3275 1117 3322; x_wconf 90' lang='lat' dir='ltr'>eorum</span> <span class='ocrx_word' id='word_1_223' title='bbox 1148 3258 1259 3322; x_wconf 87' lang='lat' dir='ltr'>merita</span> 
     </span>
     <span class='ocr_line' id='line_1_27' title="bbox 128 3359 1258 3445; baseline 0.003 -22"><span class='ocrx_word' id='word_1_224' title='bbox 128 3359 368 3443; x_wconf 82' lang='lat' dir='ltr'>subiugaueriut</span> <span class='ocrx_word' id='word_1_225' title='bbox 403 3360 528 3444; x_wconf 88' lang='lat' dir='ltr'>priuato</span> <span class='ocrx_word' id='word_1_226' title='bbox 566 3361 621 3425; x_wconf 94' lang='lat' dir='ltr'>illo</span> <span class='ocrx_word' id='word_1_227' title='bbox 655 3363 723 3426; x_wconf 90' lang='lat' dir='ltr'>iure</span> <span class='ocrx_word' id='word_1_228' title='bbox 755 3365 851 3427; x_wconf 89' lang='lat' dir='ltr'>otiam</span> <span class='ocrx_word' id='word_1_229' title='bbox 885 3362 1109 3427; x_wconf 80' lang='lat' dir='ltr'>miraculorum</span> <span class='ocrx_word' id='word_1_230' title='bbox 1140 3362 1258 3445; x_wconf 90' lang='lat' dir='ltr'>aliquid</span> 
     </span>
     <span class='ocr_line' id='line_1_28' title="bbox 129 3461 1259 3546; baseline 0.004 -21"><span class='ocrx_word' id='word_1_231' title='bbox 129 3461 289 3544; x_wconf 88' lang='lat' dir='ltr'>praestent</span> <span class='ocrx_word' id='word_1_232' title='bbox 309 3461 344 3527; x_wconf 93' lang='lat' dir='ltr'>in</span> <span class='ocrx_word' id='word_1_233' title='bbox 366 3462 416 3527; x_wconf 90' lang='lat' dir='ltr'>his</span> <span class='ocrx_word' id='word_1_234' title='bbox 437 3465 527 3528; x_wconf 90' lang='lat' dir='ltr'>robus</span> <span class='ocrx_word' id='word_1_235' title='bbox 550 3462 803 3541; x_wconf 83' lang='lat' dir='ltr'>exhibendorum,</span> <span class='ocrx_word' id='word_1_236' title='bbox 827 3463 941 3546; x_wconf 91' lang='lat' dir='ltr'>quibus</span> <span class='ocrx_word' id='word_1_237' title='bbox 963 3466 1038 3528; x_wconf 90' lang='lat' dir='ltr'>sunt</span> <span class='ocrx_word' id='word_1_238' title='bbox 1059 3462 1177 3543; x_wconf 88' lang='lat' dir='ltr'>infimo,</span> <span class='ocrx_word' id='word_1_239' title='bbox 1207 3463 1259 3529; x_wconf 87' lang='lat' dir='ltr'>sed</span> 
     </span>
     <span class='ocr_line' id='line_1_29' title="bbox 129 3565 1258 3650; baseline 0.002 -22"><span class='ocrx_word' id='word_1_240' title='bbox 129 3572 233 3629; x_wconf 90' lang='lat' dir='ltr'>tamen</span> <span class='ocrx_word' id='word_1_241' title='bbox 263 3565 495 3630; x_wconf 88' lang='lat' dir='ltr'>ordinatissimo</span> <span class='ocrx_word' id='word_1_242' title='bbox 525 3568 716 3648; x_wconf 84' lang='lat' dir='ltr'>potestatum</span> <span class='ocrx_word' id='word_1_243' title='bbox 746 3567 845 3650; x_wconf 87' lang='lat' dir='ltr'>gradu</span> <span class='ocrx_word' id='word_1_244' title='bbox 875 3568 1079 3649; x_wconf 88' lang='lat' dir='ltr'>praepositae.</span> <span class='ocrx_word' id='word_1_245' title='bbox 1118 3571 1173 3633; x_wconf 89' lang='lat' dir='ltr'>sed</span> <span class='ocrx_word' id='word_1_246' title='bbox 1204 3568 1258 3632; x_wconf 89' lang='lat' dir='ltr'>ubi</span> 
     </span>
     <span class='ocr_line' id='line_1_30' title="bbox 128 3668 1290 3754; baseline 0.003 -22"><span class='ocrx_word' id='word_1_247' title='bbox 128 3670 237 3734; x_wconf 89' lang='lat' dir='ltr'>diuina</span> <span class='ocrx_word' id='word_1_248' title='bbox 270 3673 430 3751; x_wconf 89' lang='lat' dir='ltr'>tamquam</span> <span class='ocrx_word' id='word_1_249' title='bbox 463 3668 586 3750; x_wconf 90' lang='lat' dir='ltr'>publica</span> <span class='ocrx_word' id='word_1_250' title='bbox 620 3670 668 3733; x_wconf 81' lang='lat' dir='ltr'>lex</span> <span class='ocrx_word' id='word_1_251' title='bbox 703 3670 800 3745; x_wconf 88' lang='lat' dir='ltr'>iubet,</span> <span class='ocrx_word' id='word_1_252' title='bbox 832 3671 934 3734; x_wconf 88' lang='lat' dir='ltr'>uincit</span> <span class='ocrx_word' id='word_1_253' title='bbox 964 3671 1073 3751; x_wconf 90' lang='lat' dir='ltr'>utique</span> <span class='ocrx_word' id='word_1_254' title='bbox 1098 3671 1290 3754; x_wconf 79' lang='lat' dir='ltr'>priuatamro</span> 
     </span>
     <span class='ocr_line' id='line_1_31' title="bbox 128 3772 1258 3855; baseline 0.001 -20"><span class='ocrx_word' id='word_1_255' title='bbox 128 3772 298 3848; x_wconf 85' lang='lat' dir='ltr'>licentiam,</span> <span class='ocrx_word' id='word_1_256' title='bbox 330 3790 518 3854; x_wconf 91' lang='lat' dir='ltr'>quamquam</span> <span class='ocrx_word' id='word_1_257' title='bbox 548 3775 581 3836; x_wconf 90' lang='lat' dir='ltr'>et</span> <span class='ocrx_word' id='word_1_258' title='bbox 604 3772 670 3855; x_wconf 91' lang='lat' dir='ltr'>ipsa</span> <span class='ocrx_word' id='word_1_259' title='bbox 693 3773 817 3854; x_wconf 89' lang='lat' dir='ltr'>priuata</span> <span class='ocrx_word' id='word_1_260' title='bbox 841 3774 966 3838; x_wconf 85' lang='lat' dir='ltr'>licentia</span> <span class='ocrx_word' id='word_1_261' title='bbox 989 3775 1050 3837; x_wconf 89' lang='lat' dir='ltr'>nisi</span> <span class='ocrx_word' id='word_1_262' title='bbox 1073 3774 1258 3839; x_wconf 86' lang='lat' dir='ltr'>uniuersalis</span> 
     </span>
     <span class='ocr_line' id='line_1_32' title="bbox 128 3874 1259 3958; baseline 0.002 -19"><span class='ocrx_word' id='word_1_263' title='bbox 128 3876 253 3941; x_wconf 87' lang='lat' dir='ltr'>diuinae</span> <span class='ocrx_word' id='word_1_264' title='bbox 269 3876 433 3958; x_wconf 88' lang='lat' dir='ltr'>potestatis</span> <span class='ocrx_word' id='word_1_265' title='bbox 456 3874 658 3957; x_wconf 87' lang='lat' dir='ltr'>permissione</span> <span class='ocrx_word' id='word_1_266' title='bbox 674 3875 763 3940; x_wconf 91' lang='lat' dir='ltr'>nulla</span> <span class='ocrx_word' id='word_1_267' title='bbox 778 3877 869 3940; x_wconf 89' lang='lat' dir='ltr'>esset.</span> <span class='ocrx_word' id='word_1_268' title='bbox 900 3877 1028 3957; x_wconf 88' lang='lat' dir='ltr'>ideoque</span> <span class='ocrx_word' id='word_1_269' title='bbox 1044 3876 1090 3954; x_wconf 90' lang='lat' dir='ltr'>fit,</span> <span class='ocrx_word' id='word_1_270' title='bbox 1108 3882 1145 3941; x_wconf 90' lang='lat' dir='ltr'>ut</span> <span class='ocrx_word' id='word_1_271' title='bbox 1160 3877 1259 3941; x_wconf 88' lang='lat' dir='ltr'>sancti</span> 
     </span>
    </p>
   </div>
   <div class='ocr_carea' id='block_1_3' title="bbox 127 4052 1263 4479">
    <p class='ocr_par' dir='ltr' id='par_1_3' title="bbox 127 4052 1263 4479">
     <span class='ocr_line' id='line_1_33' title="bbox 179 4052 1261 4148; baseline 0.002 -17"><span class='ocrx_word' id='word_1_272' title='bbox 179 4077 196 4131; x_wconf 79' lang='grc'><strong>2</strong></span> <span class='ocrx_word' id='word_1_273' title='bbox 219 4078 347 4147; x_wconf 84' lang='lat' dir='ltr'>permisso</span> <span class='ocrx_word' id='word_1_274' title='bbox 370 4080 446 4133; x_wconf 86' lang='lat' dir='ltr'>MV:</span> <span class='ocrx_word' id='word_1_275' title='bbox 476 4052 592 4148; x_wconf 76' lang='lat' dir='ltr'>pcrmiau</span> <span class='ocrx_word' id='word_1_276' title='bbox 620 4080 647 4133; x_wconf 91' lang='lat' dir='ltr'><strong><em>P</em></strong></span> <span class='ocrx_word' id='word_1_277' title='bbox 748 4081 838 4132; x_wconf 91' lang='lat' dir='ltr'>diuine</span> <span class='ocrx_word' id='word_1_278' title='bbox 867 4080 900 4131; x_wconf 85' lang='lat' dir='ltr'>V¹</span> <span class='ocrx_word' id='word_1_279' title='bbox 1002 4082 1019 4132; x_wconf 89' lang='grc'><strong>3</strong></span> <span class='ocrx_word' id='word_1_280' title='bbox 1046 4095 1158 4133; x_wconf 87' lang='lat' dir='ltr'>suarum</span> <span class='ocrx_word' id='word_1_281' title='bbox 1184 4080 1261 4134; x_wconf 78' lang='lat' dir='ltr'>Mt&#39;:</span> 
     </span>
     <span class='ocr_line' id='line_1_34' title="bbox 127 4161 1193 4235; baseline 0.005 -19"><span class='ocrx_word' id='word_1_282' title='bbox 127 4179 176 4217; x_wconf 86' lang='lat' dir='ltr'>sua</span> <span class='ocrx_word' id='word_1_283' title='bbox 199 4161 227 4216; x_wconf 89' lang='lat' dir='ltr'><strong><em>P</em></strong></span> <span class='ocrx_word' id='word_1_284' title='bbox 329 4164 451 4232; x_wconf 84' lang='lat' dir='ltr'>4qnare</span> <span class='ocrx_word' id='word_1_285' title='bbox 474 4182 538 4234; x_wconf 80' lang='lat' dir='ltr'>ergo</span> <span class='ocrx_word' id='word_1_286' title='bbox 562 4172 589 4220; x_wconf 86' lang='lat' dir='ltr'>et</span> <span class='ocrx_word' id='word_1_287' title='bbox 610 4182 682 4235; x_wconf 79' lang='lat' dir='ltr'>quoe</span> <span class='ocrx_word' id='word_1_288' title='bbox 699 4172 830 4221; x_wconf 67' lang='lat' dir='ltr'>secueram</span> <span class='ocrx_word' id='word_1_289' title='bbox 847 4165 935 4219; x_wconf 76' lang='lat' dir='ltr'>cubit.</span> <span class='ocrx_word' id='word_1_290' title='bbox 958 4164 1029 4229; x_wconf 82' lang='lat' dir='ltr'>MV,</span> <span class='ocrx_word' id='word_1_291' title='bbox 1059 4181 1111 4219; x_wconf 82' lang='lat' dir='ltr'>our.</span> <span class='ocrx_word' id='word_1_292' title='bbox 1138 4166 1193 4221; x_wconf 84' lang='lat' dir='ltr'>GP</span> 
     </span>
     <span class='ocr_line' id='line_1_35' title="bbox 129 4247 1260 4320; baseline 0.001 -18"><span class='ocrx_word' id='word_1_293' title='bbox 129 4249 162 4303; x_wconf 91' lang='lat'>10</span> <span class='ocrx_word' id='word_1_294' title='bbox 179 4247 365 4317; x_wconf 76' lang='lat' dir='ltr'>quasi-agit</span> <span class='ocrx_word' id='word_1_295' title='bbox 382 4267 414 4304; x_wconf 84' lang='lat' dir='ltr'>a:</span> <span class='ocrx_word' id='word_1_296' title='bbox 444 4267 494 4305; x_wconf 86' lang='lat' dir='ltr'>om.</span> <span class='ocrx_word' id='word_1_297' title='bbox 512 4251 589 4313; x_wconf 86' lang='lat' dir='ltr'>MV;</span> <span class='ocrx_word' id='word_1_298' title='bbox 617 4251 684 4317; x_wconf 79' lang='lat' dir='ltr'>fort.</span> <span class='ocrx_word' id='word_1_299' title='bbox 702 4253 782 4306; x_wconf 86' lang='lat' dir='ltr'>aliter</span> <span class='ocrx_word' id='word_1_300' title='bbox 800 4252 930 4320; x_wconf 86' lang='lat' dir='ltr'>priuatim</span> <span class='ocrx_word' id='word_1_301' title='bbox 948 4252 1010 4318; x_wconf 79' lang='lat' dir='ltr'>agit</span> <span class='ocrx_word' id='word_1_302' title='bbox 1114 4250 1149 4304; x_wconf 79' lang='lat'>21</span> <span class='ocrx_word' id='word_1_303' title='bbox 1173 4251 1260 4304; x_wconf 85' lang='lat' dir='ltr'>sordi-</span> 
     </span>
     <span class='ocr_line' id='line_1_36' title="bbox 127 4333 1263 4406; baseline 0.006 -22"><span class='ocrx_word' id='word_1_304' title='bbox 127 4333 215 4388; x_wconf 84' lang='lat' dir='ltr'>datior</span> <span class='ocrx_word' id='word_1_305' title='bbox 236 4335 349 4403; x_wconf 71' lang='lat' dir='ltr'>scripsi:</span> <span class='ocrx_word' id='word_1_306' title='bbox 381 4335 535 4392; x_wconf 87' lang='lat' dir='ltr'>sordiditior</span> <span class='ocrx_word' id='word_1_307' title='bbox 562 4338 589 4391; x_wconf 84' lang='lat' dir='ltr'><em>V</em></span> <span class='ocrx_word' id='word_1_308' title='bbox 616 4337 747 4392; x_wconf 82' lang='lat' dir='ltr'>sordidior</span> <span class='ocrx_word' id='word_1_309' title='bbox 759 4338 794 4405; x_wconf 65' lang='grc' dir='ltr'>(Ρ)</span> <span class='ocrx_word' id='word_1_310' title='bbox 816 4337 853 4391; x_wconf 84' lang='grc' dir='ltr'><em>Μ</em></span> <span class='ocrx_word' id='word_1_311' title='bbox 963 4336 997 4390; x_wconf 78' lang='lat' dir='ltr'>ab</span> <span class='ocrx_word' id='word_1_312' title='bbox 1020 4337 1089 4390; x_wconf 85' lang='lat' dir='ltr'>sieut</span> <span class='ocrx_word' id='word_1_313' title='bbox 1113 4336 1153 4406; x_wconf 83' lang='lat' dir='ltr'>di]</span> <span class='ocrx_word' id='word_1_314' title='bbox 1177 4337 1263 4391; x_wconf 84' lang='lat' dir='ltr'>sicuti</span> 
     </span>
     <span class='ocr_line' id='line_1_37' title="bbox 127 4421 1055 4479; baseline 0.003 -5"><span class='ocrx_word' id='word_1_315' title='bbox 127 4421 194 4475; x_wconf 82' lang='lat' dir='ltr'>MV</span> <span class='ocrx_word' id='word_1_316' title='bbox 291 4423 430 4477; x_wconf 75' lang='lat' dir='ltr'>26aisu:</span> <span class='ocrx_word' id='word_1_317' title='bbox 458 4439 501 4477; x_wconf 89' lang='lat' dir='ltr'>eos</span> <span class='ocrx_word' id='word_1_318' title='bbox 520 4424 584 4478; x_wconf 83' lang='lat' dir='ltr'>MV</span> <span class='ocrx_word' id='word_1_319' title='bbox 684 4424 877 4479; x_wconf 84' lang='lat' dir='ltr'>30diuinao:</span> <span class='ocrx_word' id='word_1_320' title='bbox 907 4424 971 4478; x_wconf 88' lang='lat' dir='ltr'>diua</span> <span class='ocrx_word' id='word_1_321' title='bbox 988 4423 1055 4479; x_wconf 80' lang='lat' dir='ltr'>MV</span> 
     </span>
    </p>
   </div>
   <div class='ocr_carea' id='block_1_4' title="bbox 0 104 1384 4814">
    <p class='ocr_par' dir='ltr' id='par_1_4' title="bbox 0 104 1384 4814">
     <span class='ocr_line' id='line_1_38' title="bbox 0 104 1384 4814; baseline 0 1"><span class='ocrx_word' id='word_1_322' title='bbox 0 104 1384 4814; x_wconf 95' lang='lat' dir='ltr'> </span> 
     </span>
    </p>
   </div>
  </div>
 </body>
</html>
