2760 4814
129 551 193 619 926
611 545 777 616 Eugippii

129 738 300 823 gratiam
328 738 445 804 firma
474 739 526 802 sit
548 735 776 820 promissio,
798 737 893 800 miror
916 734 1057 799 homines
1078 734 1252 801 infirmitati

130 860 203 907 snae
238 861 271 909 so
304 842 399 907 malle
423 841 617 907 committere
647 857 741 922 quam
773 837 916 904 firmitati
949 837 1164 920 promissionis
1197 839 1250 905 dei.

132 946 206 1025 ,sed
227 945 348 1010 incerta
370 949 416 1009 est
437 943 535 1008 mihi“
553 943 656 1025 inquit
672 944 730 1026 ,de
744 961 794 1007 me
810 941 878 1025 ipso
900 941 1045 1006 uoluntas
1067 941 1152 1007 dei“.
1181 941 1250 1024 quid

130 1051 226 1132 ergo?
248 1049 343 1113 tuane
364 1046 424 1113 tibi
440 1047 583 1111 uoluntas
604 1046 641 1110 de
662 1048 694 1109 te
716 1047 780 1128 ipso
803 1045 888 1109 certa
910 1047 1035 1109 estnec
1057 1045 1168 1110 times:
1191 1046 1250 1127 qui

129 1150 290 1216 uidetur
318 1151 443 1229 stare,
478 1167 523 1214 ne
546 1149 675 1225 cadat,
708 1147 877 1212 timeat?
908 1165 978 1212 oum
1002 1146 1102 1231 igitur
1125 1152 1278 1231 utraques

129 1256 249 1321 incerta
272 1255 323 1330 sit,
347 1272 401 1318 cur
423 1272 483 1318 non
505 1252 595 1315 homo
612 1250 741 1316 firmiori
757 1269 848 1334 quam
866 1249 1029 1315 infirmiori
1045 1250 1142 1316 fidem
1156 1270 1249 1329 suam,

128 1374 213 1440 spem
236 1357 459 1439 caritatemque
482 1354 679 1420 committit?

175 1475 255 1562 ,Sed
270 1496 340 1541 cnm
357 1475 488 1541 dicitur“
506 1474 652 1557 inquiunt
670 1475 721 1553 ,si
744 1473 977 1556 credideris,
1000 1474 1138 1538 saluus
1160 1472 1249 1549 eris,

130 1597 229 1644 unum
263 1579 372 1643 horum
409 1577 551 1661 erigitur,
585 1577 720 1641 alterum
753 1576 895 1644 offertur:
931 1576 1012 1659 quod
1047 1574 1193 1658 erigitur,
1222 1577 1250 1640 in

129 1680 275 1763 hominis,
298 1680 378 1761 quod
395 1679 533 1758 offertur,
556 1681 588 1743 in
611 1679 660 1745 dei
683 1682 732 1744 est
754 1678 937 1762 potestate“.
969 1697 1024 1743 cnr
1046 1696 1108 1742 non
1131 1681 1276 1742 utrum-u

130 1800 188 1864 que
219 1784 251 1845 in
282 1781 342 1863 dei,
372 1782 403 1845 et
425 1781 507 1863 quod
536 1780 624 1845 iubet
652 1782 684 1845 et
708 1781 788 1862 quod
810 1781 925 1845 offert?
949 1784 1078 1864 rogatur
1102 1782 1196 1857 enim,
1218 1784 1250 1844 ut

129 1887 183 1950 dot
219 1884 300 1967 quod
337 1885 437 1950 iubet:
472 1889 583 1967 rogant
616 1882 784 1962 credentes,
819 1886 856 1948 ut
889 1885 947 1950 sibi
980 1886 1134 1965 augeatur
1167 1883 1249 1958 fides

129 1988 242 2069 rogant
272 2006 327 2069 pro
357 2006 418 2051 non
451 1986 656 2066 credentibus,
683 1990 720 2052 ut
743 1989 786 2052 eis
809 1988 937 2052 donetur
960 1986 1043 2052 fides.
1079 1990 1113 2051 et
1135 1988 1167 2050 in
1190 1986 1250 2051 suis

130 2091 228 2175 igitur
257 2090 456 2155 incrementis
478 2092 509 2154 et
531 2091 562 2155 in
587 2091 652 2155 suis
675 2090 774 2155 initiis
796 2091 846 2155 dei
869 2093 983 2155 donum
1004 2094 1053 2154 est
1075 2089 1165 2154 fides.
1208 2090 1249 2153 sic

130 2196 235 2258 autem
266 2191 396 2257 dicitur:
431 2193 461 2257 si
485 2192 717 2271 credideris,
750 2192 888 2257 saluus
921 2192 1015 2266 eris,
1051 2193 1278 2274 quemadmo-rs

130 2296 205 2360 dum
221 2295 351 2361 dicitur:
373 2295 404 2360 si
427 2296 576 2378 spiritu
598 2297 709 2361 facte
732 2296 863 2361 carnis
886 2294 1249 2370 mortifieeueritis,

130 2399 292 2464 uinetis.
328 2418 402 2464 nam
427 2404 459 2464 et
481 2399 532 2464 hic
555 2417 591 2463 ex
613 2399 661 2464 bis
681 2399 799 2465 duobus
823 2418 920 2463 unum
943 2398 1091 2482 erigitur,
1118 2398 1250 2463 alterum

129 2501 268 2568 offertur.
313 2501 347 2566 si
369 2501 535 2584 spiritu,
559 2501 670 2584 inquit,
694 2501 804 2566 facta
826 2501 956 2566 carnis
978 2500 1249 2566 mortificans·

130 2605 242 2688 ritis,
272 2604 437 2669 uinetis:
472 2604 509 2668 ut
538 2622 610 2688 ergo
641 2603 754 2687 spiritu
786 2604 872 2670 faeta
894 2605 996 2669 carnis
1020 2604 1248 2679 mortificemus,

129 2707 273 2790 erigitur,
305 2709 469 2772 utentem
499 2707 653 2790 uiuamus,
685 2708 820 2772 offertur.
862 2727 937 2771 num
966 2706 1064 2790 igitur
1084 2706 1196 2789 placet,
1217 2705 1276 2769 uta

129 2810 215 2877 fecta
245 2811 347 2875 carnis
377 2810 563 2874 mortificare
594 2826 654 2874 non
685 2811 801 2875 donum
829 2811 878 2875 dei
902 2829 966 2875 esse
990 2811 1133 2875 dicamus
1155 2825 1248 2891 nequo

129 2913 161 2978 id
184 2912 302 2977 donum
332 2911 383 2977 dei
411 2930 478 2976 esse
500 2912 664 2996 fateamur,
688 2914 833 2994 quoniam
856 2912 935 2993 erigi
959 2912 1104 2977 eudimus
1124 2931 1144 2976 a
1164 2908 1247 2975 nobis

128 3015 270 3098 praemio
294 3016 386 3093 uitae,
410 3014 438 3079 si
460 3014 519 3079 hoe
541 3015 712 3094 fecerimus,
736 3016 863 3081 oblato?
885 3015 977 3095 absit,
1001 3015 1058 3079 hoc
1080 3019 1119 3079 ut
1133 3011 1246 3097 placeat

128 3117 338 3203 participibus
369 3122 401 3183 et
430 3117 643 3184 defensoribus
672 3117 802 3201 gratiae.
839 3118 1077 3200 Pelagianorum
1099 3118 1149 3181 est
1170 3129 1245 3180 error

129 3220 190 3287 iste
205 3221 404 3303 damnabilis,
421 3238 550 3303 quorum
566 3239 637 3285 mor
652 3221 810 3302 apostolus
826 3240 881 3286 ora
895 3221 1050 3286 obstruxit
1064 3220 1267 3302 adiungens*

130 3324 328 3406 quotquot
343 3325 443 3389 enim
459 3322 607 3406 spiritu
622 3322 684 3388 dei
699 3326 891 3407 aguntur,
910 3324 948 3387 hi
964 3322 1049 3388 filii
1065 3322 1129 3387 dei
1143 3319 1240 3396 sunt,

128 3447 167 3491 ne
197 3427 281 3492 facta
306 3427 494 3492 mortificare
517 3444 571 3491 nos
594 3425 695 3491 carnis
718 3445 778 3491 non
800 3446 854 3509 per
876 3426 936 3506 dei,
959 3425 1013 3491 sed
1035 3445 1091 3508 per
1113 3428 1241 3489 nostrum

128 3530 276 3613 spiritum
299 3531 500 3596 crederemus.
538 3530 576 3593 de
599 3547 657 3611 quo
678 3529 729 3594 dei
751 3529 864 3611 spiritu
886 3531 983 3595 etiam
998 3528 1043 3593 ibi
1058 3529 1238 3610 loquebatur.

127 3632 182 3697 ubi
218 3635 278 3700 ait:
317 3631 448 3697 omnia
486 3636 619 3697 antem
655 3631 751 3697 haec
788 3636 973 3715 operatur
1007 3650 1109 3696 unus
1137 3635 1238 3711 atque

128 3736 231 3801 idem
265 3736 454 3820 spiritus,
487 3735 670 3801 diuidens
704 3736 865 3819 proprie
899 3735 1116 3817 unicuique
1138 3727 1261 3815 prouta

229 3938 352 3993 41001.
372 3939 463 4005 10,12
549 3938 631 4007 8Ep.
650 3938 747 3992 Hilarii
766 3940 898 4007 (Ang.ep.
912 3936 973 4004 226)
992 3936 1037 4002 §2
1129 3937 1159 3991 15
1177 3933 1240 3988 sou.

128 4023 198 4087 10‚9
279 4025 312 4078 16
324 4027 362 4091 (et
375 4025 418 4093 18)
430 4024 505 4079 Rom.
517 4026 542 4091 8,
557 4026 590 4080 13
665 4024 825 4088 autema,
839 4024 872 4077 14
952 4020 1084 4077 auteur.
1097 4022 1139 4087 12,
1155 4023 1184 4076 ll

181 4210 195 4262 l
223 4206 314 4276 gratia
341 4208 366 4263 V
465 4209 620 4265 infirmitati
651 4210 717 4265 GP:
753 4208 920 4263 infirmitatis
948 4207 973 4262 V
1072 4210 1090 4263 5
1116 4224 1150 4263 ne
1176 4206 1246 4262 eadsi

128 4294 225 4348 timeat
243 4293 279 4348 V:
305 4293 397 4348 uideat
409 4310 441 4348 no
453 4295 532 4349 cadat
549 4297 577 4350 P
662 4297 694 4350 18
712 4296 822 4349 offertur
844 4295 879 4350 V=
907 4294 1028 4349 aufertur
1048 4295 1075 4349 P
1165 4296 1196 4349 19
1212 4290 1248 4345 ui·

127 4378 434 4434 netis-mortificemus
454 4380 520 4435 GP:
551 4397 601 4436 om.
620 4382 687 4437 MV
780 4380 904 4449 spiritum
927 4379 963 4435 θ’
1064 4379 1248 4435 escussario

130 4465 197 4521 GV:
227 4465 347 4522 obstuxit
364 4466 393 4521 P
493 4466 527 4522 26
544 4468 586 4522 dei
604 4470 668 4522 sunt
687 4468 721 4523 V:
751 4469 817 4521 sunt
834 4467 875 4521 dei
896 4466 950 4521 GP
