2760 4814
321 531 488 602 Excerpts
504 549 539 587 ex
557 548 626 603 opp.
645 533 671 588 S.
689 535 882 604 Augustini
903 536 935 590 V.
1153 541 1195 606 63

95 722 159 788 Sed
173 721 230 787 ubi
242 740 348 798 munes
363 722 397 787 iu
409 721 560 787 momoria
570 738 649 800 mea,
661 722 797 801 domine,
811 724 867 790 ubi
879 724 946 791 illio
956 730 1085 792 munos?
1102 729 1193 810 quale

50 825 162 892 cubile
178 826 343 892 fubrioasti
358 827 440 893 tibi?
457 827 548 909 quale
563 828 777 892 sanctuarium
793 827 965 893 aedificasti
980 829 1065 893 tibi?
1087 833 1122 894 tu
1138 831 1193 896 de·

52 929 129 994 disti
155 928 238 994 bunc
257 929 477 1012 dignationem
499 931 668 995 memoriae
691 947 777 996 moue
800 932 836 997 ut
859 949 985 997 maneas
1009 933 1041 996 iu
1064 951 1116 1011 es;
1139 935 1194 1000 sed

52 1034 86 1097 iu
108 1051 174 1116 qus
191 1032 260 1097 eius
282 1035 369 1116 parte
388 1050 516 1098 maneos
533 1033 592 1098 hoo
608 1034 775 1099 considero.
798 1035 976 1100 transeundi
992 1034 1077 1100 enim
1091 1041 1194 1119 partes

33 1135 120 1201 seius
149 1154 232 1218 quus
260 1137 376 1202 hubent
398 1141 430 1202 et
451 1136 582 1218 bestiae,
611 1155 683 1203 eum
705 1140 738 1203 te
759 1141 946 1215 recordarer,
969 1141 1126 1220 quianon
1150 1140 1194 1205 ibi

56 1246 86 1303 te
106 1239 313 1306 insaniebam
335 1241 418 1306 inter
439 1241 592 1325 imagines
615 1260 720 1307 rorum
743 1241 961 1324 corporalium.
1005 1245 1037 1307 et
1059 1243 1131 1308 ueni
1154 1245 1193 1308 ad

56 1347 163 1424 portes
186 1343 266 1422 eius,
290 1342 346 1408 ubi
368 1344 586 1410 commendaui
608 1345 788 1410 affectiones
817 1345 915 1410 enimi
946 1349 1022 1418 mci;
1047 1363 1103 1410 uec
1125 1346 1194 1411 iliis

56 1445 162 1511 inueni
186 1449 228 1510 te.
259 1449 292 1510 et
314 1445 433 1511 intrusi
456 1450 494 1512 ad
517 1447 616 1530 ipsius
639 1448 738 1512 animi
756 1447 818 1512 mei
833 1447 948 1526 sedem,
972 1465 1050 1529 quse
1072 1448 1122 1512 iili
1146 1451 1194 1514 ost

56 1547 88 1613 iu
108 1549 270 1615 memoria
292 1568 373 1631 mes,
404 1548 565 1630 quonism·
581 1550 630 1614 sui
652 1567 774 1633 quoque
797 1551 943 1615 meminit
965 1549 1104 1628 auimus;
1135 1570 1192 1617 uec

28 1649 99 1715 siti
122 1656 160 1716 tn
182 1669 269 1717 eras:
302 1651 377 1735 quis
406 1654 488 1718 deut
518 1648 578 1718 uon
601 1671 634 1718 es
657 1652 761 1736 imago
792 1653 959 1734 corporalis
988 1670 1045 1718 uec
1068 1654 1191 1720 effectio

57 1756 206 1829 uiuentis,
240 1754 345 1838 quetis
378 1759 426 1821 est
459 1774 530 1820 oum
564 1757 729 1839 laetemur,
765 1756 1000 1834 contristamur,
1038 1759 1191 1838 cupimus,

58 1858 241 1936 metuimus,
277 1857 488 1936 meminimus,
519 1858 735 1925 obliuiscimur
764 1861 796 1923 et
819 1859 969 1942 quidquid
995 1859 1086 1923 huius
1109 1859 1192 1924 modi

57 1966 112 2039 est,
134 1962 185 2026 its
209 1979 268 2026 neo
290 1963 356 2045 ipse
379 1963 502 2027 suimus
525 1979 569 2042 es,
599 1963 672 2046 quis
701 1962 845 2028 domiuus
873 1961 950 2027 deus
979 1963 1077 2027 ssimi
1100 1965 1137 2027 tu
1160 1980 1192 2026 es

57 2071 87 2127 et
107 2066 348 2128 commutentur
370 2063 581 2143 haecomnia,
605 2068 640 2130 tu
656 2069 763 2131 autem
785 2066 1059 2132 incommutabilis
1082 2083 1191 2130 manes

31 2185 146 2248 smper
166 2169 278 2231 omnis
299 2171 331 2232 et
353 2168 503 2250 diguatus
526 2186 558 2234 es
582 2169 723 2235 habitere
746 2170 779 2233 in
803 2169 953 2234 memoria
976 2188 1047 2234 mes
1069 2188 1105 2233 ex
1132 2185 1192 2250 quo

55 2273 85 2335 te
106 2271 218 2337 diuisi.
257 2272 384 2354 etquid
415 2290 527 2354 quaero
557 2291 616 2354 quo
647 2274 715 2339 loeo
746 2271 813 2338 eius
840 2272 974 2351 habites,
1007 2271 1096 2353 quasi
1119 2289 1191 2336 uero

55 2373 122 2439 locs
153 2375 198 2440 ibi
229 2374 320 2439 siut?
352 2374 475 2440 hsbitss
505 2379 588 2441 certe
618 2377 649 2441 in
681 2394 727 2454 ea,
759 2376 908 2457 quoniam
931 2375 979 2439 tui
1002 2375 1131 2439 memini
1155 2393 1190 2440 er

55 2495 113 2560 quo
136 2483 170 2542 te
192 2477 306 2558 dedici,
329 2481 362 2544 et
384 2478 417 2542 iu
439 2496 477 2544 es
499 2483 530 2545 te
553 2479 676 2544 iuneuio
699 2498 771 2545 oum
793 2482 936 2546 recordor
958 2481 1000 2542 te.

96 2615 158 2682 vbi
183 2635 257 2700 ergo
279 2620 311 2682 te
332 2618 448 2697 inueni,
472 2620 506 2682 ut
528 2619 678 2684 discerem
701 2620 756 2682 te?
779 2635 878 2700 neque
894 2618 977 2681 euim
993 2613 1057 2681 iam
1073 2634 1141 2681 eras
1157 2617 1190 2680 in

26 2721 208 2785 anemoria
224 2739 293 2784 mes
307 2722 487 2803 priusquam
504 2725 535 2785 te
550 2718 734 2786 inuenirem.
756 2719 810 2784 ubi
826 2738 898 2804 ergo
914 2725 946 2783 te
961 2719 1075 2805 iuueni,
1091 2722 1128 2785 ut
1143 2719 1189 2784 di·

55 2842 173 2889 scerem
195 2832 227 2888 te
249 2824 312 2888 uisi
330 2825 361 2888 iu
377 2826 408 2888 te
423 2842 517 2907 supra
531 2825 604 2889 mei
627 2826 658 2888 et
681 2841 836 2906 nusquam
851 2823 945 2905 locus,
964 2828 996 2888 et
1019 2825 1190 2890 recedimus

55 2930 86 2992 et
99 2927 291 3009 accedimus,
309 2937 339 2993 et
354 2945 509 3010 nusquam
522 2925 618 2992 locus.
650 2928 767 2992 ueritas
783 2927 897 3009 ubique
912 2926 1073 3009 praesides
1088 2928 1189 2993 omui·

54 3028 113 3095 bna
129 3028 369 3095 consulentibus
393 3035 423 3095 te
439 3029 595 3112 simulque
611 3031 777 3112 respondes
792 3029 940 3095 omnibus
956 3031 1051 3095 etism
1067 3028 1191 3096 diuersa

56 3133 307 3217 consulentibus3
342 3133 459 3217 liquide
488 3135 524 3200 tu
553 3134 729 3218 respondes,
764 3137 817 3200 sed
848 3152 909 3198 nou
941 3133 1058 3216 liquide
1083 3151 1190 3200 omnes

23 3237 203 3301 audiunt.
243 3253 349 3301 omnes
371 3240 451 3302 uude
473 3237 584 3302 uolunt
607 3236 781 3314 consulunt,
806 3237 860 3301 sed
883 3255 943 3300 nou
966 3255 1086 3320 semper
1109 3236 1190 3319 quod

57 3339 172 3404 uolunt
205 3338 346 3404 audiunt.
383 3341 520 3423 optimus
554 3338 700 3405 minister
732 3344 805 3404 tuus
829 3340 880 3406 est
912 3341 964 3422 qui
1002 3357 1061 3403 uon
1091 3338 1192 3423 magis

59 3442 203 3507 intuetur
233 3441 291 3508 hoe
314 3460 333 3506 s
353 3446 384 3507 te
408 3442 515 3508 audire
545 3442 627 3525 quod
657 3440 722 3524 ipse
752 3442 895 3526 uoluerit,
924 3445 977 3508 sad
1007 3441 1110 3524 potius
1133 3441 1191 3508 hoo

58 3545 141 3610 uelle
165 3547 247 3627 quod
270 3563 289 3609 a
310 3548 342 3608 te
364 3545 506 3611 audierit.

110 3853 208 3908 uillis
230 3853 318 3908 cubile
341 3854 408 3908 isbr.
432 3854 460 3909 P
563 3853 641 3923 qnsle
658 3854 841 3908 sanct-tibi
864 3869 914 3907 om.
933 3852 998 3906 MV
1099 3853 1116 3907 3
1134 3869 1191 3908 earu

61 3942 87 3996 Τ
170 3939 462 3996 5sontsibiDGPo
548 3939 731 3995 icommeudi
749 3940 786 3993 Ρι
874 3940 907 3993 10
924 3943 965 3993 est
976 3938 1125 3994 DG¹MVs

60 4029 91 4082 11
109 4027 303 4081 contristemur
320 4042 371 4080 om.
392 4027 435 4080 Go
533 4026 779 4084 lausonensi)
877 4025 1005 4093 quioquid
1026 4025 1135 4092 0qu
1154 4027 1193 4080 sic

57 4114 160 4182 udaque
255 4114 289 4167 14
305 4112 540 4166 cummutsbuutur
559 4110 611 4173 Go'
699 4113 733 4168 16
750 4112 814 4182 quo]
833 4111 903 4180 quod
924 4112 962 4166 (Ρ
1058 4111 1193 4165 inhabites

60 4200 88 4255 P
187 4201 221 4254 19
238 4212 361 4267 ueque-
370 4197 518 4252 inuenirem
536 4215 583 4261 om,
602 4209 640 4267 P¹
745 4199 781 4254 20
798 4199 944 4252 insanirem
964 4195 1039 4252 MV:
1067 4196 1193 4251 discerem

59 4283 194 4339 DGP'liu
289 4282 412 4336 ubi-te
428 4298 477 4335 oss.
494 4283 522 4336 P
610 4303 643 4364 21
666 4294 696 4350 et
716 4283 981 4343 recedimus-loona
999 4297 1050 4336 om.
1071 4282 1125 4335 G¹s

60 4372 196 4426 recidimus
213 4371 245 4426 D
338 4369 373 4422 22
391 4368 519 4436 prsoeedos
535 4377 676 4461 DWV
771 4371 806 4426 23
823 4369 960 4442 respondis
978 4367 1126 4423 Duum

59 4455 242 4526 rumpendus
263 4453 357 4509 DMV
438 4452 564 4548 ἳόοωῃρε
606 4457 872 4559 „adivam-1¹1¹
959 4452 1129 4510 assutos
