2760 4814
134 504 198 573 792
607 500 795 573 [Eugippii]

181 690 293 777 [Video
317 712 367 760 me
390 692 427 757 do
448 692 562 776 spiritu
583 696 692 759 sancto
721 694 752 758 in
775 693 835 759 isto
864 690 947 758 libro
968 691 1142 759 secuudum
1163 692 1266 776 scrip·

133 801 221 863 turae
243 800 368 862 sanctae
389 795 448 862 hoc
470 795 645 878 disputasse
664 796 744 877 quod
767 792 912 861 fidelibus
934 795 1052 861 sufficit
1074 796 1140 861 iam
1162 796 1265 861 soien-

133 898 221 967 tibue
243 902 335 965 deum
365 917 433 965 esse
462 898 609 981 spiritum
637 899 796 974 sanctum,
826 916 882 965 neo
910 898 1040 965 alterius
1068 896 1267 965 substantiae

133 1021 191 1069 neo
210 1003 376 1083 minorem,
400 1020 492 1086 qoam
516 1005 565 1068 eet
592 1002 683 1083 pater
713 1001 745 1065 et
766 1000 861 1079 filius,
884 1004 965 1084 quod
996 1003 1028 1067 in
1050 1002 1266 1084 superioribus

133 1105 222 1172 libris
243 1109 414 1173 secundum
443 1105 567 1170 easdem
590 1104 761 1186 scripturas
789 1106 912 1170 sanctae
934 1123 1043 1171 uerum
1066 1122 1134 1171 esse
1156 1104 1297 1171 docui-s

132 1228 213 1275 mus.
239 1209 277 1276 do
300 1210 443 1275 creatura
466 1208 572 1286 etiam,
595 1225 689 1289 quam
712 1207 789 1272 fecit
809 1208 895 1289 deus,
917 1211 1069 1290 quantum
1091 1207 1265 1283 noluimus,

133 1312 353 1380 admonuimus
382 1332 434 1379 eos
463 1312 517 1395 qui
546 1312 698 1377 rationem
726 1312 764 1376 de
792 1312 884 1376 rebus
912 1310 1028 1378 talibus
1056 1314 1208 1394 poscunt,
1231 1312 1266 1375 ut

133 1417 307 1484 inuisibilia
328 1422 393 1483 eius
415 1435 468 1500 per
492 1435 625 1498 eaquae
647 1416 827 1497 factasunt,
850 1418 933 1484 sicut
947 1420 1083 1500 possent,
1098 1415 1266 1484 intellecta

132 1521 356 1606 conspicerent,
379 1524 412 1584 et
426 1518 561 1585 maximo
575 1538 629 1602 por
643 1519 829 1585 rationalem
844 1520 896 1586 uel
918 1520 1163 1587 intellectualem
1179 1538 1264 1586 crea-

110 1614 113 1619 ’
133 1629 249 1701 turam,
272 1642 350 1707 quac
372 1623 457 1688 facta
479 1626 527 1688 est
550 1622 589 1688 ad
611 1622 780 1708 imaginem
809 1622 869 1703 dei,
900 1642 956 1708 por
977 1624 1059 1706 quod
1081 1623 1171 1689 uolut
1193 1643 1297 1707 spe-ro

133 1728 253 1805 culum,
272 1727 424 1809 quantum
440 1728 576 1807 possent,
600 1727 626 1790 si
642 1727 778 1807 possent,
803 1728 964 1791 comerent
977 1726 1155 1793 trinitatem
1170 1728 1264 1793 deum

132 1830 167 1894 in
190 1830 297 1897 nostra
318 1831 477 1911 memoria,
500 1828 726 1913 intellegentia,
758 1830 933 1895 uoluntate.
963 1848 1042 1912 quae
1063 1828 1127 1895 tria
1149 1829 1183 1893 in
1207 1846 1264 1895 sua

132 1935 239 2001 mente
267 1932 453 2000 naturaliter
486 1932 638 1998 diuinitus
666 1932 816 1997 instituta
844 1934 984 2017 quisquis
1013 1930 1168 1998 uiuaciter
1191 1951 1263 2015 per·

132 2036 227 2123 spicit
257 2039 403 2120 utquam
427 2054 577 2120 magnum
600 2036 697 2103 sitin
720 2055 765 2117 ea,
789 2040 870 2103 unde
892 2037 995 2120 potest
1023 2037 1119 2103 etiam
1146 2037 1264 2119 sempi-

130 2142 222 2207 terna
234 2139 502 2222 immutabilisque
517 2141 629 2205 natura
640 2140 748 2221 recoli,
761 2141 907 2225 conspici,
924 2139 1098 2223 concupisci
1113 2175 1150 2187 -
1165 2140 1261 2205 remi·
1272 2162 1296 2205 rs

131 2244 266 2311 niscitur
280 2261 335 2327 per
351 2242 544 2325 memoriam,
560 2244 701 2309 intuetur
716 2264 771 2328 per
786 2244 1048 2329 intellegentiam,
1060 2243 1264 2327 amplectitur

131 2366 187 2433 por
202 2347 402 2414 dilectionem
411 2384 456 2396 -
470 2347 607 2429 profecto
622 2346 738 2430 reperit
753 2346 841 2413 illius
855 2366 996 2413 summae
1010 2346 1168 2413 trinitatis
1181 2347 1263 2412 ima·

130 2453 249 2537 ginom.
272 2454 309 2518 ad
333 2469 429 2534 quam
457 2468 615 2515 summam
642 2450 820 2516 trinitatem
848 2451 1119 2530 reminiscendam,
1149 2450 1262 2515 uiden·

130 2557 213 2630 dam,
241 2555 443 2639 diligendam,
472 2556 509 2619 ut
537 2572 607 2619 eam
636 2557 830 2638 recordetur,
865 2574 934 2620 eam
963 2553 1201 2637 contempletur,
1226 2571 1264 2619 oa

131 2656 318 2736 delectetur,
347 2658 449 2723 totum
478 2658 572 2723 debet
602 2658 717 2722 referre
739 2658 820 2740 quod
850 2657 943 2723 uiuit.
980 2676 1089 2723 uerum
1117 2675 1157 2721 ne
1180 2656 1298 2723 hanon

131 2759 304 2843 imaginem
327 2762 366 2825 ab
389 2763 497 2825 eadem
520 2760 665 2827 trinitate
687 2761 803 2826 laetam
826 2762 859 2826 et
880 2778 936 2827 suo
958 2760 1038 2826 uitio
1065 2760 1101 2826 in
1123 2759 1264 2827 deterius

129 2864 354 2928 commutatam
376 2863 423 2927 ita
444 2862 545 2928 eidem
569 2866 728 2947 comparet
750 2863 898 2943 trinitati,
920 2868 955 2929 ut
977 2864 1060 2929 omni
1082 2865 1175 2930 modo
1196 2864 1264 2928 eri·

130 2963 241 3032 stimat
267 2963 417 3045 similem,
451 2970 505 3031 sed
528 2966 633 3048 potius
656 2967 689 3032 in
718 2966 937 3048 qualicumque
964 2966 1028 3032 ista
1049 2966 1264 3031 similitudino

129 3086 277 3152 numnam
306 3086 426 3151 quoque
449 3069 735 3135 dissimilitudinem
765 3076 886 3145 cernat,
918 3070 1070 3152 quantum
1093 3070 1174 3134 satis
1197 3089 1264 3135 esse

128 3172 306 3251 uidebatur,
329 3172 486 3238 admonui.
1273 3196 1300 3239 ee

231 3414 249 3467 8
266 3412 298 3468 of.
317 3412 393 3467 Rom.
414 3413 435 3480 1,
454 3411 489 3465 20
594 3414 627 3467 10
644 3413 678 3465 cl.
696 3412 711 3467 Ι
730 3412 789 3467 Cor.
809 3412 851 3477 13,
872 3413 904 3466 12

179 3634 195 3687 1
213 3650 283 3703 quoe
293 3634 404 3689 carcinio
415 3634 516 3688 inclusi
527 3632 654 3689 exhibeat
673 3634 756 3688 GPo:
783 3649 834 3688 our.
853 3632 918 3688 MV
1015 3633 1048 3688 10
1065 3633 1148 3689 uelud
1167 3636 1198 3690 P

128 3718 161 3773 12
182 3724 301 3775 nostram
320 3720 476 3774 memoriam
496 3718 533 3775 6¹
637 3720 851 3789 intellegentiam
871 3720 909 3775 θ’
1013 3720 1046 3774 14
1069 3721 1264 3790 sempiternam

127 3806 156 3859 P
276 3808 309 3861 15
335 3808 489 3875 concupisco
518 3806 594 3861 G¹P¹
719 3808 751 3860 17
780 3807 877 3875 reperit
903 3824 937 3860 a:
974 3808 1090 3876 repperit
1120 3808 1195 3865 GPv

129 3891 395 3947 18rcminiscendum
409 3894 436 3947 P
524 3895 556 3948 19
573 3911 605 3948 ea
621 3894 670 3949 G’:
697 3910 754 3948 eam
770 3895 848 3959 G¹P3
867 3895 1031 3950 atroaiao
1117 3896 1153 3949 20
1171 3900 1266 3951 totum

127 3982 156 4047 (u
175 3994 209 4033 ax
227 3995 243 4033 a
260 3995 330 4033 corr.
348 3997 383 4034 or.
394 3983 423 4049 2)
443 3981 482 4044 G;
509 3980 597 4038 atros.
616 3982 681 4036 irco
785 3981 862 4050 hauc]
882 3986 931 4035 ant
951 3982 987 4035 (3¹
1090 3981 1126 4035 23
1145 3982 1201 4037 ista
1224 3986 1266 4039 G:

125 4082 178 4120 oen.
197 4065 237 4135 P;
264 4066 378 4121 istamo
463 4068 667 4123 similitudinem
680 4084 805 4138 magnae
894 4068 929 4123 24
941 4068 1163 4123 dissimilitudine
1177 4088 1195 4125 o
