2760 4814
198 281 264 348 700
681 275 849 345 Eugippus

198 475 265 538 tate
298 472 401 536 auersi
435 472 467 535 et
500 472 532 534 in
561 488 655 534 auum
689 468 804 533 fastum
836 467 1139 550 opstinstionsmque
1170 468 1333 551 progressi

196 578 284 640 sunt.
322 577 354 638 et
384 575 528 655 quoniam
559 576 695 637 extremo
724 573 838 637 iudioio
869 573 1008 638 dicturus
1038 575 1087 637 est
1108 570 1257 638 Christus
1288 571 1332 638 eis

198 698 276 761 qnos
297 679 337 745 ad
359 677 517 743 sinistram
537 678 703 742 discernit:
727 677 782 739 ite
805 677 843 740 in
867 677 995 760 ignem
1018 679 1242 756 aeternnm,
1265 675 1332 758 qui

198 785 364 864 paratus
398 785 457 847 est
491 780 650 847 diabolo
683 786 722 845 et
761 781 919 864 angelis
954 782 1053 857 eius,
1093 779 1143 844 his
1178 779 1328 862 malignis

196 884 360 967 spiritibus
392 885 621 968 coniungendos
651 884 807 965 simulque
837 883 1030 949 damnandos
1060 883 1139 948 dicit
1168 882 1267 947 ituros
1294 881 1358 946 ine

195 987 341 1055 tenebras
371 989 544 1070 exteriores,
575 987 677 1052 idest
708 987 740 1050 in
766 986 945 1051 societatem
969 987 1132 1068 poenalem
1154 985 1274 1051 diaboli
1295 988 1327 1050 et

195 1093 379 1176 angelorum
402 1091 480 1157 eius.
513 1090 585 1156 huie
608 1107 723 1174 poenae
746 1088 936 1183 eontrapium
960 1094 1007 1155 est
1030 1090 1111 1171 quod
1133 1088 1216 1155 bono
1237 1105 1325 1154 seruo

195 1196 326 1260 dieitur:
349 1196 461 1260 iutra
484 1197 521 1258 in
545 1193 729 1277 gaudium
752 1191 905 1256 domini
928 1192 1008 1270 tui,
1043 1193 1089 1271 nt,
1113 1193 1230 1274 quanto
1253 1198 1325 1258 sunt

197 1301 276 1363 istae
298 1297 443 1362 tenebrae
465 1298 638 1372 exteriores,
664 1298 753 1360 tanto
777 1296 819 1360 sit
842 1295 948 1360 lumen
973 1296 1052 1360 illud
1082 1297 1225 1361 interius.
1265 1313 1323 1360 non

195 1403 271 1468 haee
292 1421 347 1484 per
367 1403 504 1466 locorum
528 1400 696 1465 interualla
717 1400 802 1464 inani
825 1400 1042 1481 phantasmate
1058 1400 1226 1484 eogitanda
1240 1402 1355 1464 sunto

196 1504 307 1570 localia
329 1504 429 1586 spatis
451 1522 510 1568 non
534 1504 685 1586 occupant
707 1502 768 1568 nisi
792 1521 954 1585 corporum
977 1504 1086 1568 moles.
1117 1504 1248 1569 nonest
1268 1502 1323 1568 1111

194 1607 325 1690 spiritus
359 1610 452 1684 uitae,
488 1624 547 1671 non
578 1608 625 1671 est
655 1606 712 1671 boo
740 1606 846 1672 anima
874 1607 1047 1685 rationalis,
1081 1605 1183 1672 multo
1219 1604 1323 1671 minus

196 1712 280 1787 deus,
304 1710 443 1776 omnium
467 1710 709 1793 benignissimus
727 1711 866 1775 eonditor
888 1714 918 1773 et
942 1711 1133 1776 iustissimus
1151 1710 1319 1775 ordinator.

195 1814 413 1880 uoluntatibus
437 1819 467 1879 et
491 1811 652 1879 affectibus
675 1813 738 1878 ists
760 1814 810 1878 uel
833 1813 1039 1898 propinquare
1061 1813 1114 1878 uel
1137 1814 1233 1898 longe
1255 1814 1321 1879 deri

193 1918 245 1982 uel
269 1916 385 1981 intrare
407 1918 458 1983 uel
481 1919 562 1983 exire
584 1917 742 1985 dicuntur.
1330 1940 1353 1981 1

237 2036 298 2104 Sed
313 2038 387 2121 quia
402 2037 485 2103 malo
501 2058 600 2122 opere,
625 2040 722 2105 idest
743 2039 918 2119 tenebrose,
942 2039 1138 2105 delectantur
1161 2039 1321 2123 iacientes,

192 2143 339 2209 secutura
362 2147 410 2207 est
432 2147 537 2208 antem
566 2162 672 2227 poena,
704 2163 781 2224 quae
811 2147 963 2227 torqueat,
993 2144 1061 2208 ideo
1090 2144 1238 2209 dominus
1268 2143 1321 2209 ubi

193 2247 286 2312 diait:
310 2250 496 2312 tenebras
520 2247 764 2325 exteriores,
795 2247 883 2312 addit
905 2248 1016 2311 etiem:
1048 2245 1106 2312 ibi
1130 2249 1211 2311 erit
1237 2246 1321 2330 plo-

191 2351 302 2415 ratus
337 2353 375 2414 et
409 2350 560 2414 stridor
592 2350 784 2425 dentium,
823 2370 861 2414 ne
895 2350 1009 2415 talibus
1042 2349 1318 2430 oblectationibus,

191 2453 335 2534 qualibus
357 2454 408 2517 hie
439 2452 536 2536 iniqui
559 2454 769 2536 perfruuntur,
800 2453 922 2535 quaudo
945 2454 1132 2519 infidelitate
1154 2459 1251 2536 atque
1273 2454 1353 2519 ineo

171 2556 314 2643 ‘iustitia
343 2556 489 2621 tenebrae
519 2562 602 2640 sunt,
634 2556 730 2622 etiam
759 2557 793 2621 in
823 2557 877 2622 illo
899 2557 1052 2640 supplicio
1075 2575 1108 2621 ss
1131 2574 1244 2622 usuros
1267 2559 1321 2623 de·

191 2662 313 2723 menter
337 2659 524 2724 existiment.
562 2661 636 2742 quia
659 2660 741 2724 enim
764 2661 904 2726 uolentes
927 2663 1041 2727 iniuste
1063 2662 1198 2725 utuntur
1219 2659 1320 2740 bonis,

191 2763 272 2827 iuste
287 2762 429 2826 nolentes
446 2763 666 2828 cruciabuntur
686 2763 788 2828 malis.
818 2762 898 2829 unde
914 2768 1045 2847 possunt
1061 2763 1157 2828 etiam
1172 2765 1321 2829 tenebrae

190 2866 357 2932 exteriores
375 2866 519 2949 intellegi
534 2885 649 2949 poenas
666 2868 848 2949 corporales.
880 2886 989 2950 eorpus
1005 2869 1119 2950 quippe
1135 2867 1183 2933 est
1196 2869 1321 2933 enimae

190 2970 341 3054 exterius,
376 2974 412 3035 ut
445 2973 510 3035 sint
543 2973 664 3035 animae
697 2972 791 3049 mala,
826 2972 938 3055 quibus
972 2992 991 3037 a
1024 2973 1163 3038 caritatis
1197 2973 1320 3037 lumine
1328 2996 1356 3037 ss

189 3093 301 3140 auersa
321 3073 354 3139 in
377 3073 515 3156 poscatis
531 3074 716 3157 oblectatur,
741 3077 864 3139 exteras
880 3075 1035 3153 tenebrae,
1059 3074 1196 3158 eorporis
1212 3080 1320 3140 autem

189 3177 283 3256 mala,
307 3178 420 3259 quibus
443 3177 578 3243 aeternis
601 3178 632 3241 in
654 3176 715 3242 fine
737 3176 941 3260 torquebitur,
971 3180 1136 3243 exteriores
1158 3177 1319 3253 tenebrae,

182 3473 185 3479 Ι
290 3400 471 3466 stlattas,
484 3401 517 3455 41
592 3400 774 3465 enotatas,
788 3400 822 3454 23
893 3399 1074 3467 1811111111,
1088 3400 1122 3454 12
1137 3400 1248 3467 (2213)

239 3606 378 3659 liestum
400 3623 428 3661 o:
456 3606 558 3660 laetum
577 3607 636 3663 AV
734 3605 997 3675 obstinationemque
1015 3605 1058 3660 Ao
1161 3605 1240 3658 2eis
1259 3610 1318 3662 Ao:

184 3705 230 3744 eor
244 3690 270 3743 V
353 3691 533 3746 bsinistraV
609 3693 711 3747 bdioit
722 3693 809 3746 ituros
822 3692 905 3747 GPo:
933 3691 1032 3745 dieitur
1043 3691 1102 3745 AV
1184 3691 1319 3747 bdiebuli

187 3776 216 3828 A
309 3774 416 3845 lhuie]
434 3778 498 3831 hine
515 3780 543 3832 A
635 3778 703 3832 bono
722 3778 954 3846 (solteroeanm
966 3780 1048 3845 sorr.)
1066 3780 1094 3832 A
1190 3779 1223 3832 13
1240 3778 1318 3833 beni·

186 3860 442 3929 guinimustsrue.)
462 3866 490 3918 A
587 3866 620 3919 15
638 3865 749 3935 intrare]
768 3865 869 3918 intres
964 3865 997 3919 16
1014 3863 1167 3919 tenebrosae
1190 3864 1216 3918 V
1242 3872 1320 3920 tene·

185 3945 263 4000 bross
273 3945 345 4000 APo
415 3950 448 4002 18
459 3950 580 4016 ploratus
593 3949 629 4002 V:
648 3952 808 4019 pluretueA
826 3950 955 4006 iletnsPo
1024 3950 1110 4018 1911]
1123 3951 1249 4005 ueeAP²

185 4033 217 4086 21
231 4030 428 4086 tenebraesunt
440 4033 557 4100 MVlcf.
571 4039 634 4099 699,
645 4038 689 4100 2):
706 4036 893 4090 tenebrescunt
904 4036 1005 4092 AGPo
1091 4039 1195 4104 usuros!
1210 4053 1319 4093 arsuros

184 4134 201 4172 e
289 4117 437 4188 dementer]
456 4120 632 4175 elementerv
726 4121 939 4178 2201sistiment
955 4122 982 4175 V
1073 4123 1107 4176 24
1118 4138 1201 4191 poene
1214 4126 1241 4177 A

184 4202 345 4258 2511111111
353 4205 466 4260 AGPo:
484 4207 598 4260 interius
607 4206 672 4260 MV
736 4209 771 4263 26
783 4210 886 4263 exterae
898 4208 962 4262 AM
966 4208 1001 4262 V:
1020 4208 1163 4262 exteriores
1174 4208 1247 4264 GPo
