2760 4814
137 296 180 365 36
621 293 787 365 Eugippii

139 486 255 550 nescire
286 484 405 549 malum
437 485 495 558 eet,
525 482 611 548 aliud
640 483 722 566 quod
751 482 824 548 sciri
847 482 898 548 uel
925 503 987 549 non
1009 488 1112 568 potest
1133 484 1186 550 uel

138 607 214 672 opus
236 589 283 652 est
305 587 357 651 uel
385 589 423 652 ad
453 585 552 652 uitam
580 604 673 668 quam
702 586 880 668 quaerimus
908 585 1087 653 indifferens
1116 590 1173 653 est

138 709 212 757 uero
235 691 316 774 quod
339 691 378 755 de
398 689 515 755 litteris
531 689 661 771 apostoli
676 688 782 754 Iaoobi
804 706 887 753 nuno
909 690 1031 772 requiro
1055 691 1087 756 in
1115 691 1183 758 hoo,

137 814 199 879 qua
226 794 363 861 uiuimus
391 797 433 875 et,
467 792 504 857 ut
528 809 651 874 semper
679 793 834 873 uiuamus,
869 793 925 857 deo
953 792 1073 876 plaeere
1108 795 1189 860 stude

138 899 259 965 aetione
292 898 443 969 uersatur.
480 895 633 979 quomodo
667 913 740 980 ergo
768 895 1016 979 intellegendum
1046 897 1105 973 est,
1140 899 1188 963 obt

137 1008 187 1067 te:
222 1002 456 1086 quicumque
490 1002 615 1064 totam
647 999 774 1082 legem
808 999 1050 1076 seruauerit‚
1084 1000 1188 1066 offen

137 1109 266 1170 autem
295 1102 335 1168 in
361 1121 452 1178 nno,
485 1101 613 1167 faetus
650 1104 708 1166 ost
745 1102 916 1167 omniurn
949 1106 1060 1169 reus?
1096 1105 1180 1170 itane

137 1208 258 1273 furtum
279 1205 516 1284 feeeritimmo
540 1222 612 1270 uero
635 1204 689 1288 qni
712 1203 827 1270 dixerit
841 1204 954 1273 diuiti:
978 1207 1042 1272 hio
1064 1205 1170 1281 sede,

136 1311 202 1394 peri
225 1312 348 1375 autem:
372 1312 414 1374 tn
437 1313 497 1375 sta
517 1309 621 1390 illio,
651 1313 683 1375 et
706 1307 867 1374 bomioidii
890 1313 921 1374 et
944 1309 1092 1375 adulterii
1115 1314 1147 1376 et
1168 1330 1188 1375 s

137 1415 212 1500 legii
235 1434 305 1480 rens
326 1414 398 1479 est?
428 1414 509 1497 quod
532 1415 558 1479 si
581 1433 641 1480 nou
664 1417 720 1497 est,
743 1414 896 1496 quomodo
920 1413 1028 1496 quiin
1050 1430 1112 1478 uno
1135 1412 1187 1477 off<

135 1519 238 1584 faetus
273 1519 321 1583 est
353 1519 493 1582 omnium
525 1520 623 1582 reus?
655 1536 695 1582 au
723 1516 802 1582 illud
829 1519 911 1600 quod
939 1516 1019 1583 dixit
1048 1516 1087 1581 de
1114 1515 1187 1581 dinit

136 1640 270 1706 paupere
300 1620 340 1686 ad
367 1621 429 1686 ista
457 1640 517 1686 non
546 1621 691 1704 pertinet,
720 1637 851 1703 qnorum
879 1619 906 1686 si
936 1621 1005 1704 quie
1028 1619 1061 1684 in
1085 1637 1187 1685 unoo

137 1725 228 1808 derit,
263 1722 317 1789 fiet
342 1725 481 1790 omnium
510 1722 615 1788 reue?
643 1722 697 1788 sed
724 1722 923 1788 recolendum
953 1726 1001 1787 est
1031 1723 1114 1788 unde
1143 1740 1187 1787 ue:

136 1829 198 1892 ista
229 1828 385 1893 sententie
419 1829 451 1891 et
486 1824 680 1908 quasillum
713 1823 873 1907 superiora
895 1825 1071 1909 pepererint
1093 1825 1188 1908 quibu

137 1947 251 1997 nouere
272 1930 475 2013 dependeant.
510 1930 772 2007 fratresmei,
799 1928 942 2008 nolite,
973 1929 1085 2013 inquit
1117 1930 1156 1994 in
1185 1950 1187 2011 j

136 2052 324 2100 sonarum
358 2033 588 2116 aeoeptioue
622 2032 765 2098 habere
798 2031 920 2099 fidem
953 2033 1104 2101 domini
1138 2050 1184 2097 no

136 2137 226 2203 Iesu
257 2135 406 2202 Christi
433 2136 595 2220 gloriae.
633 2135 779 2200 etenim
810 2136 853 2201 si.
873 2135 1083 2201 introierit
1112 2136 1153 2201 in
1181 2158 1187 2197 ι

135 2245 256 2306 uentu
284 2242 415 2307 uestro
446 2241 509 2304 uir
539 2257 701 2305 aureum
729 2241 891 2306 anulum
919 2238 1068 2306 habens
1090 2239 1130 2307 in
1152 2256 1187 2302 ιιι

135 2345 320 2423 eandida,
357 2342 565 2408 introierit
602 2343 735 2407 autem
772 2343 809 2407 et
845 2361 993 2426 pauper
1028 2343 1068 2408 in
1106 2341 1187 2407 sort

135 2445 293 2523 habitu,
322 2448 360 2511 et
381 2444 606 2510 intendatis
628 2445 668 2511 in
691 2463 772 2510 eunr
795 2445 862 2528 qui
883 2445 1048 2511 indutus
1071 2447 1132 2510 est
1154 2465 1186 2509 ιιι

134 2548 340 2631 praeclara
372 2551 412 2613 et
445 2546 608 2615 dicatis:
645 2553 686 2614 tu
717 2551 806 2615 sede
846 2549 911 2614 hio
949 2548 1061 2632 beue;
1100 2565 1186 2631 paup

135 2657 265 2717 autem
295 2652 459 2717 dicatis:
492 2656 534 2717 tu
555 2653 619 2717 sta
641 2651 748 2728 illie,
779 2658 862 2718 aut:
886 2651 979 2718 aede
1001 2652 1071 2718 sub
1094 2652 1183 2717 soah

134 2758 272 2838 pedum
316 2773 503 2821 meorum:
546 2773 672 2821 noune
715 2755 928 2822 iudicastis
971 2755 1072 2838 apud
1110 2773 1178 2820 uos

134 2858 243 2940 ipsos
272 2861 310 2924 et
338 2858 435 2923 faeti
467 2859 563 2923 estis
595 2856 752 2925 iudioes
783 2858 1078 2944 eogitationunr
1112 2859 1186 2940 init

134 2964 242 3028 rum?
272 2963 422 3041 audite,
446 2961 594 3027 fratres
618 2963 696 3028 mei
717 2962 996 3040 dilectissimi,
1019 2980 1146 3027 nonne
1171 2960 1186 3026 d

134 3065 265 3148 elegit
296 3083 491 3148 pauperes
519 3065 560 3128 in
588 3065 659 3130 hoo
688 3066 848 3142 mundo,
882 3065 1031 3131 diuites
1061 3067 1100 3131 in
1122 3064 1180 3130 rid

134 3168 301 3235 heredes
322 3171 450 3252 regni,
473 3166 574 3251 quod
596 3166 890 3249 promisitdeus
906 3167 1177 3252 diligentibus

133 3291 199 3339 uos
221 3275 350 3339 autern
371 3273 649 3339 exhonorastis
671 3290 893 3355 pauperem
916 3272 1042 3355 propter
1062 3271 1156 3336 illum
1179 3289 1186 3335 ι

134 3377 185 3442 oet
215 3376 416 3441 ouidiotum
438 3377 501 3443 est:
532 3381 574 3443 tu
595 3378 658 3443 sta
679 3376 786 3458 illio,
810 3396 882 3443 eum
905 3377 1034 3443 habenti
1057 3375 1184 3441 anulum

237 3562 269 3616 lb
287 3561 340 3616 Iao.
359 3561 384 3626 2,
404 3564 487 3631 lsqq.

185 3716 438 3786 lnesoire-quod
460 3733 511 3773 om.
535 3719 581 3772 Μ·
685 3720 752 3772 seire
770 3718 947 3775 DG'MTVo
1056 3716 1179 3772 diaoobi

132 3802 195 3856 eboli
215 3802 243 3857 P
336 3803 545 3858 Gillseruauerit
563 3803 591 3858 P
688 3805 783 3874 iquis
802 3805 839 3858 Μ
934 3805 965 3859 11
985 3819 1018 3857 an
1037 3803 1186 3858 illud-13

131 3903 181 3943 om.
201 3886 265 3942 MV
350 3887 547 3945 diriDGPTo
634 3890 667 3945 15
679 3889 979 3960 dependeetDGP'To
1065 3888 1186 3958 inquiri

132 3973 165 4028 17
184 3975 314 4029 conuento
331 3974 410 4029 ΝΜ
437 3978 596 4032 oonuentnm
615 3975 670 4031 PT
772 3977 805 4031 18
828 3978 948 4031 uestrum
971 3974 999 4030 P
1027 3981 1148 4031 nostrum
1175 3974 1186 4030 i

132 4061 165 4115 19
191 4059 299 4115 sordidn
324 4061 388 4116 MV
498 4062 532 4117 22
558 4062 674 4119 wabello
703 4063 771 4120 GPo
883 4062 918 4118 23
945 4061 1037 4132 pedem
1069 4062 1095 4118 Τ

130 4145 197 4201 eatis
214 4145 343 4202 DGPTo
438 4149 472 4203 24
489 4149 642 4219 iniquarum
661 4149 858 4220 oogitntiouum
876 4152 903 4204 o¹
1001 4148 1035 4203 27
1053 4146 1186 4217 repromisi

129 4249 158 4287 re
177 4231 240 4288 odd.
259 4235 331 4287 ent
