2760 4814
198 554 261 619 924
387 504 399 533 ‘a
678 548 842 618 Eugippii

196 742 283 808 hibet
313 739 538 821 correptionem
567 758 623 805 neo
654 740 805 823 correptio
837 742 931 823 negat
956 742 1102 823 gratiam,
1132 743 1164 806 et
1186 741 1256 805 ideo
1277 740 1318 804 sic

197 846 246 911 est
276 845 491 927 praecipienda
518 843 648 925 institia,
674 847 710 909 nt
732 863 751 909 a
773 844 830 909 deo
853 845 964 928 gratia,
988 844 1103 927 quaid
1126 844 1209 927 quod
1231 862 1317 927 prae·

196 947 310 1030 cipitur
325 945 389 1024 fiat,
410 945 494 1011 fideli
509 945 646 1011 oratione
661 947 821 1028 poscatur3
845 953 876 1012 et
890 946 947 1012 hoc
962 949 1129 1029 utrumque
1143 949 1191 1012 ita
1206 947 1317 1014 facien·

196 1053 270 1116 dum
305 1051 362 1127 eet,
397 1054 433 1114 ιιι
464 1068 563 1131 neque
590 1048 673 1113 iusta
702 1051 854 1132 correptio
881 1051 1072 1134 neglegatur,
1108 1051 1216 1115 omnia
1248 1067 1315 1115 uero

197 1153 274 1218 haec
303 1172 373 1218 cum
404 1152 536 1218 caritate
566 1152 650 1230 fiant,
675 1154 819 1235 quoniam
842 1153 956 1219 caritas
979 1172 1035 1219 neo
1058 1152 1136 1218 facit
1157 1154 1343 1237 peccaturus

198 1261 230 1321 et
252 1257 350 1339 operit
372 1255 606 1321 multitudinem
629 1257 839 1337 peecatorum.

622 1492 893 1576 ccuxxxuss.

197 1684 243 1731 Da:
272 1682 622 1742 Puauurusulmuulouu,
652 1686 743 1745 stu
771 1683 986 1732 Nou-Possm*
1016 1681 1095 1731 ESSE
1118 1684 1195 1730 slus
1219 1681 1313 1729 Pusu-

198 1784 363 1842 sclerum,
395 1784 640 1833 PRAESOIENTIA
666 1787 756 1833 VERO
780 1785 892 1833 Possit*
915 1786 993 1833 ESSE
1016 1785 1092 1833 SINE
1115 1785 1313 1831 PRAEDESTI·

293 1887 455 1934 NATIONE.
492 1890 537 1935 Ex
560 1889 663 1936 LIBRO
686 1890 733 1936 AD
756 1890 956 1937 PROSPERVM
978 1890 1021 1935 ET
1042 1888 1225 1936 Hluaulvnr.
1321 1892 1340 1933 tt

126 2008 190 2098 312
241 2024 488 2090 Praedestiuatio
519 2026 575 2110 est,
606 2045 683 2108 quae
711 2027 778 2092 sine
806 2027 1009 2111 praescientia
1036 2045 1099 2091 non
1120 2028 1225 2108 potest
1247 2043 1313 2089 esse.

196 2129 298 2210 potest
333 2131 437 2194 autem
471 2147 537 2194 ease
566 2130 632 2194 sine
662 2131 942 2212 praedestinatione
972 2130 1190 2211 praescientia.
1234 2144 1312 2211 prae·

199 2232 403 2297 destinatione
426 2231 539 2315 quippe
563 2232 637 2297 deus
660 2252 697 2297 ea
719 2233 886 2317 praesciuit
909 2251 986 2315 quae
1008 2233 1112 2298 fuerat
1134 2232 1202 2314 ipse
1219 2232 1312 2296 factu·

197 2354 266 2410 rns;
288 2336 371 2399 unde
393 2336 510 2400 dictum
534 2340 591 2399 est:
620 2336 719 2401 iecit
741 2354 837 2417 quae
860 2335 1000 2401 futura
1020 2342 1123 2400 sunt.
1169 2333 1312 2417 praescire

196 2441 302 2503 autem
330 2440 442 2521 potens
470 2438 518 2503 est
546 2438 642 2504 etiam
665 2458 744 2520 quae
766 2438 832 2520 ipse
855 2458 916 2504 non
938 2439 1025 2519 facit,
1049 2439 1133 2503 sicut
1154 2453 1340 2519 quaecum-a

197 2560 257 2622 que
287 2543 424 2624 peccata,
447 2542 530 2624 quia,
558 2544 616 2607 etei
639 2544 713 2606 sunt
736 2543 898 2624 quaedam,
921 2560 1000 2624 quae
1023 2542 1069 2606 ita
1090 2543 1219 2623 peccata
1240 2540 1313 2613 sunt,

197 2646 233 2708 ut
255 2662 369 2727 poenae
392 2644 458 2708 sint
480 2645 573 2709 etiam
596 2649 791 2727 peccatorum
814 2682 856 2693 -—
878 2645 961 2709 unde
977 2646 1096 2709 dictum
1112 2648 1176 2709 est:
1201 2640 1313 2709 tradi·

197 2745 255 2813 dit
278 2746 371 2810 illos
390 2748 483 2813 deus
505 2749 544 2812 in
567 2749 773 2832 reprobum
795 2765 966 2825 sensam,
991 2750 1033 2810 nt
1055 2746 1211 2811 faciant
1228 2762 1313 2829 qnae

197 2866 270 2913 non
293 2850 535 2915 conueniunt
550 2886 592 2898 —
608 2868 668 2916 non
691 2852 735 2917 ibi
757 2854 916 2935 peccatum
940 2850 988 2914 dei
1011 2853 1068 2926 est,
1091 2850 1147 2913 sed
1162 2848 1310 2915 indicium.

198 2950 342 3034 quocirca
369 2953 611 3035 praedestinatio
635 2955 695 3029 dei,
722 2954 855 3036 quaein
877 2953 957 3018 bono
980 2956 1037 3030 est,
1061 2952 1184 3035 gratiae
1207 2954 1263 3034 est,
1282 2947 1335 3011 uta

198 3053 271 3137 dixi,
293 3058 497 3139 praeparatio,
520 3058 621 3139 gratia
643 3073 715 3120 uero
739 3062 786 3121 est
808 3056 906 3137 ipsius
925 3055 1218 3138 praedestinationis
1232 3052 1310 3119 edec-

197 3162 259 3225 tus.
297 3160 420 3241 quando
443 3177 515 3242 ergo
537 3159 679 3242 promisit
701 3159 776 3224 deus
799 3158 943 3224 Abrahae
966 3159 997 3222 in
1013 3158 1131 3223 semine
1146 3159 1215 3223 eius
1230 3155 1307 3221 fidem

196 3262 339 3345 gentium
354 3260 474 3326 dicens:
491 3263 642 3343 patrem
664 3262 877 3327 multarum
899 3261 1077 3344 gentium
1095 3264 1208 3342 posui
1229 3263 1305 3326 te-

198 3365 280 3429 unde
298 3363 374 3429 dicit
389 3365 564 3447 apostolus:
584 3365 668 3431 ideo
687 3384 729 3429 ex
751 3365 849 3444 fide,
865 3366 907 3429 ut
924 3365 1136 3429 secundum
1152 3364 1303 3448 gratiam

198 3467 392 3533 firmasit
414 3469 623 3551 promissio
645 3468 749 3532 omni
772 3467 969 3533 semini-
985 3485 1046 3531 non
1069 3467 1108 3531 de
1125 3471 1325 3532 nostraene-¹⁵

199 3570 332 3637 luntatis
359 3572 522 3656 potestate,
544 3574 597 3637 sed
619 3572 658 3635 de
680 3591 736 3637 aua
758 3570 1039 3653 praedestinatione
1061 3569 1216 3650 promisit.
1247 3578 1300 3649 pro·

198 3674 289 3739 misit
319 3675 401 3739 enim
435 3674 515 3757 quod
548 3674 614 3756 ipse
648 3674 789 3739 facturus
822 3675 933 3755 iuerat,
967 3691 1029 3737 non
1063 3675 1145 3755 quod
1173 3670 1299 3737 homnae

198 3776 271 3859 qnia
293 3778 353 3843 etsi
375 3777 495 3843 iaciunt
520 3777 661 3842 homines
689 3777 779 3856 bona,
805 3797 883 3860 quae
911 3778 1067 3861 pertinent
1096 3774 1299 3842 adcolarum

299 3960 590 4025 ccf.1Petr.4‚e
693 3962 725 4015 14
748 3961 792 4015 Ee.
814 3962 856 4029 45,
880 3963 911 4015 11
1016 3961 1048 4014 li
1072 3960 1149 4015 Rom.
1176 3963 1198 4027 1,
1219 3960 1250 4014 28

197 4045 231 4098 23
248 4045 314 4099 tien.
333 4045 408 4111 1‘1,5
510 4046 737 4112 casamala

250 4215 267 4268 5
293 4214 418 4282 quoniam
447 4217 514 4273 GP:
548 4217 620 4285 quod
646 4217 700 4271 iam
727 4217 753 4271 V
857 4218 875 4271 6
900 4218 985 4286 operit
1011 4217 1048 4272 Vr
1082 4218 1202 4287 cooperit
1227 4214 1253 4269 P

199 4300 291 4369 τωρ.
309 4301 407 4358 cccn
424 4304 453 4358 Ρ
478 4304 666 4360 cocunea
753 4304 845 4359 aaa
862 4306 947 4374 poesie
963 4304 992 4359 P
1087 4306 1123 4359 ro
1140 4304 1261 4359 muana
1275 4283 1303 4344 ιτ

198 4387 231 4441 ad
253 4386 383 4442 hilarium
410 4389 437 4443 P
539 4390 572 4444 18
596 4391 737 4460 reprobum
761 4406 865 4445 aeneum
892 4389 956 4444 MV
959 4407 966 4439 τ
993 4390 1133 4460 reprobam
1155 4370 1303 4444 maneant

198 4475 226 4529 P
237 4473 284 4539 (cf.
291 4488 322 4543 p.
335 4476 397 4540 cu,
405 4475 454 4542 21)
539 4476 573 4529 ιιι
590 4476 654 4543 qnia
664 4476 716 4530 etei
736 4476 813 4532 6²1³:
839 4491 908 4545 qnae
919 4476 943 4529 si
954 4475 991 4529 Μ
994 4474 1020 4529 V
1041 4474 1107 4543 quia
1119 4478 1149 4529 et
1159 4476 1199 4530 aio
1217 4474 1255 4531 6¹
