2760 4814
218 326 386 395 Excerpia
403 342 440 380 ex
458 341 529 396 opp.
549 326 575 382 S.
593 327 780 397 Augustini
803 325 945 382 ccum
964 326 1122 384 ccxxxn.
1171 326 1234 395 757

104 519 188 581 teat
210 515 325 580 filius
348 533 366 579 a
388 535 425 580 ae
449 516 583 580 facere
604 517 830 600 quiequam,
855 517 932 581 uiei
955 518 1054 599 quod
1077 517 1234 583 uiderit

104 622 258 703 patrem
281 618 502 684 facientem
525 657 565 668 -
590 636 650 684 non
673 619 757 683 enim
780 619 838 684 hoe
860 639 897 684 ex
919 619 1018 685 forma
1040 623 1121 685 serui
1146 621 1231 701 dixit,

105 723 156 788 aad
182 742 218 787 ex
241 722 341 787 forma
370 723 435 803 dei,
464 725 545 788 sieut
573 721 636 786 iam
668 723 876 800 ostendimus3
910 723 986 787 haee
1009 725 1114 788 autem
1137 724 1232 789 uerba

104 846 165 892 uou
189 826 340 904 iudicant,
364 825 444 908 quod
468 825 570 890 minor
586 826 637 904 sii,
661 826 715 890 sed
730 826 809 908 qued
826 826 864 891 de
886 830 972 907 patre
988 827 1030 891 sii
1045 863 1085 873 —
1101 827 1148 891 ita
1170 844 1230 891 nou

74 929 178 998 ahiue
201 929 346 1007 efficitur,
376 932 412 992 ut
434 929 535 993 minor
563 929 606 991 sii
628 928 757 1010 spiritus
780 933 917 1012 saueius,
941 931 1013 1011 quia
1042 930 1159 993 dietum
1183 931 1232 994 est

103 1034 143 1097 de
166 1032 236 1097 illo:
265 1051 339 1097 uon
367 1032 467 1097 enim
496 1032 681 1115 loquetur
704 1050 722 1096 a
743 1036 867 1097 semet
890 1031 992 1114 ipso,
1022 1031 1087 1095 aed
1116 1051 1230 1114 quae-

105 1153 267 1217 cumque
295 1134 468 1200 audierit
497 1135 698 1218 loquetur3
733 1137 901 1199 seeundum
941 1133 1139 1199 hecdicium
1172 1137 1227 1213 est,

102 1238 186 1320 quod
209 1239 247 1302 da
269 1241 357 1322 patre
379 1237 529 1321 procedit.

562 1524 769 1609 CCXXXII.

59 1718 197 1778 10Qv0n
219 1715 472 1781 CLARIFICATIO,
496 1716 588 1777 QVAE
610 1716 668 1763 ΤΙΤ
689 1717 794 1765 INTER
816 1716 953 1764 PATREM
975 1716 1019 1763 ΕΤ
1041 1717 1163 1764 FILIVM
1184 1718 1228 1765 ΕΤ

101 1820 263 1870 SPIRITVM
296 1819 470 1884 SANOTVM,
507 1819 650 1866 NVLLAM
684 1819 942 1868 affluunt-:uuum
973 1820 1011 1868 m
1044 1820 1227 1868 ΤΗΙΝῙΤΔΤΕ

150 1922 352 1971 ΒΙΟΝΙΤΙΟΕΤ.
391 1923 438 1969 EX
459 1922 578 1970 EODEM
600 1922 705 1970 LIBRO
727 1924 774 1970 Du
797 1924 982 1971 uminum:
1003 1925 1038 1983 Π,
1061 1925 1092 1970 Τ.
1114 1925 1176 1971 1111.

144 2059 306 2142 Euigileui
328 2059 387 2142 hia,
410 2062 436 2124 si
459 2063 596 2143 possunt,
628 2060 680 2144 qui
702 2060 759 2125 hoc
780 2061 875 2126 eiiam
898 2061 958 2125 sibi
980 2061 1144 2146 suffragari
1165 2081 1224 2145 pu·
1235 2058 1299 2125 253

98 2166 248 2228 taueruui
277 2163 316 2229 ad
340 2163 612 2228 demonstrandum
634 2166 754 2246 patrem
778 2163 843 2229 filio
865 2164 1022 2242 maiorem,
1051 2163 1125 2246 quia
1146 2164 1225 2230 dixit

62 2266 202 2338 ufiiius:
226 2268 354 2350 pater,
378 2266 567 2331 clarifica
589 2286 656 2331 me.
682 2285 750 2331 ecee
773 2269 805 2331 ei
827 2266 957 2349 spiritus
980 2270 1106 2332 saueius
1129 2269 1223 2331 alari-

99 2370 173 2435 fieat
196 2389 283 2454 eum3
307 2369 531 2452 numquidnam
556 2374 587 2434 ei
609 2370 676 2450 ipse
699 2370 797 2433 maior
821 2369 968 2435 astilia?
996 2387 1085 2452 porro
1107 2372 1223 2445 autem,

99 2474 128 2538 si
151 2475 311 2556 propterea
333 2472 461 2556 spiritus
483 2472 609 2536 sanetus
624 2471 778 2554 glorificat
800 2471 911 2549 filium,
935 2471 1062 2554 quiade
1084 2472 1148 2537 filio
1171 2489 1224 2538 ae·

99 2575 191 2659 cepit,
215 2576 247 2640 ei
270 2574 337 2639 ideo
361 2573 486 2639 deeius
510 2572 631 2654 accipit,
655 2573 729 2656 quia
751 2574 871 2650 omnia,
902 2593 981 2657 quae
1008 2574 1103 2641 habai
1125 2576 1223 2657 pater,

99 2679 198 2760 ipsius
221 2681 312 2742 suut:
335 2676 547 2754 manifestum,
571 2677 653 2759 quia,
678 2695 749 2741 eum
772 2676 900 2759 spiritus
923 2678 1047 2743 saueius
1069 2677 1222 2762 glorificat

62 2780 211 2860 milium,
233 2781 322 2862 pater
343 2778 498 2863 glorificat
520 2778 632 2845 filium.
656 2779 738 2844 uude
757 2778 982 2863 cognoscimus,
1005 2779 1087 2864 quod
1109 2783 1222 2857 omnia,

99 2901 178 2966 quae
201 2881 295 2947 habet
317 2885 414 2965 pater,
443 2900 504 2946 nou
527 2885 651 2947 tautum
673 2881 740 2962 filii,
769 2884 823 2948 aad
849 2883 945 2947 etiam
968 2882 1099 2965 spiritus
1122 2883 1224 2948 saneti

97 2986 182 3064 euni,
206 2984 281 3068 quia
302 2986 405 3067 poieei
427 2984 554 3067 apiriius
576 2988 704 3049 sanetus
719 2983 895 3066 glorificare
910 2984 1022 3066 filium,
1046 3004 1136 3068 quem
1153 2985 1222 3068 glo·

97 3087 200 3152 rifieat
232 3091 328 3170 pater.
363 3088 444 3171 quod
474 3087 502 3152 si
534 3086 589 3153 ille
618 3087 671 3170 qui
698 3086 853 3170 glorificat
882 3106 917 3153 eo
946 3106 1037 3171 quem
1066 3086 1222 3169 glorificat

97 3191 199 3256 maior
222 3193 278 3275 est,
301 3191 415 3267 sinaut,
440 3194 475 3254 ui
497 3190 641 3272 aequales
663 3189 728 3254 aiut
751 3190 803 3272 qui
826 3208 859 3255 se
881 3190 1015 3255 inuicem
1033 3189 1221 3272 glorificant.

63 3293 320 3377 „scriptumest
343 3297 460 3370 autem,
483 3294 565 3378 quod
583 3296 615 3359 ei
637 3292 722 3358 filius
738 3292 892 3377 glorificet
906 3295 1038 3375 patrem.
1063 3312 1080 3356 e
1087 3310 1150 3376 go,
1173 3293 1222 3358 in·

98 3396 178 3479 quit,
202 3399 239 3461 ie
260 3396 503 3481 glorifieaui
526 3397 822 3479 superterram.
846 3414 920 3461 eane
939 3397 1079 3476 caueant,
1102 3414 1141 3460 ue
1162 3413 1222 3477 pu·

97 3501 183 3564 tetur
211 3499 338 3582 spiritus
366 3502 494 3565 sanatus
525 3501 624 3565 maior
651 3497 819 3577 ambobus,
853 3498 906 3580 qui
929 3496 1086 3581 glorificat
1107 3496 1220 3579 filium,

97 3621 190 3685 quem
225 3603 378 3687 glorificat
407 3606 504 3686 pater,
540 3603 605 3687 ipse
638 3604 743 3668 autem
776 3620 834 3667 nee
862 3619 881 3666 a
906 3601 995 3684 patre
1026 3616 1082 3666 uee
1110 3600 1222 3666 afilia

97 3705 299 3789 glorificatur.

200 3907 286 3962 1510.
307 3907 381 3972 17‚5
485 3907 518 3961 18
535 3905 570 3961 ei.
588 3906 626 3961 10.
647 3907 687 3974 16,
706 3906 741 3961 15
843 3905 877 3961 26
897 3905 937 3962 10.
957 3905 999 3975 17,
1016 3906 1034 3961 4

147 4097 163 4151 9
185 4110 244 4166 cap.
268 4093 417 4151 ccxxxn
440 4095 515 4150 decet
536 4097 568 4151 in
585 4094 709 4151 maibew
725 4095 802 4150 lebria
817 4099 932 4164 praeter
953 4093 1020 4152 m
1118 4094 1152 4148 27
1174 4096 1224 4165 qui

100 4182 135 4237 V:
165 4183 229 4253 quia
245 4198 264 4237 a
