2760 4814
208 509 273 576 944
647 498 652 505 '
693 505 855 575 Eugippi'r

208 697 263 763 sed
285 696 437 777 dominus,
460 695 514 778 qui
536 696 667 761 uerbum
690 715 909 767 consummans
932 700 964 762 et
986 697 1134 763 breniene
1155 698 1242 765 fecit
1256 718 1346 784 snper

207 808 334 877 terrem,
358 801 390 864 in
413 800 534 865 duobus
551 801 724 883 praeceptis
740 802 818 866 dirit
834 801 935 884 legem
949 800 1185 885 prophetasque
1201 804 1343 887 pendere.

207 903 244 968 nt
264 903 527 986 intellegeremus,
551 903 704 986 quidquid
726 904 812 968 eliud
829 903 983 969 diuinitus
1006 908 1217 988 praeceptum
1233 910 1291 988 est,
1314 910 1344 971 in

206 1005 256 1070 his
290 1005 411 1071 duobus
444 1006 558 1071 hebere
591 1006 687 1072 finem
715 1010 746 1071 et
775 1007 814 1072 ed
842 1008 919 1072 hoec
948 1008 1008 1073 dno
1031 1026 1098 1073 esse
1121 1009 1343 1075 referendum:

207 1108 361 1192 diliges
397 1109 595 1175 dominnm
628 1111 739 1175 deum
769 1111 877 1174 tuum
900 1129 943 1175 ex
966 1114 1049 1176 toto
1072 1113 1194 1177 corde
1219 1117 1285 1178 tuo
1308 1116 1369 1177 ets

207 1232 248 1277 er
271 1212 515 1277 toteenima
538 1215 605 1277 tue
628 1216 665 1276 ct
688 1232 730 1277 ex
753 1216 840 1276 tote
862 1213 1095 1293 mentetua,
1119 1216 1341 1299 etzdiliges

206 1316 426 1399 proximum
455 1320 565 1381 tunm
593 1316 790 1398 tamquam
820 1322 857 1381 te
885 1316 1022 1398 ipsum.
1056 1318 1093 1380 in
1125 1318 1207 1397 his,
1232 1319 1340 1402 inquit.

206 1418 355 1484 duobus
389 1419 621 1502 praeceptis
654 1419 742 1484 tote
775 1420 839 1483 lex
873 1420 1022 1501 pendet
1044 1423 1081 1485 et
1110 1410 1349 1503 prophetae.¹

205 1521 356 1606 quidquid
394 1541 466 1605 ergo
505 1522 555 1586 dei
591 1524 660 1606 lege
700 1524 902 1605 prohibemur
938 1526 970 1587 et
1007 1522 1159 1605 quidquid
1193 1524 1341 1590 iubemur

205 1627 318 1703 fecere,
348 1624 386 1689 ed
415 1625 475 1690 hoc
497 1625 698 1708 prohibemur
722 1628 754 1691 et
776 1626 930 1701 iubemur,
954 1627 990 1691 ut
1013 1627 1073 1690 duo
1095 1628 1158 1691 iste
1181 1628 1367 1711 comples-n

204 1747 285 1793 mus.
331 1728 364 1791 ot
392 1728 472 1792 forte
500 1728 654 1809 generalis
676 1729 847 1811 prohibitio
871 1733 932 1795 est:
962 1745 1035 1793 non
1058 1732 1337 1811 concupisces,

205 1836 237 1897 et
259 1831 411 1916 generalis
434 1833 529 1897 iussio
551 1833 615 1897 cst:
638 1834 799 1916 diliges.
828 1836 908 1898 unde
923 1832 1063 1896 breuiter
1077 1833 1241 1913 apostolus
1257 1834 1337 1899 Pou-

204 1936 253 1999 lus
276 1935 409 2016 quodem
432 1935 501 1999 loco
516 1936 683 2018 utmmque
699 1935 878 2017 compleres
894 1938 951 2001 est.
980 1933 1152 2017 prohibitio
1168 1941 1220 1999 est
1237 1936 1336 2001 enim:

204 2037 331 2103 nolite
369 2038 617 2104 conformari
654 2038 744 2104 huic
777 2038 953 2116 soeculo;
990 2039 1086 2102 iussio
1115 2038 1240 2102 eutem:
1275 2041 1335 2103 sed

204 2141 471 2207 reformemini
494 2142 533 2206 in
556 2142 738 2206 nouitate
761 2144 910 2207 mentis
932 2143 1102 2206 uestree.
1133 2140 1216 2206 illud
1239 2142 1363 2223 perti-n

203 2248 257 2311 net
285 2246 323 2310 ad
352 2265 411 2311 non
443 2245 669 2327 concupiscere,
693 2246 751 2309 hoc
773 2246 813 2310 ed
836 2245 975 2328 diligere,
1005 2244 1086 2309 illud
1106 2244 1148 2308 ed
1171 2247 1333 2310 continen-

201 2350 289 2426 tiam,
312 2347 371 2412 hoc
394 2348 433 2412 ed
456 2349 621 2429 iustitiam,
651 2347 730 2413 illud
754 2348 793 2412 ed
817 2346 1038 2413 declinandum
1061 2366 1080 2412 e
1101 2347 1197 2427 malo,
1224 2348 1331 2414 hoced

202 2450 379 2515 feeiendum
401 2449 530 2514 bonurn.
574 2469 636 2516 non
658 2449 901 2531 concupiscendo
925 2452 1007 2515 enim
1030 2452 1193 2514 netustete
1217 2451 1333 2534 expoli-

201 2570 291 2616 emur
312 2553 344 2617 et
368 2552 506 2616 nouitate
528 2553 689 2617 induimur
711 2552 879 2635 diligendo.
925 2552 979 2616 sed
1001 2571 1057 2617 nec
1080 2553 1249 2636 quisquam
1272 2573 1331 2617 esse

201 2656 305 2737 potest
334 2656 506 2737 continens,
535 2656 596 2721 nisi
626 2658 702 2722 deus
732 2656 797 2733 det,
827 2660 858 2720 et
881 2655 995 2720 ceritas
1018 2655 1067 2719 dei
1090 2655 1280 2721 diffunditur
1300 2658 1361 2724 inre

202 2757 348 2822 cordibus
372 2759 497 2842 nostris,
520 2777 580 2824 non
604 2777 659 2840 per
682 2759 848 2841 nosipsos,
872 2759 926 2823 sed
942 2757 1159 2840 perspiritum
1175 2762 1327 2833 sanctum,

201 2862 254 2943 qui
277 2860 368 2925 dctus
392 2865 439 2926 est
461 2860 650 2926 nobishoc
671 2864 776 2926 eutem
799 2860 835 2925 fit
858 2861 896 2926 de
920 2861 969 2925 die
992 2862 1025 2925 in
1049 2860 1134 2925 diem
1156 2864 1189 2925 in
1215 2862 1263 2926 his
1277 2862 1327 2944 qui

200 2964 332 3028 nolendo
370 2968 401 3028 et
437 2966 587 3030 credendo
613 2950 655 3030 ¹'et
691 2964 859 3031 innocendo
896 2963 1064 3046 proficiunt
1096 2966 1128 3029 et
1163 2966 1326 3047 praeterite

200 3067 422 3133 obliuiscentes
444 3069 477 3132 in
501 3088 537 3132 ee
559 3087 638 3151 ques
660 3071 733 3133 ente
756 3070 829 3133 sunt
852 3068 1069 3133 extenduntur.
1107 3068 1149 3130 ed
1172 3067 1232 3133 hoc
1247 3068 1324 3131 enim

199 3171 249 3235 len
264 3170 326 3235 iste
340 3172 508 3253 praecepit,
531 3192 552 3236 u
569 3221 577 3247 ‚
593 3191 664 3237 cum
680 3173 712 3235 in
727 3172 776 3235 his
795 3171 960 3252 implendis
976 3171 1067 3234 homo
1085 3170 1246 3246 defecerit,
1268 3186 1346 3235 none

199 3292 232 3339 se
263 3273 392 3338 extollet
421 3273 567 3356 superbie
595 3275 746 3353 tumidus,
771 3274 824 3339 sed
847 3275 887 3338 ed
908 3273 1044 3357 gretiam
1067 3273 1232 3357 confugiet
1254 3272 1321 3338 leti·

197 3384 301 3461 gatus,
331 3377 434 3441 eosic
457 3396 528 3442 enm
551 3376 601 3441 ler
623 3378 767 3442 terrendo
790 3378 830 3443 ed
854 3375 1012 3442 Christum
1036 3376 1231 3460 diligendum
1252 3392 1319 3459 pee-

198 3480 312 3564 degogi
334 3481 485 3563 perducet
506 3480 616 3545 officio.

301 3708 366 3764 lcf.
385 3709 505 3775 Rome,
524 3709 558 3762 28
649 3708 840 3772 suetonum
859 3707 960 3776 dleqq.
1050 3707 1079 3761 ll
1101 3707 1147 3760 Er.
1167 3707 1209 3767 20.
1229 3707 1259 3761 ll

197 3794 231 3847 12
248 3794 329 3850 Dent.
347 3796 408 3861 6‚5
511 3794 732 3858 141zom.12,2
834 3794 869 3846 20
886 3793 919 3847 cf.
938 3793 998 3863 Sep.
1018 3794 1042 3855 8,
1061 3792 1094 3845 21
1201 3793 1234 3847 cl,
1251 3791 1314 3845 Rom

195 3880 285 3947 5,5'
359 3881 393 3935 24
410 3880 443 3935 cf.
463 3878 582 3949 Philipp.
600 3882 626 3947 3,
645 3881 679 3934 14
782 3880 815 3933 27
834 3880 867 3933 cl.
885 3879 944 3934 (iel.
963 3879 987 3945 3,
1006 3879 1041 3932 24

249 4094 261 4147 l
282 4110 439 4148 consumens
456 4094 484 4147 P
587 4093 653 4149 fecit
671 4095 709 4149 P:
739 4092 807 4147 fecit
829 4093 854 4147 V
956 4092 1086 4161 5diliges
1104 4093 1155 4147 P¹:
1186 4094 1268 4163 dilige
1283 4090 1316 4145 1²¹

193 4178 287 4247 diligis
309 4179 335 4233 V
427 4180 489 4233 bet
506 4196 537 4234 ex
556 4183 617 4234 tote
634 4184 722 4234 mente
740 4180 798 4249 tue]
817 4195 866 4234 om.
886 4178 924 4232 Ρι
1015 4178 1113 4248 diliges
1131 4179 1215 4233 P¹Vz
1243 4178 1317 4245 dilige

194 4264 234 4318 P’
338 4266 371 4321 10
393 4267 422 4319 et
444 4266 567 4321 iubemur
590 4267 631 4321 P:
663 4269 693 4320 nt
716 4266 841 4321 iunemur
865 4263 892 4319 V
992 4266 1021 4319 ll
1050 4267 1220 4335 concupisces
1246 4262 1317 4321 P¹V:

193 4350 347 4419 concupisce
364 4351 403 4405 1³²
508 4351 540 4405 12
557 4353 696 4421 spostolus
714 4351 749 4405 V:
781 4354 809 4406 et
826 4350 961 4421 apostolus
983 4350 1037 4405 GP
1139 4352 1176 4408 25
1192 4348 1320 4423 praecepit

197 4434 234 4490 V:
262 4434 392 4504 praecipit
411 4435 466 4489 GP
567 4436 600 4490 27
621 4436 752 4507 pedagogi
774 4436 800 4490 V
