2760 4814
210 522 276 589 830
695 517 863 589 Eugippii

209 714 278 780 tum
302 730 471 779 neruorum
493 729 655 777 numerum
679 711 780 795 cogat,
805 727 845 774 an
867 726 951 788 uero,
975 709 1003 774 ei
1025 709 1210 789 nonhabet,
1226 729 1263 777 eo
1279 710 1345 793 ipso

208 815 311 899 magis
342 816 462 881 sacrate
485 814 683 898 accipiendus
706 812 750 878 sit
773 815 838 896 ipse
861 830 1010 878 numeme
1032 813 1086 879 uel
1106 818 1237 898 prepter
1259 815 1345 880 deca·

207 920 316 1003 logum
345 918 436 1001 legis.
471 922 508 985 de
537 935 598 1001 quo
628 920 705 982 item
729 916 909 983 numerosi
933 918 1110 999 quaeratur,
1135 937 1198 985 non
1222 918 1285 984 nisi
1307 919 1344 983 ad

210 1023 381 1088 creatorem
412 1024 648 1104 creaturamque
678 1022 856 1085 referendus
883 1024 931 1085 est
960 1020 1011 1086 uel
1041 1024 1170 1105 propter
1203 1023 1343 1106 superius

209 1126 385 1209 expositum
420 1126 523 1208 ipsum
557 1125 730 1192 donarium.
775 1128 807 1189 et
840 1125 896 1189 ille
934 1143 1081 1191 numerus
1116 1124 1371 1192 aedificationiss

210 1228 332 1313 templi,
363 1229 416 1312 qui
448 1234 709 1296 commemoratur
737 1230 770 1295 in
793 1230 967 1314 euangelio,
990 1228 1203 1313 quadraginta
1226 1230 1341 1296 scilicet

208 1338 241 1399 et
263 1353 316 1399 sex
339 1352 502 1415 annorum,
526 1336 629 1400 nescio
652 1334 727 1418 quid
749 1334 906 1401 musicum
928 1334 1019 1398 sonat
1042 1336 1074 1397 et
1094 1333 1215 1398 relatus
1239 1333 1278 1399 ad
1300 1333 1342 1398 la·

209 1437 328 1504 bricam
352 1437 501 1503 dominici
524 1439 671 1520 eorporis,
701 1440 830 1520 propter
854 1456 948 1520 quam
978 1436 1090 1521 templi
1117 1437 1240 1502 mentio
1263 1437 1341 1502 facte

208 1541 265 1619 eet,
297 1541 381 1623 cogit
413 1543 577 1607 nonnullos
606 1542 779 1607 haereticos
803 1541 944 1607 confiteri
966 1540 1145 1607 filiumdei
1167 1559 1232 1606 non
1257 1540 1338 1619 falso,

209 1644 265 1710 sed
288 1664 361 1709 uero
385 1646 417 1710 et
439 1644 575 1710 humano
599 1662 723 1728 corpore
745 1645 901 1710 indutum.
940 1646 971 1710 et
993 1663 1159 1710 numemm
1182 1645 1299 1728 quippe
1312 1646 1369 1709 etro

209 1747 330 1811 musica
351 1748 505 1831 plerisque
527 1749 603 1814 loeis
624 1750 654 1813 in
685 1749 784 1813 sacris
810 1748 973 1830 seripturis
1000 1746 1230 1814 honorabiliter
1245 1748 1341 1833 posite

209 1869 399 1916 rnuenrmus

251 1968 322 2035 Non
352 1975 435 2037 enim
464 1972 609 2038 audiendi
639 1976 711 2037 sunt
734 1990 852 2037 errores
875 1972 1043 2056 gentilium
1066 1972 1337 2054 superstitionum,

209 2075 263 2156 qui
298 2073 394 2139 VIIII
428 2077 534 2141 Musas
568 2076 653 2141 Ionis
687 2079 718 2140 et
754 2076 922 2141 Memoriae
959 2076 1039 2141 filias
1074 2095 1143 2142 esse
1176 2076 1337 2141 linxerunt.

208 2178 324 2243 refellit
345 2198 396 2244 eos
418 2179 527 2253 Varro.
553 2199 612 2263 quo
637 2182 739 2245 nescio
762 2179 868 2244 utrum
884 2179 966 2260 apud
982 2197 1035 2246 eos
1050 2180 1218 2263 quiequam
1234 2180 1337 2245 talium
1346 2201 1366 2241 e

209 2300 313 2347 rerum
338 2283 458 2349 doctior
480 2283 532 2349 uel
555 2282 705 2349 curiosior
727 2302 795 2348 esse
817 2284 926 2366 possit.
971 2283 1048 2349 dicit
1071 2283 1156 2348 enim
1180 2282 1336 2349 ciuitatem

208 2386 312 2449 nescio
336 2405 430 2468 quam
452 2424 493 2435 -
516 2406 578 2452 non
602 2389 686 2452 enim
710 2405 823 2451 nomen
845 2384 947 2451 recolo
971 2423 1012 2435 -
1036 2387 1158 2451 locasse
1181 2387 1266 2471 apud
1282 2387 1337 2449 tres

209 2488 344 2555 artifices
375 2493 467 2555 terna
496 2490 665 2556 simulacra
688 2490 860 2568 Musarum,
884 2489 966 2572 quod
990 2492 1021 2554 in
1043 2490 1162 2571 templo
1184 2488 1337 2574 Apollinis

208 2591 325 2658 donum
347 2596 486 2676 poneret,
510 2594 547 2657 ut
568 2592 710 2676 quisquis
734 2592 889 2658 artificum
912 2592 1093 2674 pulchriora
1108 2592 1289 2671 formasset,
1303 2590 1336 2655 ab

207 2695 264 2759 illo
294 2696 494 2778 potissimum
526 2697 626 2762 electa
656 2697 804 2762 emerent.
842 2696 889 2762 ita
910 2697 1088 2780 contigisse,
1112 2696 1150 2761 nt
1172 2714 1268 2778 opera
1288 2712 1365 2759 suae

208 2815 331 2880 quoque
359 2799 417 2864 illa
447 2800 580 2866 artifices
610 2819 708 2884 aeque
737 2800 868 2883 pulchra
894 2799 1093 2882 explicarent,
1129 2801 1162 2863 et
1190 2798 1337 2883 placuisse

208 2899 333 2965 ciuitati
355 2920 463 2968 omnes
486 2922 597 2968 nouem
620 2903 714 2985 atque
737 2921 841 2967 omnes
866 2922 931 2967 esse
955 2906 1063 2979 emtas,
1080 2903 1118 2967 ut
1133 2901 1169 2967 in
1183 2901 1336 2987 Apollinis

207 3002 327 3087 templo
350 3004 577 3073 dedicarentur.
606 3006 719 3090 quibus
738 3010 844 3089 postea
859 3006 936 3071 dicit
951 3005 1124 3071 Hesiodum
1141 3008 1269 3088 poetam
1283 3007 1336 3072 im·

207 3108 349 3191 posuisse
371 3109 532 3175 uocabula.
567 3128 629 3174 non
653 3128 725 3193 ergo
740 3109 882 3193 Iuppiter
897 3127 1008 3174 nouem
1023 3109 1129 3174 Musas
1144 3112 1267 3192 gennit,
1290 3107 1337 3175 eod

206 3211 272 3276 tres
288 3212 369 3279 labri
384 3216 487 3279 ternae
499 3217 693 3280 creauerunt.
715 3218 779 3278 tres
791 3215 895 3278 autem
908 3231 969 3279 non
981 3216 1145 3297 propterea
1160 3214 1220 3279 illa
1231 3212 1364 3279 ciuitasa

207 3314 376 3392 ioeanerat,
407 3319 481 3400 quia
511 3318 543 3381 in
573 3319 690 3382 oomnis
721 3335 773 3381 eae
802 3317 925 3381 uiderat
951 3319 1006 3381 aut
1027 3316 1076 3381 tot
1099 3335 1133 3382 se
1157 3316 1336 3400 cuiusquam

207 3419 335 3485 illorum
357 3421 455 3485 oculis
479 3420 780 3497 demonstrauerant‚
809 3419 862 3484 sed
886 3418 959 3502 quia
990 3418 1083 3483 facile
1110 3420 1181 3483 crat
1201 3418 1338 3485 animad-

206 3527 331 3589 uertere
347 3542 471 3590 omnem
488 3542 608 3602 sonum,
632 3542 711 3607 quae
734 3523 882 3588 materies
904 3523 1129 3588 cautilenamm
1155 3524 1213 3603 est,
1238 3522 1337 3589 trilor-

207 3646 292 3693 mem
315 3646 380 3693 esse
403 3628 526 3692 natura.
556 3627 612 3692 aut
635 3627 718 3692 enim
742 3645 816 3693 uoce
839 3627 951 3705 editur,
975 3625 1069 3691 sicuti
1092 3644 1200 3692 eorum
1225 3627 1337 3712 estqui

310 3839 530 3906 dmhzffl

259 4036 368 4092 9faleo
390 4038 426 4091 V:
463 4038 560 4091 falsum
585 4052 601 4092 o
722 4036 756 4090 10
779 4051 842 4089 uero
864 4033 900 4089 V:
936 4049 1066 4088 uerumo
1184 4038 1214 4091 ll
1241 4038 1343 4092 musice

211 4120 248 4174 V:
275 4124 404 4177 maricam
425 4122 494 4177 GPo
580 4124 613 4177 16
632 4122 736 4178 doctior
756 4121 839 4177 GPo:
867 4120 959 4175 doctor
974 4120 1001 4175 V
1085 4120 1119 4174 17
1137 4121 1251 4193 locasse]
1270 4140 1343 4179 caece

210 4207 238 4262 V
337 4206 372 4260 20
388 4206 472 4261 electa
488 4211 606 4261 emerent
626 4208 711 4264 GPo:
741 4208 840 4261 electae
858 4204 1003 4261 merentV
1104 4205 1139 4259 21
1158 4206 1209 4261 illa
1232 4208 1273 4263 V:
1301 4208 1343 4263 illi

207 4291 280 4347 GPo
364 4307 446 4360 aeque
464 4291 529 4347 PV:
556 4309 671 4363 eaqneo
763 4293 798 4347 26
815 4292 974 4361 cuiusquam
993 4290 1078 4347 GPo:
1104 4306 1235 4362 nusquam
1252 4294 1281 4349 V

204 4378 240 4432 21
252 4377 362 4433 illarum
377 4378 444 4447 V(?)
533 4379 790 4436 demonrtrcnerato
881 4378 1097 4435 animaduertere
1113 4377 1196 4433 0³1⁷:
1223 4382 1346 4437 animad-

204 4462 317 4518 uertisse
328 4462 363 4517 ad
377 4462 432 4521 G¹c
534 4464 569 4520 28
579 4466 774 4521 cantelinarum
789 4466 817 4522 V
916 4464 951 4521 29
967 4463 1059 4520 editur
1073 4463 1112 4519 Vr
1138 4464 1245 4522 dicitnr
1260 4484 1278 4524 c
