2760 4814
208 304 372 373 Excerpte
390 320 427 358 ex
444 320 513 374 opp.
533 305 559 358 S.
578 304 768 374 Augustini
786 303 915 361 ccxtn.
933 304 1080 363 CCXLIII.
1148 308 1210 375 791

77 495 162 579 quod
185 495 213 559 ei
235 493 495 560 absurdissimum
517 498 574 573 eet,
596 495 706 569 restet,
730 496 845 561 utnon
867 494 951 561 solue
974 494 1018 560 ibi
1035 496 1079 561 sit
1096 496 1210 561 caritas

78 597 211 681 spititus
233 599 372 677 sanctus,
396 598 450 664 sed
465 600 591 680 propter
613 598 671 663 illo
692 599 860 681 dequibus
883 598 961 665 satie
978 600 1118 678 disserui,
1136 618 1209 681 pro·

78 702 147 785 prie
168 701 214 766 sic
242 704 381 779 uocetur,
411 702 493 783 qnod
526 703 632 767 aretem
661 702 866 768 dictumest:
900 702 985 768 filii
1020 704 1210 769 caritatis

78 824 188 883 suae,
212 804 290 870 nihil
313 805 397 870 aliud
420 805 624 888 intellegatur
639 824 733 887 quem
756 806 811 869 filii
835 802 884 870 eui
899 804 1017 883 dilecti,
1041 824 1134 888 quam
1151 805 1210 871 filii

55 910 235 991 ,postremo
257 909 449 973 substantiae
471 927 557 973 suae.
581 909 696 974 coritas
719 908 835 990 quippe
858 909 965 991 petris,
998 910 1131 992 quaein
1154 928 1211 975 ne·

78 1012 151 1075 tura
173 1010 237 1075 eius
261 1012 309 1075 est
331 1010 532 1076 ineffabiliter
555 1011 700 1093 simplici,
730 1010 808 1077 nihil
838 1016 885 1075 eet
915 1012 999 1077 eliud
1024 1031 1119 1095 quum
1142 1012 1210 1078 eius

76 1114 148 1194 ipse
171 1116 283 1179 nature
316 1117 409 1197 atque
432 1116 616 1196 substantie,
647 1118 682 1179 nt
698 1134 787 1198 saepe
816 1114 881 1179 iam
906 1114 1040 1179 diximus
1063 1120 1094 1180 et
1117 1133 1210 1197 saepe

76 1218 191 1282 iterare
220 1235 280 1281 non
311 1219 407 1301 piget.
439 1236 475 1281 ae
497 1237 552 1299 per
574 1219 630 1283 boc
659 1218 742 1282 filins
767 1217 909 1281 caritatis
939 1218 1006 1282 eius
1029 1217 1136 1284 nuilus
1160 1218 1210 1284 eet

76 1320 159 1384 alins
183 1339 277 1402 quem
299 1322 353 1403 qui
375 1323 413 1386 de
434 1322 614 1386 substantie
635 1322 701 1386 eius
724 1326 773 1386 eet
796 1320 930 1406 genitus.

38 1665 68 1706 ιο
550 1611 737 1697 COXLIII.

76 1803 124 1849 DE
146 1800 450 1850 INTERROGATIONE
473 1803 658 1850 HAERETICI
677 1802 813 1851 CONTRA
832 1803 895 1849 Bos
914 1803 973 1863 Qvi
991 1800 1209 1851 VMGEMTVM

76 1906 137 1952 DEI
168 1906 239 1953 NON
269 1906 452 1953 PA'I'ERIIAE
483 1906 724 1971 WBS'I‘ANTIAE,
759 1907 823 1954 SED
846 1906 1061 1954 VOLVNTA'I‘IS
1087 1906 1210 1953 FILIVM

145 2007 225 2056 ESSE
249 2010 437 2059 DIXERVNT.
474 2010 520 2057 Ex
544 2011 646 2057 LIBRO
669 2012 715 2058 DE
737 2011 922 2057 TRINI'I'ATE
945 2011 1003 2070 XV,
1026 2012 1057 2057 Τ.
1081 2010 1139 2057 XX.

120 2147 225 2212 Acute
248 2167 321 2213 sene
344 2148 471 2230 quidem
494 2150 654 2231 respondit
681 2150 839 2215 haeretico
867 2149 1082 2213 uersutiesime
1104 2144 1278 2213 inter-265

37 2252 211 2333 mogunti,
241 2252 347 2315 utrum
372 2253 446 2317 deus
469 2253 570 2317 tilium
593 2253 701 2317 uolens
724 2272 764 2318 an
787 2253 894 2318 nolens
923 2252 1078 2335 genuerit,
1102 2257 1147 2329 ut,
1180 2252 1209 2318 si

75 2355 235 2421 diceretur
251 2358 369 2431 nolens,
386 2355 614 2422 absurdissime
629 2358 682 2421 dei
698 2356 824 2422 miserie
839 2361 1028 2438 sequeretur,
1051 2356 1077 2419 si
1100 2356 1207 2421 eutem

75 2458 197 2534 nolens,
223 2460 369 2523 continuo
393 2460 475 2542 quod
499 2461 705 2525 contendebat
728 2460 818 2524 uelut
841 2460 960 2524 inuicto
981 2460 1102 2524 ratione
1133 2477 1210 2523 con·

75 2561 224 2641 eluderet,
248 2580 308 2626 non
333 2565 462 2628 naturae
485 2582 549 2627 esse
573 2563 684 2645 filium,
708 2563 762 2627 sed
785 2561 967 2627 uoluntatis.
996 2564 1030 2627 ot
1052 2562 1108 2628 iile
1124 2560 1208 2645 uigi-

75 2664 254 2730 lantissime
276 2666 415 2730 uicissim
439 2667 596 2749 quaesiuit
625 2666 665 2730 ab
689 2686 734 2750 eo,
764 2669 871 2732 utrum
894 2666 967 2732 deus
988 2667 1078 2748 peter
1100 2666 1208 2733 nolens

32 2786 117 2841 wan
140 2770 249 2834 nolens
278 2768 320 2832 sit
341 2771 426 2847 dous,
457 2772 503 2845 ut,
526 2775 552 2836 ei
574 2771 773 2852 responderet
802 2771 919 2843 nolens,
942 2771 1122 2851 sequeretur
1149 2769 1209 2835 iile

75 2872 211 2952 miserie,
247 2890 341 2953 quam
371 2873 409 2936 de
438 2872 494 2937 deo
516 2872 640 2938 credere
661 2890 776 2954 magne
797 2873 920 2937 insania
947 2873 1006 2948 est,
1043 2874 1069 2935 si
1099 2875 1206 2937 eutem

74 2975 192 3039 diceret
220 2975 338 3053 uolens,
362 2975 598 3056 responderetur
624 2974 669 3039 ei:
700 2992 793 3059 „ergo
817 2976 936 3056 etipse
958 2974 1122 3039 uoluntate
1151 2992 1208 3039 sue

76 3078 228 3153 deusest,
245 3096 307 3143 non
322 3076 466 3142 netnre“.
489 3078 564 3159 quid
581 3096 654 3160 ergo
672 3078 821 3155 restabat,
844 3078 905 3142 nisi
927 3083 964 3142 ιιι
979 3078 1209 3145 obmutesceret

75 3184 109 3246 et
131 3200 188 3246 sue
210 3181 455 3265 interrogatione
478 3182 653 3265 obligatum
677 3181 838 3247 insolubili
859 3181 985 3245 uinculo
1008 3199 1042 3245 se
1063 3180 1207 3245 uideret?

32 3286 130 3357 „eod
153 3286 298 3349 uoluntas
320 3285 369 3349 dei
392 3286 418 3349 ei
442 3286 474 3349 et
495 3286 621 3368 proprie
650 3285 783 3350 dicende
805 3287 852 3350 est
874 3284 978 3366 eliqua
1005 3284 1039 3348 in
1062 3283 1205 3350 trinitate

75 3406 217 3474 persone,
241 3389 343 3472 magis
367 3388 425 3454 hoc
447 3407 559 3453 nomen
584 3389 711 3471 spiritui
734 3394 840 3455 sancto
869 3386 1020 3470 competit
1048 3386 1131 3452 sicut
1154 3404 1208 3453 ce·

73 3493 162 3558 ritas.
192 3510 266 3557 nam
289 3490 364 3573 qnid
387 3496 435 3557 est
457 3492 543 3557 aliud
569 3493 684 3557 caritas
708 3510 804 3574 quam
827 3491 999 3557 noluntas?

125 3732 160 3785 10
176 3746 239 3799 cup.
257 3728 394 3785 CCXLIII
412 3729 491 3795 (LIII
509 3746 527 3784 a
544 3746 578 3784 m.
596 3732 617 3783 2
634 3731 665 3783 ire
683 3745 738 3784 rue.
760 3730 795 3797 V)
813 3730 889 3785 MV:
922 3728 1013 3784 CCLV
1031 3728 1060 3783 P
1086 3728 1208 3785 ecem

74 3818 119 3873 Ge
208 3818 237 3871 ll
252 3817 285 3870 do
296 3816 575 3885 interrogatione-14
586 3816 799 3887 interro(gunti)]
812 3816 954 3886 scriptura
962 3820 1022 3873 m.1
1036 3815 1063 3871 V
1071 3815 1131 3882 scre
1142 3830 1208 3871 cocu·

70 3904 151 3969 eruin
168 3918 203 3957 m.
217 3905 237 3957 2
253 3904 361 3972 scripsit
373 3904 405 3957 io
416 3918 468 3972 mo.
555 3902 693 3972 baeretici]
707 3902 808 3956 domini
821 3902 937 3956 heretico
952 3918 969 3957 o
1056 3901 1089 3955 13
1106 3900 1157 3955 XV
1174 3899 1208 3955 de

73 3991 202 4045 trinitate
221 3990 264 4044 Ge
368 3989 400 4043 14
422 3989 563 4059 haeretico]
582 4005 668 4045 ormo
772 3991 805 4045 16
823 3988 1049 4043 absurdissimae
1151 3986 1210 4057 dei]-

72 4092 152 4131 onr.u
229 4077 381 4131 miserieeu
459 4076 490 4130 l‘I
504 4074 788 4144 quod—concluderet
801 4076 880 4131 6³1⁷:
898 4092 949 4130 om.
967 4074 1021 4132 G¹o
1098 4076 1207 4129 centen-

72 4164 155 4219 debet
177 4164 212 4218 V:
248 4162 405 4218 intendebat
425 4163 464 4218 G³
568 4163 600 4217 18
623 4179 677 4218 non
694 4162 820 4233 neturee]
838 4178 888 4217 om.
908 4162 945 4217 G¹
1048 4160 1084 4214 23
1102 4176 1208 4215 ommn-

71 4249 238 4306 teeoeretV
335 4248 369 4303 ‘25
388 4249 457 4303 siet
477 4248 533 4304 θυι
568 4254 597 4303 ot
618 4248 645 4304 V
743 4248 850 4317 propriu
873 4247 908 4300 V:
944 4246 1050 4316 proprie
1070 4246 1113 4303 Ge
