2760 4814
181 310 348 380 Excerptc
366 326 401 364 ex
418 326 488 381 opp.
506 310 533 364 S.
551 310 740 381 Augustini
757 307 1098 367 cetum-cenwlfi.
1143 312 1206 378 831

71 498 218 566 faucibus
240 498 308 565 sine
331 517 446 583 ergene
470 500 595 575 canunt,
619 505 674 564 aut
696 498 784 580 fletu,
809 498 892 563 sicut
913 500 1060 565 tuberum
1077 502 1108 564 et
1130 499 1206 565 tibi-

70 621 174 682 arum,
197 605 253 668 eut
279 602 384 685 pulsu,
407 601 490 666 sicut
512 603 545 666 in
569 601 698 667 citharis
721 606 753 666 et
777 601 934 685 tympanis
957 606 989 668 et
1011 602 1207 686 quibuslibet

70 706 146 773 uiiis
168 724 248 788 quoe
270 705 472 788 percutiendo
496 723 608 770 canore
630 705 713 769 sunt.

116 808 176 876 Sed
192 808 260 874 siue
281 810 326 873 ite
341 827 374 873 se
396 806 512 872 habeat
533 808 614 890 quod
630 807 728 872 Verre
744 807 879 886 rettulit,
903 809 970 874 siue
988 828 1051 874 nen
1072 810 1128 888 itu,
1152 828 1207 875 nos

46 916 180 979 stamen
207 931 268 978 non
290 914 417 994 propter
439 910 693 992 superstitionem
716 910 916 993 profanorum
938 914 1085 977 debemus
1107 913 1208 977 musi·

71 1035 144 1083 cum
167 1018 285 1099 fugere,
310 1014 336 1079 si
360 1014 435 1096 quid
458 1014 529 1079 inde
552 1013 631 1079 utile
653 1017 691 1080 ed
714 1014 940 1098 intellegendae
964 1018 1090 1080 sanctes
1106 1016 1207 1100 scrip-

70 1124 161 1185 turas
183 1137 290 1201 repere
313 1116 516 1200 potuerimus,
541 1136 597 1182 nee
619 1117 658 1181 ad
681 1117 809 1183 illorum
830 1117 999 1183 theatricus
1022 1137 1120 1203 nugue
1135 1136 1207 1185 eon-

70 1223 166 1301 uerti,
196 1225 223 1287 si
250 1220 370 1304 aliquid
392 1220 430 1284 de
456 1220 586 1286 citharis
610 1222 642 1285 et
664 1223 703 1286 de
726 1221 860 1305 organis,
884 1222 966 1305 quod
989 1222 1029 1288 ed
1052 1222 1207 1305 spiritalis

71 1327 224 1411 cupienda
254 1325 369 1406 ualeat,
402 1325 610 1407 disputemus.
655 1325 859 1407 nequeenim
882 1326 1061 1413 oblitteras
1085 1325 1207 1391 discere

32 1448 136 1495 renen
168 1428 343 1513 debuimus,
367 1428 441 1513 quie
463 1448 569 1493 cerum
593 1428 686 1494 deum
709 1429 818 1495 dicunt
839 1448 904 1495 esse
927 1429 1127 1509 Mercurium,
1151 1431 1207 1495 eut

73 1534 149 1618 quie
178 1532 324 1599 Iustitiae
353 1533 536 1616 virtutique
566 1534 686 1616 templa
714 1535 938 1600 dedicauerunt
961 1535 994 1598 et
1016 1552 1094 1616 quoe
1116 1532 1207 1599 corde

70 1635 227 1723 gestanda
248 1638 322 1703 sunt
344 1638 377 1702 in
400 1637 558 1719 lapidibus
580 1641 708 1704 adorere
727 1638 914 1721 meluerunt,
937 1642 1102 1721 propterea
1116 1638 1206 1703 nobis

71 1741 201 1807 iustitie
236 1742 400 1823 uirtusque
438 1741 587 1824 fugiende
622 1743 679 1807 est.
725 1744 822 1807 immo
848 1760 922 1808 uere
946 1742 1084 1825 quisquis
1106 1741 1206 1807 bonus

69 1864 227 1930 uerusque
250 1845 438 1910 christianus
461 1849 518 1923 est,
543 1845 661 1909 domini
682 1846 732 1910 sui
748 1864 815 1911 esse
837 1846 1004 1929 intelleget
1019 1845 1206 1928 ubicumque

32 1949 229 2016 reinuenerit
259 1948 436 2026 ueritatem,
467 1966 561 2032 quam
593 1949 755 2014 conferens
785 1950 817 2014 et
847 1967 1016 2032 agnoscens
1047 1948 1144 2013 etiem
1173 1949 1208 2014 in

69 2052 193 2118 litteris
215 2052 313 2117 sacris
330 2051 547 2134 superstitiose
561 2051 713 2135 figmenta
728 2052 870 2135 repudiet
885 2052 1050 2134 doleatque
1065 2052 1208 2117 homines

69 2160 167 2239 etque
197 2158 314 2237 cenent,
345 2153 399 2238 qui
429 2156 650 2238 cognoscentes
680 2159 774 2220 deum
803 2172 864 2220 nen
890 2155 973 2220 siout
995 2155 1087 2220 deum
1109 2154 1208 2235 glori·

70 2260 254 2326 ficaumnt.

538 2393 738 2478 GCLVHII.

32 2565 120 2616 wDE
154 2567 263 2615 SIGNIS
297 2567 580 2628 SVPERSTI'I'IOSIS,
616 2566 740 2627 QVIBVS
774 2565 978 2615 PERNICIOSE
1011 2564 1208 2614 DAEMONVM

100 2650 263 2702 SOCIETAS
285 2654 525 2702 COMPARATVR.
556 2654 603 2700 EX
625 2653 745 2701 EODEM
769 2653 872 2701 LIBBO
895 2651 1004 2700 svend
1028 2651 1180 2701 SCRIPTO.

117 2756 187 2821 Dno
224 2761 298 2822 sunt
335 2776 452 2843 genere
486 2757 707 2835 doctrinarum,
739 2774 818 2839 quae
847 2756 881 2820 in
910 2755 1083 2840 gentilibus
1112 2757 1282 2827 etiom284

71 2858 213 2926 moribus
247 2866 441 2927 exercentur:
477 2879 575 2926 unum
609 2879 715 2926 eurum
749 2878 863 2942 rerum,
897 2878 974 2943 ques
1002 2859 1209 2925 instituerunt

125 3046 209 3100 tent
226 3046 298 3101 sicut
314 3046 428 3116 pulsus
521 3046 539 3100 4
556 3045 604 3100 scd
620 3046 677 3101 eine
695 3046 730 3101 V:
757 3044 888 3100 reduto
982 3045 1079 3100 retulit
1098 3046 1140 3101 ce

70 3133 90 3187 5
108 3132 307 3201 prophanorum
323 3133 350 3187 V
437 3132 558 3202 dingere
573 3132 641 3188 G’c:
668 3133 759 3200 fugire
774 3132 841 3187 G¹V
856 3132 933 3199 (fort.
945 3138 1030 3195 rectu
1048 3132 1083 3199 cf.
1097 3132 1210 3188 socco

71 3220 128 3275 Le.
136 3234 167 3287 p.
180 3220 247 3286 235)
342 3219 373 3274 11
394 3218 551 3274 dedicarunt
571 3219 614 3275 Ge
700 3220 734 3274 15
752 3218 889 3274 conterens
902 3219 939 3274 V:
968 3219 1141 3273 conterende

73 3305 110 3360 17
126 3320 182 3359 nen
200 3306 271 3360 sient
288 3305 367 3359 deum
385 3305 422 3359 V:
452 3321 506 3360 non
522 3311 554 3359 ut
571 3303 650 3359 deum
669 3304 725 3361 G¹c
754 3305 871 3360 nondum
892 3304 929 3360 0¹
1026 3310 1088 3374 poet
1105 3304 1209 3373 glutiti·

71 3392 206 3446 csuernnt
223 3390 289 3446 cdd.
303 3390 387 3446 GPv:
416 3394 444 3446 et
461 3392 501 3459 (et
512 3394 601 3446 cetere
612 3406 679 3460 quse
693 3392 819 3459 P²su1m
830 3394 915 3457 uere.)
933 3391 1071 3460 spostolus
1084 3394 1159 3461 (epos
1171 3392 1210 3455 P)

71 3477 244 3545 exsequitur3
269 3477 307 3532 G¹
323 3477 388 3532 edd.
406 3478 437 3531 e'n
454 3494 521 3547 mc:
548 3477 577 3532 id
600 3480 643 3532 est
659 3479 776 3546 apostoli
795 3476 877 3532 uerbe
894 3480 959 3531 sunt
976 3466 1044 3546 unse
1060 3480 1210 3546 sequuntur

72 3562 104 3617 id
117 3566 160 3616 est
171 3566 219 3617 sut
230 3564 334 3633 gratiss
346 3565 462 3633 egerunt
474 3568 503 3617 et
514 3567 602 3618 cetere
680 3565 713 3618 18
724 3564 849 3633 sequitur
857 3564 889 3618 ire
900 3564 943 3619 Ge
954 3567 1026 3632 (cup.
1036 3563 1209 3631 CCLXXIII)

72 3650 105 3705 P
120 3650 193 3718 (cap.
210 3649 367 3718 ccmo:
396 3650 467 3720 quod
490 3651 575 3704 etium
593 3653 620 3705 et
638 3652 690 3718 (est
710 3651 780 3716 (Po)
804 3649 914 3705 fastidio
937 3650 1055 3719 spiritaii
1077 3652 1211 3721 scripture

72 3736 234 3805 (scripturus
252 3737 291 3801 P)
318 3739 440 3791 occurret
463 3740 612 3801 (succurret
631 3736 684 3802 Ge)
704 3736 807 3801 diuino,
836 3752 898 3792 oum
924 3740 1042 3791 mentem
1067 3742 1210 3803 (commen-

71 3824 185 3877 dtutesn
207 3822 261 3887 Oc)
280 3824 368 3891 puscit
385 3824 485 3891 (percit
504 3824 541 3892 P)
565 3823 674 3893 apertis,
697 3827 801 3878 exercet
825 3823 934 3891 (exercit
952 3823 991 3892 P)
1013 3822 1134 3879 obscuris
1152 3824 1211 3891 (ob-

71 3908 149 3965 curie
168 3907 206 3977 G)
223 3923 254 3964 ex
271 3909 362 3963 eodem
380 3910 451 3964 libro
468 3909 501 3964 de
518 3910 642 3965 doctrine
660 3909 817 3964 christiane
840 3910 915 3979 quod
932 3916 1016 3979 eaput
1033 3911 1065 3965 in
1081 3911 1212 3979 capitatis

69 4008 189 4051 numo
205 3997 262 4050 283
279 3996 405 4066 mus)
426 3994 474 4050 sed
490 4012 549 4051 nen
566 4002 607 4052 est
623 3997 680 4051 niet
697 3996 824 4065 repetitio
840 3997 987 4052 cuborum
1005 4012 1064 4065 esp.
1083 3994 1212 4053 ochum

69 4084 117 4149 (p.
128 4080 196 4143 824,
206 4081 338 4145 17-26):
364 4080 450 4136 Nemo
468 4080 689 4152 ambigit-alibi
705 4081 854 4151 reperietur
941 4082 974 4137 19
990 4097 1051 4152 ocp.
1069 4080 1212 4139 CCLXXV

73 4166 104 4223 0
129 4162 285 4221 CCLXXVI
297 4182 328 4233 c3
350 4183 424 4223 cum.
438 4183 489 4223 em.
501 4168 531 4223 P
620 4167 655 4222 20
667 4157 834 4222 ''⁹''stitioeie
847 4168 937 4238 (super
948 4168 1014 4224 cdd
1025 4184 1061 4223 cn
1072 4170 1104 4239 2)
1117 4168 1146 4223 P

69 4253 110 4309 21
127 4251 252 4321 weietss]
270 4268 320 4308 om.
338 4269 356 4308 o
457 4255 493 4309 22
510 4254 661 4324 gentilibus
680 4253 716 4309 V:
746 4254 907 4324 gentibnsc
