2760 4814
158 305 225 374 506
635 302 821 374 [Eugippii]

160 492 284 559 ardebit
304 509 391 558 emor
414 511 518 559 rerum
541 493 763 577 temporalium
786 496 819 558 et
841 492 909 576 ipse
932 493 1039 560 saluus
1062 493 1124 558 erit
1145 512 1200 577 per
1222 493 1292 560 ide·

160 615 255 663 nenm
277 596 529 665 fundamentum.

204 717 367 785 Inimici
403 717 552 786 demini
588 716 751 784 mentiti
786 722 883 784 snnt
919 717 954 782 ei
991 715 1139 783 dicende:
1177 734 1214 782 ec
1252 717 1293 782 sd

159 820 286 890 uincam
308 822 343 887 et
362 841 425 888 nen
447 821 564 904 eunde;
592 821 631 886 et
652 822 733 886 erit
755 821 909 904 tempus
932 838 993 885 non
1016 822 1056 886 ed
1079 825 1215 902 tempus,
1237 822 1294 885 sed

159 927 197 993 in
231 929 444 992 aeternnm.
481 926 515 989 et
547 921 601 1007 qui
634 924 708 989 sunt
741 923 821 988 isti?
858 923 896 988 et
929 922 1086 989 eibenit
1117 923 1214 989 illes
1248 940 1330 988 exe

160 1029 274 1113 adipe
302 1027 507 1095 frumenti.
544 1027 643 1093 nectis
675 1025 799 1110 edipem
833 1025 994 1110 frumenti,
1028 1025 1111 1091 unde
1145 1024 1295 1091 eibnntur

161 1132 256 1198 mnlti
288 1131 419 1210 inimici,
454 1131 507 1215 qui
539 1128 666 1196 mentiti
699 1133 775 1195 sunt
804 1128 844 1194 ei.
882 1131 921 1193 et
942 1127 1098 1195 citauit
1127 1127 1226 1194 illes
1249 1148 1295 1194 ex

159 1234 275 1319 adipe
303 1233 513 1300 frumenti:
546 1232 676 1299 miscuit
698 1250 750 1298 ecs
773 1231 979 1298 sacramentis
1000 1232 1078 1296 suis.
1112 1231 1295 1311 elladam,

160 1339 284 1422 qmndo
312 1337 399 1403 dedit
428 1335 614 1410 buccellam,
648 1354 685 1400 ex
706 1335 798 1417 adipe
828 1334 981 1401 frumenti
1002 1333 1138 1419 citauit3
1172 1336 1206 1400 et
1228 1334 1294 1400 ini·

162 1441 262 1507 miens
281 1439 404 1506 demini
426 1439 579 1505 mentitus
602 1439 650 1504 est
672 1439 701 1504 ei
717 1442 749 1503 et
764 1439 824 1504 erit
845 1443 969 1521 tempus
984 1440 1051 1504 eius
1071 1437 1106 1502 in
1119 1442 1333 1508 aeternumm

160 1541 320 1610 eihcnit
340 1542 437 1610 illes
460 1560 504 1609 ex
526 1541 642 1624 adipe
664 1540 867 1607 frumenti.
905 1557 923 1606 c
945 1541 1104 1623 ingratos!
1133 1539 1295 1607 eibsult

160 1664 205 1712 ex
227 1645 341 1730 adipe
361 1645 556 1712 frumenti
579 1644 684 1709 etde
707 1649 821 1727 petre
842 1642 960 1711 melle
981 1643 1186 1710 seturnnit
1208 1660 1293 1709 ecs:

160 1747 194 1814 in
216 1747 342 1815 heremo
362 1748 402 1813 de
425 1752 514 1833 petre
536 1766 649 1831 nqnem
671 1745 824 1830 produxit,
856 1765 918 1813 nen
939 1748 1012 1813 mel.
1050 1747 1115 1813 mel
1136 1746 1294 1830 sepientis

160 1851 219 1931 est
254 1853 427 1935 primatum
461 1850 598 1917 dulcoris
631 1854 741 1915 tenens
774 1850 808 1915 in
838 1851 916 1917 escis
949 1852 1060 1918 cerdis.
1100 1868 1196 1934 qnam
1218 1868 1293 1934 erge

159 1954 256 2035 multi
284 1953 404 2021 inimici
433 1953 552 2021 demini
582 1953 768 2020 mentientes
791 1953 915 2020 demine
939 1955 1084 2020 eihnntur
1105 1971 1167 2019 nen
1189 1952 1331 2026 selumc

160 2075 198 2123 ex
231 2056 322 2140 elipe
355 2057 506 2123 frumenti
537 2057 592 2123 sed
624 2057 719 2124 etiem
748 2057 787 2123 de
815 2059 906 2141 petre
935 2056 1040 2140 melle,
1075 2057 1113 2121 de
1139 2057 1295 2140 sapientie

161 2158 295 2227 Christi!
332 2178 426 2243 quem
457 2159 553 2227 mnlti
585 2159 784 2226 delectentur
817 2160 913 2226 uerbo
949 2158 1016 2224 eius
1050 2161 1083 2224 et
1116 2158 1294 2242 cognitione

160 2266 428 2331 sacramentorum
451 2260 529 2347 eius,
551 2261 706 2331 solutione
727 2261 949 2345 parabulernm
972 2264 1056 2327 einsl
1081 2279 1176 2344 quem
1198 2261 1295 2327 multi

161 2366 370 2433 delectentnrl
404 2383 499 2450 qnam
533 2365 627 2432 multi
661 2366 815 2433 clement!
849 2370 881 2433 et
894 2368 897 2375 '
910 2384 972 2431 nen
1002 2366 1050 2432 est
1079 2366 1137 2431 hec
1166 2365 1231 2430 mel
1254 2366 1295 2431 de

160 2468 299 2552 quolibet
321 2469 457 2548 homine,
491 2470 546 2535 sed
568 2468 606 2536 de
628 2472 735 2553 petre:
770 2472 887 2553 petre
915 2469 1046 2535 eutem
1073 2471 1160 2535 eret
1181 2467 1331 2538 Chri-rc

160 2572 261 2638 stus.
298 2590 392 2654 quem
422 2571 517 2638 multi
546 2587 621 2654 ergo
648 2574 805 2637 satientur
834 2572 871 2638 de
900 2570 995 2638 melle
1026 2571 1103 2638 iste!
1142 2571 1294 2649 clement,

161 2674 289 2741 dicunt:
308 2692 423 2760 „sueue
434 2671 510 2739 est“
528 2676 652 2741 dicunt:
670 2674 768 2759 „nihil
783 2675 905 2751 melius,
920 2673 1001 2741 nihil
1013 2674 1135 2740 dulcius
1149 2674 1294 2760 intellegi

160 2778 215 2845 nel
236 2777 300 2845 diei
321 2775 454 2860 petuit¹⁴
490 2777 523 2843 et
552 2780 659 2844 tamen
688 2776 810 2844 inimici
839 2777 959 2843 demini
989 2777 1117 2844 mentiti
1146 2781 1222 2843 sunt
1252 2778 1294 2845 ei.

161 2880 234 2946 nelo
257 2879 392 2964 emplius
414 2881 576 2946 immorari
598 2881 630 2945 in
652 2881 745 2946 rebus
768 2879 926 2947 dolendis:
954 2899 1142 2966 quemquam
1164 2880 1295 2946 terribi-

163 2983 237 3050 liter
270 2984 408 3069 pselmns
437 2985 476 3049 ed
506 2983 564 3050 hee
586 2983 694 3049 finitus
723 2983 776 3062 sit,
811 2988 916 3051 tcmen
940 3003 959 3050 e
980 2984 1042 3050 fine
1066 2985 1141 3062 eius,
1164 2983 1332 3057 obsecres

163 3106 229 3168 nes,
244 3106 441 3154 recurremus
456 3089 496 3155 ed
512 3089 621 3173 ceput:
645 3087 822 3154 exultate
840 3088 910 3155 <lec
933 3089 1109 3155 adiutori
1130 3088 1293 3174 nostre]

262 3308 863 3381 ers.s0,1e·q.=·eer.10.1e,ce
969 3311 1001 3366 re
1025 3309 1060 3368 er.
1078 3310 1125 3366 nn.
1146 3309 1241 3377 ree¹

159 3395 406 3466 serenans
509 3395 702 3461 senesce

42 3643 101 3710 Χ
132 3605 137 3669 1
214 3601 230 3654 1
248 3600 304 3670 per]
320 3600 444 3656 «ΜΨ
458 3616 537 3670 supr.
554 3616 627 3657 uere.
730 3601 748 3655 8
770 3600 859 3656 uerba
879 3600 984 3656 inimici
1002 3601 1104 3657 domini
1122 3606 1147 3658 el
1163 3618 1236 3672 quac
1252 3619 1297 3660 ec-

132 3672 350 3743 immutes
360 3687 509 3744 etlehas
603 3686 759 3756 tedipec:
783 3687 844 3755 nipe
860 3687 887 3743 Τ
983 3688 1114 3743 noctise:
1137 3690 1228 3746 nosT

160 3774 195 3830 11
213 3772 337 3842 ingrctes
355 3775 380 3841 (e
398 3789 433 3829 ece
450 3789 469 3830 n
486 3789 555 3833 cerr.
574 3790 610 3831 nr.
627 3775 658 3843 2)
678 3775 704 3829 Τ
804 3773 840 3829 26
857 3774 973 3830 exulteti
992 3774 1018 3830 Τ
