2760 4814
132 289 196 356 ew
613 288 775 358 mmm

132 478 247 544 seruire
270 478 358 556 nolit,
381 479 614 562 rectissimeque
636 480 755 545 dictum
778 483 841 544 est:
873 482 937 561 qni
960 483 1089 545 autern
1114 479 1260 563 diligit

132 581 406 664 iniquitatem,
436 584 521 648 odit
542 586 712 649 animam
743 603 865 663 suam,
899 585 932 649 et
959 584 1028 649 ideo
1049 583 1088 648 fit
1117 584 1259 650 infirmus

133 683 255 749 animus
282 688 312 748 et
335 685 371 748 de
394 686 519 750 mortali
542 704 667 769 corpore
690 687 864 763 cruciatur;
887 705 1010 751 necessa
1033 688 1082 751 est
1105 688 1202 764 enim,
1224 689 1259 752 ut

132 786 213 851 illud
244 787 355 870 diligat
385 792 416 851 et
446 789 511 854 eius
541 791 737 869 corruptione
758 790 988 871 praegrauetur.
1032 787 1257 855 immortalitas

134 891 216 954 enirn
240 894 272 955 et
285 891 477 972 incorruptio
492 892 628 973 corporis
644 894 681 957 da
704 892 840 957 sanitate
862 890 959 956 animi
982 891 1117 968 exsistit,
1140 893 1284 961 sanitasa

133 995 238 1058 autem
268 994 365 1059 animi
391 997 438 1058 est
460 993 636 1059 firmissime
658 994 819 1059 inhaerere
841 995 964 1077 potiori,
988 993 1046 1059 boc
1066 995 1117 1059 est
1138 995 1256 1061 incom-

133 1097 279 1161 mutabili
308 1101 374 1162 deo.
416 1117 486 1163 curn
518 1115 590 1161 uero
621 1097 717 1162 etiarn
740 1097 783 1161 eis
807 1098 859 1179 qui
882 1097 942 1162 sibi
964 1097 1148 1162 naturaliter
1169 1115 1256 1180 pares

133 1203 216 1279 sunt,
239 1199 296 1265 boc
319 1201 366 1266 est
380 1199 567 1278 bominibus,
583 1200 736 1264 dominari
751 1198 886 1276 affectat,
910 1198 1117 1264 intolerabilia
1131 1198 1256 1266 omnino

132 1301 277 1383 superbia
298 1302 354 1366 est.

175 1422 274 1488 Nemo
298 1439 370 1504 ergo
393 1440 426 1485 sa
449 1423 524 1487 odit.
555 1423 586 1486 et
609 1420 679 1485 binc
701 1419 824 1503 quidem
847 1418 936 1485 nulla
957 1437 1027 1484 cum
1051 1418 1160 1503 aliqua
1174 1423 1282 1486 soctan

131 1526 272 1607 quaestio
296 1525 367 1590 fuit.
401 1525 455 1589 sed
478 1544 577 1607 neque
601 1542 708 1606 corpus
732 1543 823 1589 suum
846 1523 1011 1605 quisquam
1033 1522 1110 1590 odit.
1146 1541 1254 1587 uerum

132 1633 181 1692 est
219 1627 302 1691 enirn
340 1629 419 1710 quod
452 1628 497 1692 ait
533 1627 705 1709 apostolus:
743 1645 851 1691 namo
888 1645 1069 1710 umquam
1106 1647 1254 1696 carnern

132 1749 240 1797 suam
264 1732 351 1796 odio
373 1730 524 1797 habuit.
562 1734 594 1794 et
616 1731 697 1813 quod
720 1730 862 1795 nonnulli
885 1730 993 1810 dicunt
1014 1730 1110 1796 malle
1137 1751 1171 1796 se
1193 1749 1254 1796 esso

131 1837 199 1900 sine
230 1852 354 1916 corpore
384 1833 520 1917 omnino,
543 1833 712 1911 falluntur;
743 1850 804 1898 non
836 1834 919 1897 enim
943 1851 1052 1916 corpus
1075 1852 1181 1921 suum,
1204 1834 1253 1899 sad

132 1937 343 2020 corruptiones
366 1936 431 2002 eiua
458 1938 491 2001 et
512 1939 631 2020 pondus
655 1937 793 2003 oderunt.
831 1953 891 1999 non
915 1935 1021 2019 itaqua
1043 1936 1167 2013 nullum
1190 1953 1279 2003 cor-u

131 2059 199 2125 pus,
229 2040 283 2104 sed
312 2040 528 2123 incorruptum
559 2044 590 2105 et
620 2040 817 2106 celerrimum
850 2058 960 2122 corpus
989 2039 1100 2104 nolunt
1135 2039 1253 2124 habere,

132 2143 186 2208 sed
208 2144 322 2225 putant
344 2144 467 2208 nullum
491 2162 600 2226 corpus
623 2161 698 2227 esse,
721 2144 749 2208 si
772 2141 1043 2224 tolerantiaque
1057 2141 1125 2207 tale
1138 2140 1253 2228 aliquid

129 2265 198 2312 esse
234 2249 372 2312 animam
408 2250 530 2328 putant.
575 2245 656 2329 quod
692 2248 798 2313 autern
832 2244 1025 2311 continentia
1057 2247 1195 2326 quadam
1226 2245 1256 2309 at

131 2349 287 2415 laboribus
317 2349 406 2431 quasi
435 2349 581 2431 persequi
611 2350 760 2414 uidentur
781 2367 906 2432 corpora
928 2366 993 2427 sna
1015 2347 1070 2429 qui
1093 2347 1153 2412 boo
1174 2349 1256 2413 recte

129 2450 261 2532 faciunt,
284 2469 345 2515 non
364 2450 396 2516 id
411 2451 519 2533 egunt,
542 2454 578 2514 ut
600 2469 662 2516 non
684 2450 820 2517 habeant
842 2466 961 2534 corpus,
983 2451 1040 2515 sed
1062 2452 1100 2515 ut
1121 2451 1282 2516 habeantne

131 2553 334 2635 subiugatum
364 2555 567 2636 abparatum
597 2555 637 2618 ad
668 2573 760 2636 opera
789 2554 971 2620 necessaria.
1002 2553 1149 2619 libidines
1174 2556 1257 2620 enirn

130 2655 212 2721 male
233 2657 359 2720 utentes
381 2671 517 2738 corpore,
532 2655 565 2720 id
587 2659 635 2720 est
651 2657 885 2721 consuetudines
901 2656 1116 2720 inclinationis
1133 2657 1256 2722 animae

130 2760 169 2826 ad
192 2760 356 2825 fruendum
379 2758 587 2843 inferioribus,
611 2778 666 2841 por
683 2759 781 2841 ipsius
797 2758 932 2843 corporis
954 2757 1141 2824 laboriosam
1157 2777 1256 2841 quan·

130 2861 202 2926 dam
232 2862 379 2928 militiam
408 2861 587 2946 extinguere
616 2862 775 2927 affectant.
816 2880 889 2927 narn
918 2878 980 2926 non
1002 2878 1034 2926 se
1056 2860 1257 2943 interimunt,

131 2971 162 3030 et
184 2984 290 3031 curam
310 2983 385 3030 suae
402 2964 592 3031 ualetudinis
607 2967 727 3047 gerunt.
751 2966 802 3046 qui
819 2966 923 3030 autem
937 2981 1082 3046 peruerse
1096 2963 1130 3028 id
1147 2970 1289 3048 agunta

129 3068 221 3150 quasi
243 3069 429 3134 naturaliter
451 3068 578 3133 inimico
600 3086 655 3133 suo
678 3067 798 3150 corpori
821 3065 938 3132 bellum
961 3067 1118 3148 ingerunt.
1147 3066 1182 3131 in
1198 3086 1259 3151 quc

130 3171 515 3256 falliteosquodlegnnt:
539 3189 626 3236 caro
648 3170 897 3253 concupiscit
921 3171 1113 3234 aduersus
1137 3170 1257 3252 spiri·

131 3275 213 3338 tum
248 3276 287 3338 et
320 3272 491 3355 spiritus
526 3272 715 3337 aduersus
744 3289 913 3350 carnem
946 3271 1039 3336 haec
1069 3273 1171 3337 enirn
1202 3273 1260 3340 in·

233 3494 406 3561 rama
509 3492 722 3563 oman
825 3492 1030 3559 aman

182 3699 196 3751 1
215 3699 324 3768 seruire]
343 3698 472 3753 seruilec
559 3698 638 3768 nolit]
658 3697 747 3752 noluit
766 3697 820 3754 G¹n
910 3697 1046 3767 apoliote
1065 3699 1090 3766 (e
1106 3698 1140 3752 iar
1156 3699 1168 3753 i
1185 3713 1260 3756 corr.

128 3782 252 3851 m.2)G
346 3784 593 3840 luaturabiliterc
687 3783 905 3839 8intollorabilie
920 3783 956 3840 θ’
1051 3785 1161 3840 omnino
1176 3784 1261 3843 0³1⁷:

129 3869 320 3925 enimomniuo
335 3871 390 3926 G‘o
467 3872 601 3942 lamella]
615 3872 711 3926 malac
730 3871 807 3926 malli
821 3870 858 3927 6¹
936 3872 969 3925 16
981 3871 1188 3929 cellerirnan

129 3955 163 4008 19
174 3954 251 4022 quasi
265 3955 331 4010 PV:
354 3971 404 4011 om.
419 3957 463 4012 (lv
546 3957 579 4012 21
592 3957 716 4012 libidines
729 3958 754 4027 (e
766 3958 905 4014 enioorr.
916 3974 950 4011 m.
963 3956 1036 4024 Μ
1124 3958 1160 4013 22
1178 3962 1261 4015 uten-

128 4041 166 4095 tia
186 4040 242 4096 G¹c
327 4042 510 4097 inclinationis
528 4044 563 4098 V:
590 4043 776 4101 inclinationes
796 4044 878 4100 G¹Pn
904 4043 1084 4098 inclinatioris
1103 4042 1144 4099 θ’
1170 4047 1199 4099 et
1216 4047 1261 4100 in·

128 4127 319 4184 abactionem
409 4128 482 4183 anet
497 4128 600 4186 0¹PV:
626 4131 672 4186 aed
686 4131 741 4187 G’o
831 4130 990 4185 ualitudinis
1005 4129 1060 4185 G’o
1085 4129 1260 4188 ualetudines

130 4213 169 4269 θ’
260 4212 294 4269 26
311 4213 432 4269 inimico·
451 4217 475 4281 (s
491 4216 604 4284 raab&
694 4232 757 4271 suo·
775 4219 798 4285 [s
815 4216 928 4284 rasili
1017 4231 1127 4285 corpora
1147 4217 1187 4274 θ’
