2760 4814
227 565 289 629 89⁴2
711 556 876 625 Bucinnii

226 770 299 816 sane
322 751 360 814 ad
383 749 610 815 beatitudinem
639 749 870 830 sempiternam,
901 748 933 811 in
956 766 1017 828 qua
1040 746 1132 813 nulla
1156 750 1252 813 amnt
1271 766 1346 815 ouen

227 856 342 932 nostra,
366 872 443 935 quae
465 852 598 916 inuicem
617 854 740 933 portare
763 851 934 916 iubeamur.
958 869 1041 915 nunc
1059 868 1146 929 ucro,
1164 852 1283 916 cumin
1303 852 1345 917 bac

227 960 302 1035 uita,
335 957 365 1020 id
395 957 442 1020 est
465 956 496 1020 in
520 955 579 1020 hac
602 955 654 1019 uia
677 973 796 1035 sumus,
820 972 913 1018 onera
934 954 1042 1017 nostra
1065 956 1245 1037 portemus,
1267 957 1300 1019 ut
1316 953 1346 1020 al

227 1080 296 1127 eam
319 1061 429 1137 uit-am,
453 1077 531 1141 quae
564 1060 647 1123 caret
675 1058 760 1122 omni
782 1077 882 1135 onere,
904 1058 1133 1141 perueniamus.
1173 1058 1346 1123 sicutenim

226 1168 264 1230 ile
280 1165 379 1229 cernis
403 1164 544 1229 nonnulli
566 1163 678 1227 talium
696 1161 907 1245 cognitionum
923 1159 1051 1225 studiosi
1068 1161 1274 1244 scripserunt,
1289 1178 1362 1226 cnni

228 1266 343 1332 fretum
365 1270 403 1331 ad
426 1267 544 1331 insulas
567 1266 731 1330 transeunt
749 1281 931 1347 pascuorum
947 1262 1059 1344 gratia,
1085 1263 1131 1327 sic
1156 1282 1192 1329 se
1208 1265 1344 1339 ordinant

226 1371 262 1434 ut
292 1387 384 1433 onera
413 1370 552 1451 capitum
575 1386 709 1445 suorum,
734 1385 812 1450 qrrae
834 1368 959 1449 gestant
981 1367 1013 1429 in
1037 1366 1195 1447 cornibus,
1220 1370 1344 1451 superin-

226 1473 328 1538 uicem
356 1476 489 1554 portent,
518 1473 565 1536 ita
588 1473 623 1536 ut
646 1470 797 1553 posterior
820 1489 912 1551 super
935 1470 1120 1533 anteriorem
1143 1472 1268 1537 ceruice
1287 1488 1342 1555 pre

229 1576 306 1640 iecta
329 1578 422 1657 caput
444 1575 582 1654 collocet,
612 1579 643 1638 et
666 1574 740 1655 quia
763 1591 885 1638 necesse
902 1576 949 1636 est
964 1590 1061 1636 unum
1078 1591 1156 1654 asse,
1175 1577 1229 1656 qui
1245 1582 1342 1640 cetera

225 1677 407 1760 praecedens
444 1694 505 1740 non
538 1678 610 1742 anto
644 1694 677 1740 se
706 1676 819 1741 habeat
854 1677 903 1739 cui
932 1680 1027 1756 caput
1060 1674 1209 1755 inclinet,
1238 1676 1361 1743 nicibnso

226 1780 371 1845 <licuntur
400 1780 432 1843 id
455 1798 556 1862 agere,
579 1784 614 1843 ut
637 1780 770 1845 lassatus
793 1780 842 1843 sui
864 1779 975 1861 capitis
998 1796 1090 1842 onere
1113 1779 1172 1844 ille
1194 1780 1249 1863 qui
1269 1799 1341 1863 prac-

226 1883 310 1949 cedit
338 1888 408 1965 post
438 1902 542 1947 omnes
572 1884 679 1948 redeat
703 1888 735 1947 et
766 1884 794 1946 ei
822 1882 965 1947 succedat
994 1882 1083 1945 cuius
1107 1882 1232 1948 ferebat
1254 1884 1341 1966 caput

224 2004 298 2051 cum
327 1987 394 2069 ipse
423 1986 571 2068 praeiret:
607 1988 653 2051 ita
682 1987 816 2051 inuicem
845 2004 938 2051 onera
969 2004 1025 2051 sua
1054 1988 1220 2067 portantes
1242 1988 1341 2052 fretun

225 2092 396 2172 transeunt,
426 2090 522 2155 donoc
552 2091 682 2155 ueniant
710 2090 749 2154 au
778 2091 878 2154 terrae
908 2088 1128 2153 stabilitatem.
1175 2092 1270 2155 istam
1289 2106 1341 2153 cor·

227 2210 337 2256 uorum
360 2194 506 2257 naturam
525 2194 658 2258 fortasse
681 2193 852 2257 intenderit
868 2191 1023 2268 Salomon,
1040 2210 1112 2256 cum
1129 2192 1194 2257 ait:
1218 2208 1361 2257 cernuus

227 2294 433 2360 amicitiae
457 2300 493 2360 et
515 2297 647 2378 pullus
671 2296 895 2378 gratiarum
918 2300 1070 2359 tuarum
1095 2296 1341 2378 colloquatur

225 2402 361 2461 tecum.
401 2398 481 2464 nihil
503 2402 587 2465 enim
610 2402 654 2464 sic
675 2400 786 2483 probat
811 2400 945 2463 amicum
969 2400 1236 2481 quemadmodum
1258 2398 1340 2464 oneris

225 2502 317 2566 amici
339 2502 482 2584 portatio.

266 2618 331 2683 Nec
354 2625 458 2685 tamen
482 2621 616 2685 inuicem
639 2626 832 2704 portaremus
855 2641 946 2687 onera
969 2625 1085 2699 nostra,
1108 2622 1136 2686 si
1159 2640 1258 2687 unum
1273 2639 1339 2685 tem·

225 2740 282 2804 pus
313 2728 394 2787 esset
416 2723 609 2789 infirmitatis
632 2725 805 2803 amborum,
832 2727 882 2808 qui
907 2743 999 2789 onera
1020 2741 1078 2788 sua
1100 2725 1266 2807 sustinent,
1296 2720 1360 2787 ants

226 2843 322 2888 unum
338 2825 532 2891 infirmitatis
548 2846 663 2910 genus;
688 2829 740 2893 sed
757 2829 882 2892 diuersa
896 2830 1037 2908 tempora
1055 2830 1086 2891 et
1103 2827 1229 2893 diuersa
1243 2840 1339 2911 genere

225 2924 418 2991 infirmitatis
442 2928 570 3005 faciunt,
594 2932 631 2995 ut
653 2949 746 2995 onera
762 2933 867 2995 nostra
881 2930 1017 2994 inuicem
1032 2933 1159 3012 portare
1186 2930 1337 2995 ualeamus

223 3029 313 3095 uerbi
335 3032 446 3113 gratia,
470 3033 551 3097 iram
574 3033 681 3099 fratris
704 3037 779 3098 tunc
800 3035 949 3115 portabis,
973 3051 1045 3098 cnm
1067 3037 1102 3097 tu
1119 3034 1266 3098 aduersus
1280 3046 1337 3096 cun

222 3151 285 3197 non
308 3135 456 3212 irasceris
481 3139 517 3199 ut
532 3154 656 3200 rursum
671 3156 705 3203 eo
722 3141 869 3220 tompore,
887 3156 946 3219 quo
962 3140 993 3201 te
1009 3137 1056 3201 ira
1071 3131 1335 3219 praeoccupabant

223 3236 277 3301 ille
307 3241 337 3302 tc
360 3239 490 3302 lenitate
513 3243 544 3304 et
568 3240 797 3322 tranquillitate
819 3241 990 3322 supportet.
1034 3238 1094 3304 hoc
1117 3240 1288 3323 exemplum
1305 3230 1357 3298 sla

222 3340 255 3404 id
283 3341 427 3424 pertinet,
461 3362 533 3407 cum
565 3342 690 3407 diuersa
717 3347 792 3407 sunt
820 3360 913 3408 onera
940 3342 1136 3424 portantium
1166 3361 1258 3408 onera
1280 3354 1333 3409 sut

224 3444 368 3525 quamuis
390 3443 459 3526 ipsa
481 3444 599 3508 nonsit
621 3443 802 3526 infirmitas,
825 3445 859 3508 in
882 3443 1034 3508 ambobus
1055 3445 1140 3508 anim
1162 3443 1202 3506 ab
1217 3441 1333 3506 inuicem

224 3547 270 3610 ira
292 3547 444 3627 portatm·.
481 3547 521 3611 ad
544 3546 703 3611 diuersum
727 3549 832 3611 autem
861 3545 1053 3611 infirmitatis
1077 3565 1175 3630 genus
1198 3544 1279 3611 aliut
1295 3556 1332 3605 er·

223 3650 361 3732 emplum
378 3648 548 3713 uidendum
564 3654 627 3725 est3
652 3648 752 3714 ueluti
767 3649 795 3713 si
811 3649 880 3732 quis
896 3651 927 3714 in
943 3667 977 3714 se
1000 3650 1222 3732 loquacitatem
1242 3642 1333 3713 uicerit-

325 3861 342 3914 5
359 3862 394 3915 cf.
414 3861 484 3915 Plin.
503 3878 529 3915 n.
547 3862 574 3916 h.
592 3863 617 3928 8,
635 3862 678 3929 32,
697 3863 747 3917 114
852 3863 884 3917 15
901 3862 980 3916 Pron.
997 3862 1022 3928 b,
1042 3862 1074 3915 19

275 4056 291 4107 5
315 4054 434 4107 studiosa
458 4056 486 4110 P
586 4059 602 4111 6
626 4057 727 4112 insulas
746 4057 824 4111 P'V:
853 4058 971 4113 insulam
995 4058 1032 4112 P¹
1138 4074 1291 4128 pascuorum
1306 4054 1335 4110 6¹

225 4139 290 4194 PV:
321 4156 478 4207 pascuarum
499 4141 537 4197 θ’
641 4144 792 4213 ‘lcapitum
813 4142 880 4198 GP:
910 4145 1032 4213 papitum
1055 4143 1082 4196 V
1181 4147 1199 4200 8
1223 4146 1337 4201 ceruicem

224 4225 297 4281 G¹P¹
394 4226 411 4279 9
429 4243 485 4282 esse
501 4229 537 4284 V:
564 4245 668 4285 peccem
680 4234 770 4297 (eros.)
789 4232 818 4285 P
915 4231 947 4285 15
965 4229 1113 4285 intenderit
1132 4230 1239 4287 G¹PV2
1265 4236 1340 4287 inteu-

222 4311 297 4366 derat
322 4312 360 4368 θ’
461 4314 497 4367 20
520 4317 635 4370 sustirmt
659 4317 686 4373 P
788 4316 823 4371 23
845 4317 986 4372 aduersum
1010 4317 1038 4371 P
1141 4318 1178 4374 25
1194 4322 1224 4373 te
1242 4319 1343 4373 laniate

226 4397 262 4451 V:
281 4398 313 4452 de
325 4399 438 4453 lenitate
451 4400 478 4454 P
568 4401 602 4457 26
614 4403 677 4456 sunt
688 4418 767 4457 onera
779 4403 858 4459 P’V:
876 4419 956 4458 onera
967 4404 1024 4457 sint
1037 4402 1064 4459 G
1077 4406 1123 4457 snt
1136 4410 1197 4471 (coa
1211 4412 1304 4472 onera)
1314 4402 1344 4458 1²¹

222 4488 450 4555 srrnttemporac
541 4490 718 4561 portantium]
732 4506 783 4546 oon.
797 4490 834 4544 Ρ1
927 4490 961 4545 28
972 4494 1062 4545 summ
1076 4490 1143 4546 GP:
1171 4492 1247 4547 anim
1265 4492 1292 4548 V
