2760 4814
279 319 444 389 Excerpta
462 336 498 373 ex
516 336 586 390 opp.
604 319 631 376 S.
649 322 839 389 Augustini
863 321 1058 381 cctxxrffll.
1169 323 1232 390 909

97 508 243 589 uiuoor“,
266 510 330 575 iam
345 511 471 592 quidem
487 511 525 576 de
544 509 720 595 ignorantia
739 530 800 575 non
823 512 918 577 habet
934 512 1161 578 exeusationem
1176 532 1232 579 nec

96 614 194 680 deum
218 618 364 681 causatur
386 616 417 679 iu
441 618 531 680 eorde
554 634 620 691 suo,
645 616 698 681 sed
720 617 839 681 malum
861 635 954 680 sunm
976 616 1010 681 in
1030 634 1062 680 se
1074 617 1232 699 cognoscit

96 722 131 781 et
155 717 250 783 dolet.
285 718 334 782 oui
349 720 456 782 tamen
472 718 587 783 dicitur
603 718 641 783 ab
658 718 814 802 apostolo:
837 719 919 783 noli
942 719 1051 785 uinci
1070 738 1089 785 a
1111 718 1228 797 malo,

95 821 166 885 sed
195 822 309 886 uinco
338 822 381 886 in
410 820 511 886 bono
537 824 689 887 malum.
730 826 762 887 et
785 822 894 904 utique
918 822 968 887 oui
991 821 1125 887 dieitur:
1148 822 1230 886 noli

96 924 229 1001 uinei,
252 923 420 989 arbitrium
443 923 509 989 sine
532 925 626 989 dubio
649 926 820 991 uoluntatis
843 924 910 990 eius
926 927 1118 990 oonueuitur.
1148 925 1229 990 uelle

95 1028 183 1093 enim
205 1032 238 1092 et
260 1028 343 1093 nolle
364 1029 506 1111 proprias
530 1028 706 1094 uoluntatis
730 1033 786 1093 est.

140 1148 202 1214 Sed
230 1150 431 1213 metuendum
464 1152 520 1224 est,
557 1170 595 1213 ne
628 1150 690 1214 ista
724 1151 827 1214 omnia
855 1150 962 1215 diuina
989 1151 1168 1215 testimonia
1196 1154 1228 1216 et

95 1270 311 1335 quaecumque
344 1253 407 1317 alia
440 1256 529 1325 sunt,
560 1270 638 1335 qnae
668 1254 736 1317 sine
765 1253 958 1318 dubitatione
981 1257 1055 1318 sunt
1082 1252 1226 1335 plurima,

94 1357 129 1419 in
181 1353 357 1419 defensione
402 1354 524 1421 arbitrii
568 1356 612 1419 sie
666 1354 902 1440 intellegantur,
954 1360 990 1421 ut
1036 1358 1075 1421 ad
1126 1356 1226 1420 uitam

92 1457 181 1540 piam
211 1462 243 1522 et
264 1458 375 1524 bonam
397 1460 673 1537 conuersationem,
708 1461 758 1523 eui
780 1477 898 1524 meroes
930 1461 1057 1524 aeterna
1088 1460 1226 1537 debetur,

94 1562 250 1627 adiutorio
287 1566 318 1627 st
355 1564 475 1647 gratiae
512 1563 562 1627 dei
598 1564 684 1628 loeus
722 1580 784 1627 non
821 1564 1013 1645 relinquatur
1046 1568 1078 1628 et
1112 1563 1226 1628 audeat

93 1666 190 1730 miser
220 1666 321 1743 homo,
356 1666 477 1748 quando
507 1667 585 1731 bene
607 1666 689 1730 uiuit
710 1667 743 1730 et
764 1668 841 1731 bene
864 1668 1019 1748 operatur,
1047 1667 1098 1731 uel
1120 1668 1224 1749 potius

92 1768 172 1834 bene
204 1769 311 1833 uiuere
346 1774 378 1833 et
409 1768 488 1833 bens
522 1769 642 1851 operari
670 1769 732 1833 sibi
761 1769 894 1845 uidetur,
929 1770 962 1834 in
990 1789 1023 1835 se
1051 1770 1129 1852 ipso,
1162 1788 1224 1835 non

92 1871 127 1935 in
154 1870 281 1936 domino
312 1872 438 1954 gloriari
461 1874 494 1936 st
515 1891 602 1955 spem
625 1873 708 1937 recte
730 1872 857 1937 uiuendi
880 1874 912 1939 in
944 1892 977 1938 ee
1009 1875 1073 1956 ipso
1100 1891 1223 1955 ponere,

92 1976 129 2039 nt
159 1976 309 2056 sequatur
342 1993 411 2040 eum
446 1975 650 2040 maledictum
673 1974 849 2039 Hieremiae
877 1977 1044 2059 prophetae
1074 1975 1221 2042 dicentis:

90 2078 331 2142 maledictus
364 2079 489 2157 homo,
526 2078 592 2162 qui
625 2098 729 2160 spem
761 2077 875 2143 habet
908 2080 945 2143 in
980 2078 1147 2157 homine,
1185 2083 1223 2145 et

91 2180 230 2245 firmat
257 2200 414 2248 earnem
443 2182 623 2248 bracchii
647 2182 721 2259 sui,
755 2186 793 2246 et
815 2201 834 2246 a
855 2182 1009 2247 domino
1043 2182 1223 2247 discedit

90 2300 156 2348 eor
191 2283 284 2349 eius.
328 2285 512 2371 intellegite,
547 2287 670 2367 iratres,
703 2286 760 2351 hoo
795 2286 1009 2370 propheticum
1043 2287 1220 2351 testimoni-

90 2404 154 2450 um.
193 2386 268 2471 qnia
300 2390 385 2453 enim
419 2408 481 2454 non
503 2390 581 2456 dixit
602 2390 768 2473 propheta:
802 2389 1006 2474 „maledictus
1033 2389 1135 2469 homo,
1166 2390 1219 2472 qui

89 2507 180 2573 spem
203 2490 298 2555 habet
319 2492 353 2556 in
374 2496 471 2557 semet
493 2490 591 2574 ipeo“‚
615 2494 721 2573 posset
746 2492 840 2557 alieni
870 2490 972 2557 uideri
1001 2493 1070 2558 ideo
1100 2492 1221 2558 dietum

90 2610 170 2658 esse:
186 2594 426 2660 maledictus
444 2595 563 2673 homo,
583 2596 648 2677 qui
667 2614 774 2676 spem
795 2594 913 2661 habet
935 2595 974 2659 in
997 2596 1163 2675 homine,
1183 2599 1220 2661 ut

90 2713 181 2761 nemo
203 2696 317 2762 habeat
339 2698 480 2780 spemin
503 2697 601 2762 altero
624 2697 759 2781 homine,
782 2696 836 2762 sed
851 2698 885 2762 in
900 2717 943 2763 se.
976 2704 1011 2763 ut
1026 2718 1098 2782 ergo
1114 2702 1218 2764 osten-

90 2799 178 2865 deret
205 2800 252 2865 sio
273 2819 305 2866 se
331 2801 531 2867 admonuisse
558 2803 726 2881 neminem,
756 2806 791 2866 ut
814 2821 869 2867 neo
891 2802 922 2866 in
948 2820 980 2868 se
1003 2804 1068 2885 ipso
1090 2804 1218 2869 haberet

90 2920 186 2985 spem,
202 2905 376 2987 propterea,
392 2924 462 2970 eum
477 2904 622 2970 dixisset:
638 2904 876 2970 maledictus
893 2905 1012 2982 horno,
1030 2907 1095 2988 qui
1111 2925 1215 2989 spem

89 3004 209 3071 habet
231 3006 267 3071 in
289 3007 456 3087 homine,
479 3025 550 3072 mox
573 3007 708 3073 addidit:
725 3008 763 3072 et
784 3009 924 3075 firmat
940 3027 1094 3074 carnem
1109 3009 1214 3075 brae·

87 3107 168 3173 ehii
190 3109 262 3174 sui.
299 3111 480 3176 bracehium
501 3128 555 3193 pro
578 3109 717 3192 potentia
732 3112 838 3193 posuit
853 3113 1015 3193 operandi:
1040 3111 1214 3176 innomine

87 3212 193 3277 auum
223 3213 325 3279 earnis
352 3213 563 3298 intellegenda
590 3215 638 3278 est
665 3214 801 3279 humana
827 3214 993 3296 fragilitas.
1022 3233 1058 3279 ao
1079 3233 1134 3298 per
1156 3215 1215 3280 hoo

87 3312 229 3380 firmat
251 3332 405 3381 earnem
427 3315 607 3381 bracchii
629 3319 688 3382 sui
717 3316 771 3400 qui
792 3316 966 3399 potentiam
990 3318 1135 3400 fragilem
1165 3322 1214 3382 at·
1275 3366 1282 3381 .

188 3534 205 3587 3
223 3533 298 3588 Rom.
317 3538 358 3601 12,
375 3535 407 3588 21
514 3536 546 3590 16
563 3536 637 3590 Hier.
656 3537 697 3600 17,
714 3538 732 3591 5

135 3737 263 3791 luinear
281 3738 309 3793 P
409 3740 463 3793 iam
483 3740 563 3796 P'V:
590 3742 631 3795 ita
649 3741 686 3795 P¹
790 3742 923 3796 3dioitur
941 3741 977 3796 V:
1005 3743 1073 3797 dicit
1095 3744 1145 3799 Gr

87 3823 249 3893 stapostolo
260 3824 295 3879 V:
307 3825 446 3895 apostolus
457 3826 512 3881 GP
570 3827 702 3881 tlarbitrii
713 3827 750 3883 V:
762 3827 842 3882 liberi
851 3826 958 3882 arbitrii
970 3829 1035 3884 GP‘
1099 3830 1131 3884 10
1139 3830 1213 3900 piam

87 3908 152 3964 GP:
182 3925 234 3965 ora.
255 3909 282 3964 V
383 3911 416 3965 11
434 3912 540 3981 audeat]
561 3919 584 3978 (e
602 3915 634 3967 ia
650 3914 660 3967 i
678 3930 749 3969 corr.
766 3930 801 3968 m.
819 3918 846 3981 1)
865 3916 893 3969 P
995 3916 1028 3969 14
1045 3916 1153 3973 domiuo
1177 3917 1213 3973 V:

87 3992 131 4049 leo
153 3994 184 4050 P
283 3996 343 4065 ipso
369 3996 434 4052 GP:
464 3998 553 4066 ipsum
576 3996 602 4053 V
704 4001 735 4054 17
760 3999 864 4054 brachii
883 4001 964 4057 GPV
1064 4002 1100 4057 20
1122 4009 1214 4073 posset

87 4080 161 4135 P'V:
187 4081 276 4150 possit
292 4082 330 4137 1³¹
422 4082 457 4136 22
473 4083 574 4139 lrabeat
591 4101 664 4154 spem
683 4086 750 4142 PV:
777 4102 850 4155 spem
869 4087 1013 4145 habestdi
1104 4091 1138 4145 23
1155 4108 1211 4146 am·

87 4166 220 4222 monuisse
247 4166 312 4223 GP:
343 4167 398 4222 iam
422 4170 557 4223 monuisse
579 4169 605 4224 V
706 4172 839 4227 neminem
863 4172 898 4227 V:
928 4174 1065 4229 bominem
1090 4177 1145 4232 GP

87 4250 179 4307 nabere
200 4252 228 4307 V
326 4252 360 4308 25
379 4256 416 4322 (et
433 4255 478 4322 28)
498 4254 598 4311 brachii
618 4257 674 4313 GP
774 4257 808 4312 26
826 4258 963 4313 brachium
986 4260 1039 4315 θΡ
