2760 4814
196 108 262 175 490
381 166 384 171 ,
680 106 845 176 Eugippii

197 298 341 381 argento,
372 297 410 362 de
432 295 620 362 carbonibus
641 297 746 373 etiarn,
778 295 860 378 qnod
882 296 1071 361 accendente
1092 297 1165 379 igne
1185 294 1232 362 sio
1254 315 1326 363 uer·

198 402 305 465 tantur
338 399 372 463 in
402 398 602 479 contrarium,
636 400 672 464 ut
701 398 738 465 de
766 398 864 483 lignis
887 398 1104 481 pulcherrimis
1126 398 1231 477 taetri,
1261 399 1327 465 fra·

197 501 276 587 giles
299 502 338 567 de
360 501 454 581 duris,
478 501 688 584 imputribiles
712 502 750 568 de
771 502 975 585 putribilibus
996 501 1085 579 fiant

623 673 728 721 INTER
754 672 896 722 CE‘TERA.

239 777 343 843 Etiam
367 778 435 860 ipsa
456 760 555 861 posui,
580 776 727 859 quoniam
754 774 835 859 apud
862 795 967 841 eorum
986 762 1095 842 contra
1110 794 1186 859 qnos
1202 777 1362 861 agimus:

196 879 360 946 historicos
383 878 456 964 legi,
486 882 522 944 ut
550 872 744 967 ostenderem
769 879 875 962 qualia
896 877 997 943 multa
1020 878 1175 963 multique
1196 877 1326 944 illorum

196 982 286 1049 nulla
316 983 439 1049 reddita
467 982 588 1048 ratione
618 981 651 1046 in
681 1000 807 1049 suorum
837 980 1050 1047 litteratorum
1072 981 1188 1065 scripta
1210 980 1328 1048 litteris

197 1086 335 1164 credant,
360 1084 413 1169 qui
429 1085 518 1150 nobis
534 1085 663 1163 credere,
686 1085 856 1169 quandoid
882 1088 962 1167 quod
979 1103 1085 1153 eorum
1102 1072 1328 1173 experientiam

195 1206 384 1271 sensumque
423 1187 650 1272 transgreditur
690 1189 936 1270 omnipotentem
958 1186 1061 1279 deum
1094 1186 1228 1256 dicimus
1259 1206 1328 1254 esse

197 1292 365 1373 iacturum,
388 1308 444 1355 neo
465 1288 588 1355 reddita
609 1289 730 1358 rationo
753 1291 930 1377 dignantur.
965 1309 1038 1357 narn
1061 1308 1139 1375 quae
1160 1288 1273 1377 melior
1295 1292 1365 1356 etro

196 1392 332 1458 ualidior
353 1392 435 1458 ratio
457 1395 495 1458 de
517 1393 608 1458 rebus
624 1394 742 1459 talibus
757 1380 906 1472 redditur,
933 1411 1026 1477 quarn
1042 1412 1113 1459 oum
1129 1392 1327 1476 omnipotens

197 1514 233 1560 ea
255 1512 343 1578 posse
366 1495 466 1561 faeere
488 1494 667 1578 perhibetur
690 1497 722 1560 et
744 1496 885 1560 facturus
912 1494 1037 1580 dieitur,
1068 1506 1146 1579 quae
1168 1512 1327 1579 praenun-

195 1596 290 1662 tiasse
319 1598 363 1665 ibi
392 1599 519 1684 legitur,
550 1599 604 1666 nbi
634 1599 697 1665 alia
722 1600 822 1665 multa
843 1596 1086 1680 praenuntiabit,
1117 1615 1195 1681 quas
1218 1590 1328 1664 iecisse

197 1703 413 1767 monstratur?
446 1702 513 1785 ipse
539 1704 651 1786 quippe
679 1702 780 1778 faciet,
812 1700 885 1783 qnia
906 1721 939 1766 se
961 1701 1116 1766 iacturum
1144 1698 1212 1783 ipso
1235 1692 1328 1785 prae-

195 1802 275 1869 dixit
304 1823 381 1888 quae
408 1802 616 1887 impossibilia
638 1806 797 1887 putantur,
822 1802 875 1886 qui
897 1802 1041 1886 promisit
1064 1801 1203 1887 etfacit,
1226 1804 1264 1869 ut
1286 1803 1358 1868 aba

195 1906 364 1973 incredulis
386 1908 532 1992 gentibus
554 1906 750 1973 incredibilia
772 1907 978 1972 crederentur.

239 2008 271 2076 Si
287 2012 391 2076 autem
406 2010 594 2093 respondent
607 2010 768 2094 propterea
780 2028 812 2074 se
825 2028 884 2074 non
895 2009 1017 2075 credere
1026 2027 1108 2101 ⁴quae
1123 2008 1162 2073 de
1176 2006 1324 2075 humanis

195 2130 317 2195 semper
331 2111 446 2177 arsuris
462 2130 517 2177 neo
540 2130 686 2195 umquam
708 2112 867 2179 morituris
884 2113 1061 2197 corporibus
1083 2109 1229 2188 dicimus,
1252 2111 1326 2195 quia

195 2215 401 2281 humanorum
417 2232 577 2298 corporum
600 2216 742 2280 naturam
762 2217 907 2280 nouimus
922 2215 1014 2301 longe
1029 2214 1118 2280 aliter
1134 2212 1323 2297 institutam,

195 2319 276 2383 unde
295 2330 351 2383 neo
372 2317 428 2383 iila
447 2317 526 2382 ratio
548 2316 602 2382 hio
616 2317 705 2383 reddi
720 2318 831 2399 potest,
854 2336 933 2401 quae
949 2319 987 2382 de
1008 2316 1075 2382 illis
1091 2314 1211 2382 naturis
1227 2315 1359 2383 mira-:e

195 2420 311 2486 bilibus
333 2419 530 2503 reddebatur,
552 2419 589 2484 ut
611 2419 671 2485 dici
695 2420 810 2501 possit:
843 2421 910 2500 ,uis
941 2419 1002 2485 ista
1023 2418 1176 2484 naturalis
1198 2422 1257 2496 est,
1279 2419 1325 2484 rei

196 2512 289 2588 huius
311 2526 374 2588 ista
396 2526 506 2587 nature
528 2523 605 2601 est,“
628 2525 775 2605 quoniam
802 2523 919 2589 scimus
941 2522 1095 2587 hnmanae
1110 2521 1212 2586 earnis
1229 2521 1325 2586 istam

195 2644 256 2691 non
272 2644 339 2691 esse
352 2628 513 2691 naturam:
528 2624 677 2691 habemus
694 2628 798 2691 antem
811 2626 886 2709 quid
902 2624 1139 2708 respondeamus
1154 2622 1192 2690 de
1207 2624 1325 2691 litteris

195 2729 301 2809 sacris,
323 2728 406 2794 hane
426 2728 528 2812 ipsam
551 2727 670 2793 scilieet
691 2727 863 2793 humanam
887 2745 1011 2792 carnem
1027 2723 1127 2792 aliter
1140 2725 1325 2792 institutam

196 2832 291 2898 fuisse
313 2834 386 2899 ante
408 2831 580 2915 peccatum,
602 2829 700 2896 idest
721 2830 759 2896 nt
779 2832 884 2914 posset
902 2848 1072 2915 numquam
1094 2828 1215 2913 perpeti
1237 2845 1361 2899 mor-:e

195 2939 271 3021 tem,
294 2936 386 3002 aliter
415 2936 622 3045 autemffipost
648 2934 822 3016 peccatum,
857 2933 957 3016 qualis
979 2932 1012 2997 in
1034 2933 1206 2999 baerumna
1229 2932 1324 2998 huius

195 3038 401 3106 mortalitatis
429 3036 586 3118 innomo,
607 3040 645 3102 ut
674 3042 832 3122 perpetem
862 3038 961 3102 uitam
991 3040 1097 3103 tenere
1126 3055 1188 3101 non
1211 3035 1323 3121 possit.

194 3141 239 3208 sie
271 3161 343 3226 ergo
376 3141 478 3220 aliter,
511 3158 606 3225 quam
635 3138 724 3207 nobis
756 3141 830 3207 nota
853 3140 910 3218 est,
944 3140 1129 3206 instituetur
1158 3140 1193 3205 in
1219 3155 1324 3206 resur·

195 3245 331 3309 rectione
353 3245 556 3311 mortuorum.

233 3429 260 3498 ,1
280 3432 378 3499 agento
397 3428 423 3482 T
515 3427 655 3483 accedente
674 3427 700 3482 T
794 3428 811 3482 3
828 3426 981 3498 putribilib.
1001 3425 1029 3490 (b
1047 3427 1139 3481 altero
1155 3442 1189 3481 aa
1206 3443 1235 3483 rn
1251 3442 1324 3482 corr.

193 3506 267 3583 aar)
289 3512 317 3566 V
399 3512 775 3582 linteroetera10m.PTo
861 3512 979 3567 betiam
997 3512 1071 3567 MV:
1098 3512 1144 3569 sed
1162 3512 1222 3567 ideo
1240 3512 1325 3569 etiem

195 3598 265 3655 PTa
351 3598 520 3654 dbistorioos
533 3598 597 3654 TV:
616 3599 751 3653 istoriaec
833 3598 867 3653 10
878 3598 1065 3667 dignenturT
1144 3598 1177 3653 14
1188 3597 1327 3655 lecturum

198 3683 251 3740 Vo:
278 3678 400 3749 futurum
425 3687 450 3741 T
550 3686 607 3753 ipse
627 3682 664 3738 V:
693 3696 749 3738 esse
766 3683 836 3739 PTo
940 3685 974 3738 lb
991 3699 1059 3753 quae
1080 3684 1116 3740 V:
1147 3683 1193 3753 qni
1213 3684 1254 3741 Tc

195 3771 228 3826 16
254 3770 400 3827 ineruditi:
426 3771 453 3825 V
552 3770 587 3825 ab
612 3769 662 3825 illa
691 3769 755 3825 TV:
783 3771 840 3824 ulla
865 3786 882 3825 v
985 3769 1029 3824 bie
1058 3769 1121 3827 TV:
1151 3768 1214 3825 hinc
1237 3789 1254 3826 o

194 3858 229 3912 23
246 3861 335 3914 anton
357 3857 395 3913 V:
421 3859 529 3928 quidem
549 3858 585 3924 T:
612 3873 663 3913 om.
680 3875 698 3912 c
799 3856 865 3927 quid
886 3856 951 3913 TV:
978 3856 1081 3926 quode
1183 3856 1218 3913 25
1235 3863 1328 3927 posset

194 3961 226 3998 a:
253 3943 339 4014 possit
359 3942 425 4000 TVc
510 3944 545 3998 26
562 3958 687 3997 aerumna
705 3942 744 3999 To
828 3941 862 3996 27
874 3942 1034 4011 perpetimo
1119 3941 1154 3996 28
1171 3942 1249 3997 nobis
1270 3942 1328 4001 Vc:

192 4046 245 4086 om.
264 4030 291 4086 T
390 4032 455 4082 nota
476 4028 512 4084 V:
539 4031 633 4083 notnrn
654 4029 693 4083 Tc
797 4029 1013 4082 resurrectionem
1033 4026 1059 4080 T
