2760 4814
300 295 462 364 Excerpta
480 310 517 348 ex
534 311 602 364 epp.
621 296 647 349 S.
666 295 850 363 Augustini
872 294 998 348 CLXXX.
1149 298 1212 362 611

84 506 125 552 ue
161 491 236 550 tuuc
270 490 392 550 noceret
416 485 448 548 et
469 503 507 549 ne
532 484 663 566 posteris
686 487 723 549 ad
755 484 943 549 imitandum
974 484 1103 549 ualeret.
1141 502 1213 548 cum

84 591 168 656 enim
200 589 331 654 uidisset
361 587 520 670 apestolus
544 587 669 663 Paulus,
704 588 776 670 quia
799 606 859 652 nun
882 589 964 652 recte
995 585 1213 671 ingrediuntur

83 695 122 758 ad
154 691 318 757 ueritatem
349 689 515 773 euangelii,
549 689 628 754 dixit
651 692 743 756 Petro
766 708 867 756 ceram
890 690 1053 756 omnibus:
1087 690 1121 754 si
1151 692 1209 766 tu,

84 815 167 862 cum
198 797 251 860 sis
281 795 466 874 Iudaeus,
496 793 712 875 gentiliter
742 798 780 857 et
801 812 876 857 uon
902 793 1058 859 iudaice
1083 792 1210 869 uiuis,

58 900 272 982 aqucmodo
294 899 432 979 gentes
454 897 561 980 cogis
584 897 815 962 iudaizare?
852 898 884 961 id
907 902 1012 962 autem
1035 896 1116 979 quud
1143 895 1211 977 ipse

84 1004 169 1087 fecit,
193 1004 230 1066 ut
251 1003 402 1085 quasdam
425 1001 656 1066 obseruationes
679 1002 834 1085 legitimas
852 1003 975 1067 Iudaica
988 998 1210 1066 consuetudine

83 1106 244 1172 retinendo
268 1110 300 1170 et
322 1105 439 1190 agendo
461 1125 521 1169 neu
545 1124 577 1169 se
600 1105 760 1169 inimicum
776 1105 854 1188 legis
876 1104 1098 1189 prophetisque
1121 1122 1209 1167 mcu-

82 1213 209 1290 straret,
241 1209 332 1288 absit,
363 1209 400 1272 ut
429 1209 619 1272 mendaciter
642 1227 710 1272 eum
742 1207 852 1272 fecisse
883 1208 1054 1272 credamus.
1094 1208 1212 1272 dehac

82 1312 199 1396 quippe
222 1331 254 1376 re
276 1311 354 1375 satis
378 1315 425 1376 est
448 1310 514 1374 eins
530 1315 604 1375 uota
619 1310 787 1385 sententia,
810 1327 871 1393 qua
885 1309 988 1375 fuerat
1005 1309 1210 1377 constitutum

48 1434 141 1481 senec
174 1413 315 1497 Iudaeos,
351 1413 404 1495 qui
439 1418 512 1477 tuuc
544 1413 576 1477 in
600 1410 761 1477 Christum
792 1412 968 1492 credebaut,
1005 1413 1210 1496 prohibendos

83 1537 152 1584 esse
175 1537 193 1582 a
216 1517 355 1599 paternis
385 1514 607 1581 traditionibus
630 1535 686 1580 nec
707 1515 747 1580 ad
771 1534 822 1580 eas
852 1517 994 1599 gentiles,
1027 1535 1098 1581 cum
1128 1518 1210 1581 chri·

82 1619 180 1685 stiani
202 1618 320 1697 fierent,
345 1637 412 1683 esse
428 1619 589 1701 cogendos,
614 1621 648 1682 ut
664 1617 720 1682 illa
735 1621 940 1702 sacramenta,
964 1638 1042 1702 quae
1058 1619 1210 1685 diuinitus

82 1726 247 1807 praccepta
270 1741 336 1787 esce
359 1724 521 1800 constaret,
552 1740 614 1786 non
644 1724 803 1804 tamquam
831 1721 996 1805 sacrilegia
1028 1722 1210 1806 fugerentur

83 1844 140 1891 uec
175 1834 279 1891 tamen
312 1828 498 1910 putarentur
531 1826 575 1889 sic
607 1823 779 1888 necessaria
813 1825 876 1889 iam
906 1842 985 1889 nouo
1020 1828 1208 1892 testamento

52 1932 232 2006 cieuelatu
276 1933 439 2010 tamquam
472 1928 540 1992 sine
578 1927 624 1990 his
663 1926 850 2009 quicumque
884 1930 1137 1992 connumerentur
1170 1929 1209 1994 ad

83 2035 178 2099 deum
208 2032 288 2097 salui
319 2049 384 2095 esse
412 2049 473 2094 uon
504 2036 637 2111 possent.
676 2032 764 2094 erant
793 2030 877 2093 enim
902 2029 954 2112 qui
977 2030 1035 2096 hoe
1057 2033 1210 2113 putabant

82 2143 176 2219 atque
199 2133 432 2217 praedicabant,
456 2135 599 2216 quamuis
621 2133 684 2198 iam
706 2137 825 2215 recepto
841 2130 958 2198 Christi
983 2135 1154 2218 euangelio,
1178 2142 1210 2200 et

82 2241 127 2305 eis
149 2240 293 2304 simulate
308 2239 526 2302 consenserant
542 2237 654 2302 Petrus
677 2239 709 2300 et
729 2236 888 2301 Barnabas
910 2239 1038 2319 ideoque
1057 2238 1209 2322 cogebant

81 2349 190 2427 gentes
214 2341 379 2406 iudaizare.
410 2342 442 2406 id
465 2342 546 2405 euim
571 2342 638 2404 erat
660 2357 776 2422 cogere,
800 2339 901 2404 sicea
922 2341 1095 2406 necessaria
1117 2359 1208 2423 prae·

50 2444 197 2522 udicare,
232 2447 393 2526 tamquam
416 2445 448 2507 et
469 2447 593 2525 recepto
626 2441 786 2525 euangelio
817 2441 904 2508 nulla
929 2443 996 2507 sine
1029 2443 1093 2508 illis
1122 2442 1207 2508 salus

80 2548 164 2612 esset
198 2547 232 2611 in
254 2545 398 2629 Christ03
431 2546 489 2611 hoc
520 2564 604 2610 error
632 2545 825 2628 quorundam
848 2544 989 2628 putebat,
1023 2545 1081 2612 hcc
1114 2548 1209 2612 timer

82 2649 171 2715 Petri
204 2649 384 2728 simulabat,
414 2651 472 2714 hoc
501 2648 627 2713 libertas
651 2648 739 2714 Pauli
769 2649 984 2731 redarguebat.
1026 2651 1105 2730 quud
1135 2668 1208 2733 argu

81 2754 142 2820 uit:
173 2753 356 2819 omnibus
379 2753 511 2818 omnia
533 2753 661 2817 factus
683 2771 780 2832 sum,
810 2757 851 2817 ut
874 2770 1006 2817 omnes
1029 2751 1130 2818 lucri
1153 2752 1207 2816 fa·

82 2876 228 2934 cerem,
250 2857 464 2940 compatiendo
488 2856 519 2921 id
542 2856 626 2934 fecit,
649 2873 710 2920 nou
733 2856 921 2921 mentiendo.
959 2854 994 2920 fit
1016 2858 1097 2921 enim
1122 2856 1208 2938 quis·

48 2979 140 3043 seque
171 2962 335 3044 tamquam
365 2960 420 3024 ille
449 2960 498 3024 cui
529 2959 597 3024 uult
625 2958 798 3038 subuenire,
830 2958 951 3041 quando
973 2959 1063 3023 tanta
1084 2960 1208 3023 miseri·

81 3064 188 3129 cordia
211 3061 370 3139 subuenit,
394 3064 512 3144 quanta
535 3061 593 3126 sibi
617 3060 776 3126 subueniri
799 3061 905 3138 uellet,
935 3061 961 3125 si
984 3062 1064 3124 esset
1086 3061 1150 3143 ipsa
1173 3062 1206 3126 iu

80 3167 189 3232 eadam
212 3165 337 3231 miseria
359 3165 557 3230 constitutus.
592 3165 698 3246 itaque
720 3162 757 3228 fit
778 3172 941 3245 tamquam
964 3162 1027 3237 ille,
1050 3163 1208 3247 nunquia

80 3269 166 3334 fallit
196 3268 297 3347 illum,
327 3271 379 3332 scd
402 3269 474 3350 quia
496 3286 529 3332 se
551 3266 672 3352 cogitat
693 3267 776 3331 sicut
806 3266 907 3331 illum.
947 3266 1026 3331 uude
1056 3265 1135 3330 illud
1158 3271 1207 3333 est

182 3499 200 3552 3
217 3497 277 3554 (iul.
294 3497 318 3563 2,
338 3499 370 3551 13
380 3513 419 3566 sq.
522 3497 557 3551 23
574 3496 589 3551 Ι
606 3495 665 3551 Cor.
683 3496 708 3562 9,
726 3496 760 3551 22

131 3713 193 3765 lat
210 3710 253 3780 ne]
273 3726 353 3765 nece
438 3710 726 3780 arsurusqom.1>¹s
810 3710 1014 3767 diudsicaeV
1097 3713 1207 3782 5cogis

76 3799 172 3865 geute·
189 3796 233 3851 Pe
326 3796 401 3866 dut]
421 3795 490 3851 uude
508 3796 535 3851 P
629 3797 823 3852 obseruatiouis
841 3797 879 3851 Ρι
973 3798 1109 3868 'lugendo
1127 3799 1206 3865 (endo

75 3884 108 3936 in
125 3898 181 3938 rus.
199 3899 219 3936 c
229 3898 264 3937 ns
277 3884 308 3950 2)
325 3882 354 3936 P
437 3882 505 3952 legis
522 3883 598 3937 libri:
625 3884 678 3953 lagi
696 3899 715 3936 c
805 3882 837 3937 12
855 3884 959 3954 derant]
979 3883 1082 3938 fucriut
1099 3883 1136 3938 P¹

78 3968 111 4024 16
129 3971 219 4023 entant
237 3968 262 4036 (r
279 3975 346 4034 rue.)
365 3968 392 4022 P
495 3969 527 4023 18
545 3971 731 4022 musenseruut
748 3969 776 4022 P
878 3969 911 4022 19
929 3969 1075 4022 eratenim
1094 3969 1136 4024 Pv

77 4053 182 4124 cogere]
199 4053 319 4123 cogitare
337 4053 365 4107 P
465 4053 499 4108 23
516 4055 606 4108 omnis
624 4054 748 4108 omnibus
767 4054 809 4109 Pe
911 4055 946 4109 24
969 4054 1006 4125 id]
1030 4054 1085 4109 iod·
1109 4056 1136 4110 P

76 4140 113 4196 25
135 4138 251 4210 quande]
275 4143 320 4208 qm
344 4139 381 4193 P²
398 4140 430 4194 in
446 4156 500 4195 rae.
604 4139 638 4194 26
661 4139 808 4209 subueniri]
831 4140 973 4194 subuenire
997 4139 1034 4195 Ρ*
1137 4141 1207 4196 uelit

78 4243 95 4280 c
197 4224 232 4280 28
250 4225 327 4281 fallet
345 4225 381 4281 P¹
484 4226 523 4297 se]
542 4242 628 4281 onae
730 4225 809 4296 sicut]
828 4225 1006 4281 secundumn

1044 4328 1101 4382 39·
