<?xml version="1.0" encoding="UTF-8"?>
<!DOCTYPE html PUBLIC "-//W3C//DTD XHTML 1.0 Transitional//EN"
    "http://www.w3.org/TR/xhtml1/DTD/xhtml1-transitional.dtd">
<html xmlns="http://www.w3.org/1999/xhtml" xml:lang="en" lang="en">
 <head>
  <title>
</title>
<meta http-equiv="Content-Type" content="text/html;charset=utf-8" />
  <meta name='ocr-system' content='tesseract 3.04.00' />
  <meta name='ocr-capabilities' content='ocr_page ocr_carea ocr_par ocr_line ocrx_word'/>
</head>
<body>
  <div class='ocr_page' id='page_1' title='image "./evgippiiexcerpt00kngoog/evgippiiexcerpt00kngoog_0676.png"; bbox 0 0 2760 4814; ppageno 0'>
   <div class='ocr_carea' id='block_1_1' title="bbox 212 325 1186 403">
    <p class='ocr_par' dir='ltr' id='par_1_1' title="bbox 212 325 1186 403">
     <span class='ocr_line' id='line_1_1' title="bbox 212 325 1186 403; baseline -0.007 -15"><span class='ocrx_word' id='word_1_1' title='bbox 212 335 372 402; x_wconf 85' lang='lat' dir='ltr'>Excerptn</span> <span class='ocrx_word' id='word_1_2' title='bbox 389 349 425 387; x_wconf 86' lang='lat' dir='ltr'>ex</span> <span class='ocrx_word' id='word_1_3' title='bbox 442 349 509 403; x_wconf 87' lang='lat' dir='ltr'>opp.</span> <span class='ocrx_word' id='word_1_4' title='bbox 528 333 552 386; x_wconf 85' lang='lat' dir='ltr'>S.</span> <span class='ocrx_word' id='word_1_5' title='bbox 571 329 759 398; x_wconf 70' lang='lat' dir='ltr'>Augustini</span> <span class='ocrx_word' id='word_1_6' title='bbox 783 327 919 385; x_wconf 81' lang='lat' dir='ltr'>cxcml.</span> <span class='ocrx_word' id='word_1_7' title='bbox 937 325 1039 383; x_wconf 82' lang='lat' dir='ltr'>CXCV.</span> <span class='ocrx_word' id='word_1_8' title='bbox 1123 326 1186 393; x_wconf 83' lang='lat'>653</span> 
     </span>
    </p>
   </div>
   <div class='ocr_carea' id='block_1_2' title="bbox 52 516 1183 709">
    <p class='ocr_par' dir='ltr' id='par_1_2' title="bbox 52 516 1183 709">
     <span class='ocr_line' id='line_1_2' title="bbox 52 516 1183 613; baseline -0.011 -19"><span class='ocrx_word' id='word_1_9' title='bbox 52 524 216 613; x_wconf 71' lang='lat' dir='ltr'>praestari</span> <span class='ocrx_word' id='word_1_10' title='bbox 244 523 306 588; x_wconf 90' lang='lat' dir='ltr'>nisi</span> <span class='ocrx_word' id='word_1_11' title='bbox 335 542 390 606; x_wconf 87' lang='lat' dir='ltr'>per</span> <span class='ocrx_word' id='word_1_12' title='bbox 411 521 624 603; x_wconf 78' lang='lat' dir='ltr'><strong>mediatorem,</strong></span> <span class='ocrx_word' id='word_1_13' title='bbox 656 538 715 585; x_wconf 93' lang='lat' dir='ltr'>non</span> <span class='ocrx_word' id='word_1_14' title='bbox 738 520 840 599; x_wconf 83' lang='lat' dir='ltr'>deum,</span> <span class='ocrx_word' id='word_1_15' title='bbox 872 518 953 603; x_wconf 90' lang='lat' dir='ltr'>quod</span> <span class='ocrx_word' id='word_1_16' title='bbox 974 535 1094 600; x_wconf 86' lang='lat' dir='ltr'>semper</span> <span class='ocrx_word' id='word_1_17' title='bbox 1116 516 1183 582; x_wconf 87' lang='lat' dir='ltr'>erut</span> 
     </span>
     <span class='ocr_line' id='line_1_3' title="bbox 59 624 1183 709; baseline -0.011 -13"><span class='ocrx_word' id='word_1_18' title='bbox 59 631 206 709; x_wconf 87' lang='lat' dir='ltr'>uerbum,</span> <span class='ocrx_word' id='word_1_19' title='bbox 237 629 290 693; x_wconf 87' lang='lat' dir='ltr'>sed</span> <span class='ocrx_word' id='word_1_20' title='bbox 321 625 477 691; x_wconf 88' lang='lat' dir='ltr'>hominem</span> <span class='ocrx_word' id='word_1_21' title='bbox 501 624 659 690; x_wconf 77' lang='lat' dir='ltr'>Christum</span> <span class='ocrx_word' id='word_1_22' title='bbox 682 625 795 703; x_wconf 86' lang='lat' dir='ltr'>Iesum,</span> <span class='ocrx_word' id='word_1_23' title='bbox 818 641 890 689; x_wconf 89' lang='lat' dir='ltr'>cum</span> <span class='ocrx_word' id='word_1_24' title='bbox 915 624 1075 688; x_wconf 89' lang='lat' dir='ltr'>uerbum</span> <span class='ocrx_word' id='word_1_25' title='bbox 1096 636 1183 685; x_wconf 83' lang='lat' dir='ltr'>curo</span> 
     </span>
    </p>
   </div>
   <div class='ocr_carea' id='block_1_3' title="bbox 60 726 786 799">
    <p class='ocr_par' dir='ltr' id='par_1_3' title="bbox 60 726 786 799">
     <span class='ocr_line' id='line_1_4' title="bbox 60 726 786 799; baseline -0.011 0"><span class='ocrx_word' id='word_1_26' title='bbox 60 734 217 799; x_wconf 81' lang='lat' dir='ltr'>fuctum</span> <span class='ocrx_word' id='word_1_27' title='bbox 240 733 300 797; x_wconf 91' lang='lat' dir='ltr'>est</span> <span class='ocrx_word' id='word_1_28' title='bbox 322 730 360 795; x_wconf 89' lang='lat' dir='ltr'>et</span> <span class='ocrx_word' id='word_1_29' title='bbox 381 727 585 795; x_wconf 79' lang='lat' dir='ltr'>habitauit</span> <span class='ocrx_word' id='word_1_30' title='bbox 605 729 644 792; x_wconf 91' lang='lat' dir='ltr'>in</span> <span class='ocrx_word' id='word_1_31' title='bbox 665 726 786 793; x_wconf 90' lang='lat' dir='ltr'>nobis.</span> 
     </span>
    </p>
   </div>
   <div class='ocr_carea' id='block_1_4' title="bbox 560 1015 691 1102">
    <p class='ocr_par' dir='ltr' id='par_1_4' title="bbox 560 1015 691 1102">
     <span class='ocr_line' id='line_1_5' title="bbox 560 1015 691 1102; baseline -0.023 0"><span class='ocrx_word' id='word_1_32' title='bbox 560 1015 691 1102; x_wconf 81' lang='lat' dir='ltr'>cch.</span> 
     </span>
    </p>
   </div>
   <div class='ocr_carea' id='block_1_5' title="bbox 45 1205 1186 1566">
    <p class='ocr_par' dir='ltr' id='par_1_5' title="bbox 45 1205 1186 1566">
     <span class='ocr_line' id='line_1_6' title="bbox 45 1205 1186 1268; baseline -0.004 -14"><span class='ocrx_word' id='word_1_33' title='bbox 45 1212 109 1260; x_wconf 72' lang='lat' dir='ltr'>eux</span> <span class='ocrx_word' id='word_1_34' title='bbox 132 1210 252 1259; x_wconf 78' lang='lat' dir='ltr'>nonnus</span> <span class='ocrx_word' id='word_1_35' title='bbox 274 1211 378 1258; x_wconf 82' lang='lat' dir='ltr'>nunno</span> <span class='ocrx_word' id='word_1_36' title='bbox 402 1209 644 1268; x_wconf 74' lang='lat' dir='ltr'>quusmouvu</span> <span class='ocrx_word' id='word_1_37' title='bbox 666 1210 713 1256; x_wconf 76' lang='lat' dir='ltr'>sn</span> <span class='ocrx_word' id='word_1_38' title='bbox 735 1207 923 1255; x_wconf 77' lang='lat' dir='ltr'>usvumvur.</span> <span class='ocrx_word' id='word_1_39' title='bbox 954 1207 1010 1268; x_wconf 81' lang='lat' dir='ltr'>nn,</span> <span class='ocrx_word' id='word_1_40' title='bbox 1033 1207 1070 1252; x_wconf 84' lang='grc' dir='ltr'>ιι)</span> <span class='ocrx_word' id='word_1_41' title='bbox 1092 1205 1186 1265; x_wconf 81' lang='lat' dir='ltr'>Qvon</span> 
     </span>
     <span class='ocr_line' id='line_1_7' title="bbox 105 1309 1144 1372; baseline -0.007 -10"><span class='ocrx_word' id='word_1_42' title='bbox 105 1314 166 1362; x_wconf 75' lang='lat' dir='ltr'>Aru</span> <span class='ocrx_word' id='word_1_43' title='bbox 195 1312 313 1372; x_wconf 81' lang='lat' dir='ltr'>nvcss,</span> <span class='ocrx_word' id='word_1_44' title='bbox 345 1311 469 1360; x_wconf 85' lang='lat' dir='ltr'>ocvu1</span> <span class='ocrx_word' id='word_1_45' title='bbox 496 1311 636 1360; x_wconf 73' lang='lat' dir='ltr'>nonum</span> <span class='ocrx_word' id='word_1_46' title='bbox 665 1310 958 1370; x_wconf 65' lang='lat' dir='ltr'>cursuscursus,</span> <span class='ocrx_word' id='word_1_47' title='bbox 980 1310 1031 1356; x_wconf 81' lang='lat' dir='ltr'>un</span> <span class='ocrx_word' id='word_1_48' title='bbox 1061 1309 1144 1356; x_wconf 83' lang='lat' dir='ltr'>nvss</span> 
     </span>
     <span class='ocr_line' id='line_1_8' title="bbox 63 1404 1186 1477; baseline -0.004 -14"><span class='ocrx_word' id='word_1_49' title='bbox 63 1415 385 1477; x_wconf 64' lang='lat' dir='ltr'>senescemus,</span> <span class='ocrx_word' id='word_1_50' title='bbox 415 1415 883 1476; x_wconf 77' lang='lat' dir='ltr'>numencvszsrrsnv1u‚</span> <span class='ocrx_word' id='word_1_51' title='bbox 905 1404 1034 1474; x_wconf 77' lang='lat' dir='ltr'>umqum,</span> <span class='ocrx_word' id='word_1_52' title='bbox 1057 1411 1123 1460; x_wconf 82' lang='lat' dir='ltr'>urs</span> <span class='ocrx_word' id='word_1_53' title='bbox 1143 1412 1186 1459; x_wconf 81' lang='lat' dir='ltr'>lu</span> 
     </span>
     <span class='ocr_line' id='line_1_9' title="bbox 474 1517 777 1566; baseline -0.003 -1"><span class='ocrx_word' id='word_1_54' title='bbox 474 1518 573 1566; x_wconf 78' lang='lat' dir='ltr'>suus</span> <span class='ocrx_word' id='word_1_55' title='bbox 595 1517 777 1566; x_wconf 75' lang='lat' dir='ltr'>numquis.</span> 
     </span>
    </p>
   </div>
   <div class='ocr_carea' id='block_1_6' title="bbox 10 1648 1260 2360">
    <p class='ocr_par' dir='ltr' id='par_1_6' title="bbox 10 1648 1260 2360">
     <span class='ocr_line' id='line_1_10' title="bbox 105 1648 1260 1738; baseline -0.003 -18"><span class='ocrx_word' id='word_1_56' title='bbox 105 1656 154 1720; x_wconf 89' lang='lat' dir='ltr'>De</span> <span class='ocrx_word' id='word_1_57' title='bbox 177 1655 338 1738; x_wconf 81' lang='lat' dir='ltr'>euangelio</span> <span class='ocrx_word' id='word_1_58' title='bbox 360 1655 518 1738; x_wconf 82' lang='lat' dir='ltr'>inquisitio</span> <span class='ocrx_word' id='word_1_59' title='bbox 548 1656 602 1720; x_wconf 85' lang='lat' dir='ltr'>tun</span> <span class='ocrx_word' id='word_1_60' title='bbox 624 1655 703 1721; x_wconf 91' lang='lat' dir='ltr'>solet</span> <span class='ocrx_word' id='word_1_61' title='bbox 731 1655 847 1721; x_wconf 82' lang='lat' dir='ltr'>multos</span> <span class='ocrx_word' id='word_1_62' title='bbox 870 1672 1003 1736; x_wconf 85' lang='lat' dir='ltr'>mouere,</span> <span class='ocrx_word' id='word_1_63' title='bbox 1034 1652 1185 1736; x_wconf 90' lang='lat' dir='ltr'>quomodo</span> <span class='ocrx_word' id='word_1_64' title='bbox 1195 1648 1260 1716; x_wconf 83' lang='grc'>213</span> 
     </span>
     <span class='ocr_line' id='line_1_11' title="bbox 34 1757 1188 1842; baseline 0.001 -23"><span class='ocrx_word' id='word_1_65' title='bbox 34 1759 212 1826; x_wconf 77' lang='lat' dir='ltr'>rodominus</span> <span class='ocrx_word' id='word_1_66' title='bbox 240 1760 310 1840; x_wconf 88' lang='lat' dir='ltr'>post</span> <span class='ocrx_word' id='word_1_67' title='bbox 340 1757 606 1842; x_wconf 79' lang='lat' dir='ltr'>resurrectionem,</span> <span class='ocrx_word' id='word_1_68' title='bbox 637 1775 708 1823; x_wconf 94' lang='lat' dir='ltr'>cum</span> <span class='ocrx_word' id='word_1_69' title='bbox 737 1757 770 1822; x_wconf 92' lang='lat' dir='ltr'>in</span> <span class='ocrx_word' id='word_1_70' title='bbox 801 1759 909 1823; x_wconf 87' lang='lat' dir='ltr'>eodem</span> <span class='ocrx_word' id='word_1_71' title='bbox 939 1772 1064 1840; x_wconf 87' lang='lat' dir='ltr'>corpore</span> <span class='ocrx_word' id='word_1_72' title='bbox 1086 1774 1188 1821; x_wconf 89' lang='lat' dir='ltr'>resur-</span> 
     </span>
     <span class='ocr_line' id='line_1_12' title="bbox 62 1860 1187 1947; baseline -0.005 -17"><span class='ocrx_word' id='word_1_73' title='bbox 62 1865 188 1947; x_wconf 85' lang='lat' dir='ltr'>rexerit,</span> <span class='ocrx_word' id='word_1_74' title='bbox 218 1863 443 1945; x_wconf 76' lang='lat' dir='ltr'>aquibusdem</span> <span class='ocrx_word' id='word_1_75' title='bbox 472 1864 526 1946; x_wconf 89' lang='lat' dir='ltr'>qni</span> <span class='ocrx_word' id='word_1_76' title='bbox 556 1882 625 1928; x_wconf 91' lang='lat' dir='ltr'>enm</span> <span class='ocrx_word' id='word_1_77' title='bbox 656 1865 807 1927; x_wconf 81' lang='lat' dir='ltr'>nouerant</span> <span class='ocrx_word' id='word_1_78' title='bbox 835 1864 997 1945; x_wconf 86' lang='lat' dir='ltr'>utriusque</span> <span class='ocrx_word' id='word_1_79' title='bbox 1018 1879 1109 1928; x_wconf 87' lang='lat' dir='ltr'>sexus</span> <span class='ocrx_word' id='word_1_80' title='bbox 1130 1860 1187 1924; x_wconf 90' lang='lat' dir='ltr'>ho·</span> 
     </span>
     <span class='ocr_line' id='line_1_13' title="bbox 62 1964 1187 2050; baseline -0.004 -18"><span class='ocrx_word' id='word_1_81' title='bbox 62 1966 204 2032; x_wconf 89' lang='lat' dir='ltr'>minibus</span> <span class='ocrx_word' id='word_1_82' title='bbox 222 1970 254 2032; x_wconf 86' lang='lat' dir='ltr'>et</span> <span class='ocrx_word' id='word_1_83' title='bbox 269 1966 394 2050; x_wconf 80' lang='lat' dir='ltr'>agnitus</span> <span class='ocrx_word' id='word_1_84' title='bbox 417 1985 477 2032; x_wconf 93' lang='lat' dir='ltr'>non</span> <span class='ocrx_word' id='word_1_85' title='bbox 500 1967 542 2031; x_wconf 84' lang='lat' dir='ltr'>sit</span> <span class='ocrx_word' id='word_1_86' title='bbox 557 1968 589 2031; x_wconf 88' lang='lat' dir='ltr'>et</span> <span class='ocrx_word' id='word_1_87' title='bbox 610 1964 737 2050; x_wconf 81' lang='lat' dir='ltr'>egnicus</span> <span class='ocrx_word' id='word_1_88' title='bbox 760 1967 812 2031; x_wconf 91' lang='lat' dir='ltr'>sit.</span> <span class='ocrx_word' id='word_1_89' title='bbox 844 1966 896 2031; x_wconf 91' lang='lat' dir='ltr'>ubi</span> <span class='ocrx_word' id='word_1_90' title='bbox 920 1966 1057 2047; x_wconf 89' lang='lat' dir='ltr'>primum</span> <span class='ocrx_word' id='word_1_91' title='bbox 1080 1964 1187 2047; x_wconf 80' lang='lat' dir='ltr'>quaeri</span> 
     </span>
     <span class='ocr_line' id='line_1_14' title="bbox 58 2067 1186 2152; baseline -0.003 -18"><span class='ocrx_word' id='word_1_92' title='bbox 58 2071 152 2147; x_wconf 87' lang='lat' dir='ltr'>solet,</span> <span class='ocrx_word' id='word_1_93' title='bbox 176 2072 283 2134; x_wconf 88' lang='lat' dir='ltr'>utrum</span> <span class='ocrx_word' id='word_1_94' title='bbox 304 2069 338 2134; x_wconf 95' lang='lat' dir='ltr'>in</span> <span class='ocrx_word' id='word_1_95' title='bbox 357 2071 422 2134; x_wconf 89' lang='lat' dir='ltr'>eius</span> <span class='ocrx_word' id='word_1_96' title='bbox 442 2086 565 2152; x_wconf 84' lang='lat' dir='ltr'>corpore</span> <span class='ocrx_word' id='word_1_97' title='bbox 581 2087 620 2134; x_wconf 82' lang='lat' dir='ltr'>un</span> <span class='ocrx_word' id='word_1_98' title='bbox 635 2070 739 2151; x_wconf 89' lang='lat' dir='ltr'>potius</span> <span class='ocrx_word' id='word_1_99' title='bbox 762 2069 793 2133; x_wconf 93' lang='lat' dir='ltr'>in</span> <span class='ocrx_word' id='word_1_100' title='bbox 817 2068 943 2134; x_wconf 91' lang='lat' dir='ltr'>illorum</span> <span class='ocrx_word' id='word_1_101' title='bbox 958 2068 1055 2133; x_wconf 87' lang='lat' dir='ltr'>oculis</span> <span class='ocrx_word' id='word_1_102' title='bbox 1069 2067 1186 2151; x_wconf 81' lang='lat' dir='ltr'>aliquid</span> 
     </span>
     <span class='ocr_line' id='line_1_15' title="bbox 58 2171 1187 2257; baseline -0.002 -19"><span class='ocrx_word' id='word_1_103' title='bbox 58 2173 185 2238; x_wconf 82' lang='lat' dir='ltr'>fuctum</span> <span class='ocrx_word' id='word_1_104' title='bbox 207 2173 258 2251; x_wconf 86' lang='lat' dir='ltr'>sit,</span> <span class='ocrx_word' id='word_1_105' title='bbox 281 2188 341 2255; x_wconf 90' lang='lat' dir='ltr'>quo</span> <span class='ocrx_word' id='word_1_106' title='bbox 358 2192 420 2237; x_wconf 93' lang='lat' dir='ltr'>non</span> <span class='ocrx_word' id='word_1_107' title='bbox 437 2172 541 2255; x_wconf 91' lang='lat' dir='ltr'>posset</span> <span class='ocrx_word' id='word_1_108' title='bbox 562 2171 699 2257; x_wconf 80' lang='lat' dir='ltr'>agnosci.</span> <span class='ocrx_word' id='word_1_109' title='bbox 730 2190 800 2238; x_wconf 87' lang='lat' dir='ltr'>cum</span> <span class='ocrx_word' id='word_1_110' title='bbox 824 2171 907 2236; x_wconf 91' lang='lat' dir='ltr'>enim</span> <span class='ocrx_word' id='word_1_111' title='bbox 929 2171 1061 2254; x_wconf 84' lang='lat' dir='ltr'>legitur:</span> <span class='ocrx_word' id='word_1_112' title='bbox 1083 2171 1187 2236; x_wconf 87' lang='lat' dir='ltr'>tene-</span> 
     </span>
     <span class='ocr_line' id='line_1_16' title="bbox 10 2273 1186 2360; baseline -0.003 -18"><span class='ocrx_word' id='word_1_113' title='bbox 10 2275 212 2342; x_wconf 76' lang='lat' dir='ltr'>¹⁶buntur</span> <span class='ocrx_word' id='word_1_114' title='bbox 239 2277 344 2342; x_wconf 89' lang='lat' dir='ltr'>oculi</span> <span class='ocrx_word' id='word_1_115' title='bbox 374 2294 519 2354; x_wconf 81' lang='lat' dir='ltr'>eorum,</span> <span class='ocrx_word' id='word_1_116' title='bbox 554 2295 600 2340; x_wconf 88' lang='lat' dir='ltr'>ne</span> <span class='ocrx_word' id='word_1_117' title='bbox 629 2278 888 2360; x_wconf 81' lang='lat' dir='ltr'>agnoscerent</span> <span class='ocrx_word' id='word_1_118' title='bbox 919 2293 1019 2355; x_wconf 82' lang='lat' dir='ltr'>eum,</span> <span class='ocrx_word' id='word_1_119' title='bbox 1054 2273 1186 2357; x_wconf 89' lang='lat' dir='ltr'>impedi-</span> 
     </span>
    </p>
   </div>
   <div class='ocr_carea' id='block_1_7' title="bbox 10 2378 1188 3290">
    <p class='ocr_par' dir='ltr' id='par_1_7' title="bbox 10 2378 1188 3290">
     <span class='ocr_line' id='line_1_17' title="bbox 54 2378 1187 2464; baseline -0.004 -18"><span class='ocrx_word' id='word_1_120' title='bbox 54 2383 208 2446; x_wconf 86' lang='lat' dir='ltr'>mentum</span> <span class='ocrx_word' id='word_1_121' title='bbox 241 2379 398 2462; x_wconf 79' lang='lat' dir='ltr'>qnoddsm</span> <span class='ocrx_word' id='word_1_122' title='bbox 428 2380 614 2464; x_wconf 76' lang='lat' dir='ltr'>agnoscendi</span> <span class='ocrx_word' id='word_1_123' title='bbox 644 2379 767 2444; x_wconf 87' lang='lat' dir='ltr'>uidetur</span> <span class='ocrx_word' id='word_1_124' title='bbox 800 2379 832 2445; x_wconf 91' lang='lat' dir='ltr'>in</span> <span class='ocrx_word' id='word_1_125' title='bbox 866 2378 1037 2444; x_wconf 87' lang='lat' dir='ltr'>luminibus</span> <span class='ocrx_word' id='word_1_126' title='bbox 1067 2378 1187 2445; x_wconf 83' lang='lat' dir='ltr'>fuctum</span> 
     </span>
     <span class='ocr_line' id='line_1_18' title="bbox 55 2481 1188 2567; baseline -0.003 -18"><span class='ocrx_word' id='word_1_127' title='bbox 55 2502 133 2549; x_wconf 79' lang='lat' dir='ltr'>esse</span> <span class='ocrx_word' id='word_1_128' title='bbox 162 2481 374 2559; x_wconf 70' lang='lat' dir='ltr'>cernentium</span> <span class='ocrx_word' id='word_1_129' title='bbox 409 2500 480 2548; x_wconf 91' lang='lat' dir='ltr'>cum</span> <span class='ocrx_word' id='word_1_130' title='bbox 510 2501 581 2548; x_wconf 89' lang='lat' dir='ltr'>uero</span> <span class='ocrx_word' id='word_1_131' title='bbox 611 2483 714 2567; x_wconf 81' lang='lat' dir='ltr'>aperte</span> <span class='ocrx_word' id='word_1_132' title='bbox 744 2482 819 2548; x_wconf 82' lang='lat' dir='ltr'>olibi</span> <span class='ocrx_word' id='word_1_133' title='bbox 841 2482 973 2549; x_wconf 86' lang='lat' dir='ltr'>dicitur:</span> <span class='ocrx_word' id='word_1_134' title='bbox 1001 2481 1188 2565; x_wconf 81' lang='lat' dir='ltr'>apperuit</span> 
     </span>
     <span class='ocr_line' id='line_1_19' title="bbox 55 2584 1188 2671; baseline -0.002 -19"><span class='ocrx_word' id='word_1_135' title='bbox 55 2587 123 2652; x_wconf 80' lang='lat' dir='ltr'>eis</span> <span class='ocrx_word' id='word_1_136' title='bbox 145 2585 186 2651; x_wconf 92' lang='lat' dir='ltr'>iu</span> <span class='ocrx_word' id='word_1_137' title='bbox 207 2585 289 2651; x_wconf 81' lang='lat' dir='ltr'>aliu</span> <span class='ocrx_word' id='word_1_138' title='bbox 312 2584 471 2671; x_wconf 80' lang='lat' dir='ltr'>effigie,</span> <span class='ocrx_word' id='word_1_139' title='bbox 494 2586 602 2668; x_wconf 87' lang='lat' dir='ltr'>utique</span> <span class='ocrx_word' id='word_1_140' title='bbox 625 2586 656 2651; x_wconf 94' lang='lat' dir='ltr'>in</span> <span class='ocrx_word' id='word_1_141' title='bbox 680 2588 745 2668; x_wconf 91' lang='lat' dir='ltr'>ipso</span> <span class='ocrx_word' id='word_1_142' title='bbox 768 2605 903 2669; x_wconf 88' lang='lat' dir='ltr'>corpore,</span> <span class='ocrx_word' id='word_1_143' title='bbox 926 2586 1013 2652; x_wconf 90' lang='lat' dir='ltr'>cuius</span> <span class='ocrx_word' id='word_1_144' title='bbox 1035 2586 1098 2652; x_wconf 83' lang='lat' dir='ltr'>aliu</span> <span class='ocrx_word' id='word_1_145' title='bbox 1119 2586 1188 2651; x_wconf 80' lang='lat' dir='ltr'>eret</span> 
     </span>
     <span class='ocr_line' id='line_1_20' title="bbox 54 2689 1186 2775; baseline -0.003 -19"><span class='ocrx_word' id='word_1_146' title='bbox 54 2689 196 2775; x_wconf 64' lang='lat' dir='ltr'>origine,</span> <span class='ocrx_word' id='word_1_147' title='bbox 225 2690 342 2772; x_wconf 73' lang='lat' dir='ltr'>aliquid</span> <span class='ocrx_word' id='word_1_148' title='bbox 372 2690 490 2756; x_wconf 84' lang='lat' dir='ltr'>iactum</span> <span class='ocrx_word' id='word_1_149' title='bbox 520 2690 625 2770; x_wconf 81' lang='lat' dir='ltr'>fuisse,</span> <span class='ocrx_word' id='word_1_150' title='bbox 656 2710 715 2773; x_wconf 92' lang='lat' dir='ltr'>quo</span> <span class='ocrx_word' id='word_1_151' title='bbox 745 2690 966 2774; x_wconf 87' lang='lat' dir='ltr'>impedimento</span> <span class='ocrx_word' id='word_1_152' title='bbox 995 2692 1186 2768; x_wconf 87' lang='lat' dir='ltr'>tenerentur,</span> 
     </span>
     <span class='ocr_line' id='line_1_21' title="bbox 10 2791 1187 2879; baseline 0.002 -22"><span class='ocrx_word' id='word_1_153' title='bbox 10 2794 40 2841; x_wconf 75' lang='lat'>&#39;⁰</span> <span class='ocrx_word' id='word_1_154' title='bbox 53 2791 93 2860; x_wconf 81' lang='lat' dir='ltr'>in</span> <span class='ocrx_word' id='word_1_155' title='bbox 117 2798 168 2860; x_wconf 89' lang='lat' dir='ltr'>est</span> <span class='ocrx_word' id='word_1_156' title='bbox 197 2812 316 2860; x_wconf 86' lang='lat' dir='ltr'>morum</span> <span class='ocrx_word' id='word_1_157' title='bbox 347 2793 533 2878; x_wconf 71' lang='lat' dir='ltr'>agnoscendi</span> <span class='ocrx_word' id='word_1_158' title='bbox 563 2796 743 2877; x_wconf 80' lang='lat' dir='ltr'>paterentur</span> <span class='ocrx_word' id='word_1_159' title='bbox 772 2795 853 2861; x_wconf 90' lang='lat' dir='ltr'>oculi</span> <span class='ocrx_word' id='word_1_160' title='bbox 882 2795 1020 2860; x_wconf 91' lang='lat' dir='ltr'>illorum.</span> <span class='ocrx_word' id='word_1_161' title='bbox 1055 2794 1108 2860; x_wconf 87' lang='lat' dir='ltr'>sed</span> <span class='ocrx_word' id='word_1_162' title='bbox 1131 2812 1187 2879; x_wconf 81' lang='lat' dir='ltr'>ego</span> 
     </span>
     <span class='ocr_line' id='line_1_22' title="bbox 55 2898 1186 2982; baseline 0.001 -20"><span class='ocrx_word' id='word_1_163' title='bbox 55 2898 171 2979; x_wconf 82' lang='lat' dir='ltr'>miror,</span> <span class='ocrx_word' id='word_1_164' title='bbox 197 2915 270 2962; x_wconf 92' lang='lat' dir='ltr'>cum</span> <span class='ocrx_word' id='word_1_165' title='bbox 285 2899 344 2963; x_wconf 87' lang='lat' dir='ltr'>duo</span> <span class='ocrx_word' id='word_1_166' title='bbox 360 2898 471 2963; x_wconf 87' lang='lat' dir='ltr'>sintin</span> <span class='ocrx_word' id='word_1_167' title='bbox 486 2915 620 2982; x_wconf 85' lang='lat' dir='ltr'>corpore,</span> <span class='ocrx_word' id='word_1_168' title='bbox 649 2899 759 2981; x_wconf 90' lang='lat' dir='ltr'>quibus</span> <span class='ocrx_word' id='word_1_169' title='bbox 782 2898 929 2981; x_wconf 90' lang='lat' dir='ltr'>cuiusque</span> <span class='ocrx_word' id='word_1_170' title='bbox 952 2898 1068 2982; x_wconf 89' lang='lat' dir='ltr'>species</span> <span class='ocrx_word' id='word_1_171' title='bbox 1091 2915 1186 2981; x_wconf 80' lang='lat' dir='ltr'>ugno-</span> 
     </span>
     <span class='ocr_line' id='line_1_23' title="bbox 57 2998 1186 3084; baseline -0.003 -17"><span class='ocrx_word' id='word_1_172' title='bbox 57 3003 188 3078; x_wconf 80' lang='lat' dir='ltr'>scntur,</span> <span class='ocrx_word' id='word_1_173' title='bbox 216 2998 402 3066; x_wconf 80' lang='lat' dir='ltr'>liniamento</span> <span class='ocrx_word' id='word_1_174' title='bbox 433 3004 464 3066; x_wconf 92' lang='lat' dir='ltr'>et</span> <span class='ocrx_word' id='word_1_175' title='bbox 492 3001 587 3084; x_wconf 86' lang='lat' dir='ltr'>color,</span> <span class='ocrx_word' id='word_1_176' title='bbox 624 3019 677 3067; x_wconf 92' lang='lat' dir='ltr'>cnr</span> <span class='ocrx_word' id='word_1_177' title='bbox 706 3002 778 3066; x_wconf 82' lang='lat' dir='ltr'>unte</span> <span class='ocrx_word' id='word_1_178' title='bbox 813 3000 1073 3067; x_wconf 85' lang='lat' dir='ltr'>resurrectionem</span> <span class='ocrx_word' id='word_1_179' title='bbox 1105 2999 1186 3083; x_wconf 88' lang='lat' dir='ltr'>quod</span> 
     </span>
     <span class='ocr_line' id='line_1_24' title="bbox 61 3100 1186 3188; baseline 0.004 -23"><span class='ocrx_word' id='word_1_180' title='bbox 61 3100 94 3168; x_wconf 94' lang='lat' dir='ltr'>in</span> <span class='ocrx_word' id='word_1_181' title='bbox 117 3103 226 3169; x_wconf 90' lang='lat' dir='ltr'>monte</span> <span class='ocrx_word' id='word_1_182' title='bbox 248 3103 293 3167; x_wconf 83' lang='lat' dir='ltr'>ite</span> <span class='ocrx_word' id='word_1_183' title='bbox 314 3103 553 3186; x_wconf 81' lang='lat' dir='ltr'>transfiguratus</span> <span class='ocrx_word' id='word_1_184' title='bbox 568 3105 624 3183; x_wconf 86' lang='lat' dir='ltr'>est,</span> <span class='ocrx_word' id='word_1_185' title='bbox 647 3106 684 3169; x_wconf 85' lang='lat' dir='ltr'>ut</span> <span class='ocrx_word' id='word_1_186' title='bbox 699 3104 787 3169; x_wconf 87' lang='lat' dir='ltr'>fieret</span> <span class='ocrx_word' id='word_1_187' title='bbox 802 3106 909 3170; x_wconf 92' lang='lat' dir='ltr'>uultus</span> <span class='ocrx_word' id='word_1_188' title='bbox 924 3105 990 3171; x_wconf 91' lang='lat' dir='ltr'>eius</span> <span class='ocrx_word' id='word_1_189' title='bbox 1005 3103 1186 3188; x_wconf 85' lang='lat' dir='ltr'>splendidus</span> 
     </span>
     <span class='ocr_line' id='line_1_25' title="bbox 62 3205 1184 3290; baseline 0.004 -21"><span class='ocrx_word' id='word_1_190' title='bbox 62 3206 145 3272; x_wconf 88' lang='lat' dir='ltr'>sicut</span> <span class='ocrx_word' id='word_1_191' title='bbox 174 3206 232 3285; x_wconf 84' lang='lat' dir='ltr'>sol,</span> <span class='ocrx_word' id='word_1_192' title='bbox 261 3207 293 3271; x_wconf 89' lang='lat' dir='ltr'>et</span> <span class='ocrx_word' id='word_1_193' title='bbox 321 3205 479 3272; x_wconf 89' lang='lat' dir='ltr'>neminem</span> <span class='ocrx_word' id='word_1_194' title='bbox 508 3209 615 3273; x_wconf 91' lang='lat' dir='ltr'>mouet</span> <span class='ocrx_word' id='word_1_195' title='bbox 644 3226 740 3290; x_wconf 92' lang='lat' dir='ltr'>usque</span> <span class='ocrx_word' id='word_1_196' title='bbox 762 3209 801 3274; x_wconf 84' lang='lat' dir='ltr'>ad</span> <span class='ocrx_word' id='word_1_197' title='bbox 823 3210 948 3273; x_wconf 80' lang='lat' dir='ltr'>tuntum</span> <span class='ocrx_word' id='word_1_198' title='bbox 970 3207 1184 3275; x_wconf 82' lang='lat' dir='ltr'>excellentium</span> 
     </span>
    </p>
   </div>
   <div class='ocr_carea' id='block_1_8' title="bbox 62 3392 1119 3545">
    <p class='ocr_par' dir='ltr' id='par_1_8' title="bbox 62 3392 1119 3545">
     <span class='ocr_line' id='line_1_26' title="bbox 166 3392 1119 3465; baseline 0.004 -18"><span class='ocrx_word' id='word_1_199' title='bbox 166 3392 332 3462; x_wconf 77' lang='lat'><strong>210.1,14</strong></span> <span class='ocrx_word' id='word_1_200' title='bbox 411 3393 477 3460; x_wconf 71' lang='lat' dir='ltr'>Giet</span> <span class='ocrx_word' id='word_1_201' title='bbox 490 3393 534 3462; x_wconf 85' lang='lat'>14)</span> <span class='ocrx_word' id='word_1_202' title='bbox 547 3393 609 3450; x_wconf 88' lang='lat' dir='ltr'>Luc.</span> <span class='ocrx_word' id='word_1_203' title='bbox 627 3393 670 3460; x_wconf 89' lang='grc'>24,</span> <span class='ocrx_word' id='word_1_204' title='bbox 684 3395 716 3450; x_wconf 82' lang='grc'>16</span> <span class='ocrx_word' id='word_1_205' title='bbox 797 3394 1013 3465; x_wconf 77' lang='lat' dir='ltr'>7(etli)IIure.</span> <span class='ocrx_word' id='word_1_206' title='bbox 1032 3397 1119 3463; x_wconf 85' lang='grc'><strong>16,12</strong></span> 
     </span>
     <span class='ocr_line' id='line_1_27' title="bbox 62 3477 360 3545; baseline 0.003 -13"><span class='ocrx_word' id='word_1_207' title='bbox 62 3477 96 3532; x_wconf 80' lang='grc'>23</span> <span class='ocrx_word' id='word_1_208' title='bbox 112 3477 148 3535; x_wconf 84' lang='lat' dir='ltr'>ci.</span> <span class='ocrx_word' id='word_1_209' title='bbox 166 3477 266 3535; x_wconf 76' lang='lat' dir='ltr'>naun.</span> <span class='ocrx_word' id='word_1_210' title='bbox 285 3479 360 3545; x_wconf 79' lang='grc'><strong>17,2</strong></span> 
     </span>
    </p>
   </div>
   <div class='ocr_carea' id='block_1_9' title="bbox 51 3659 1187 4326">
    <p class='ocr_par' dir='ltr' id='par_1_9' title="bbox 51 3659 1187 4326">
     <span class='ocr_line' id='line_1_28' title="bbox 114 3659 1187 3737; baseline 0.002 -15"><span class='ocrx_word' id='word_1_211' title='bbox 114 3667 218 3737; x_wconf 85' lang='lat' dir='ltr'>lnon]</span> <span class='ocrx_word' id='word_1_212' title='bbox 242 3681 327 3723; x_wconf 72' lang='lat' dir='ltr'>ome</span> <span class='ocrx_word' id='word_1_213' title='bbox 428 3667 445 3721; x_wconf 95' lang='grc'><strong>2</strong></span> <span class='ocrx_word' id='word_1_214' title='bbox 470 3664 526 3721; x_wconf 82' lang='lat' dir='ltr'>iiim</span> <span class='ocrx_word' id='word_1_215' title='bbox 544 3659 605 3737; x_wconf 60' lang='lat' dir='ltr'>iffi</span> <span class='ocrx_word' id='word_1_216' title='bbox 631 3669 659 3724; x_wconf 91' lang='lat' dir='ltr'><strong><em>P</em></strong></span> <span class='ocrx_word' id='word_1_217' title='bbox 760 3669 842 3724; x_wconf 89' lang='lat' dir='ltr'>uerbo</span> <span class='ocrx_word' id='word_1_218' title='bbox 869 3672 897 3724; x_wconf 97' lang='lat' dir='ltr'><strong><em>A</em></strong></span> <span class='ocrx_word' id='word_1_219' title='bbox 1006 3672 1023 3727; x_wconf 81' lang='lat'>³</span> <span class='ocrx_word' id='word_1_220' title='bbox 1049 3670 1187 3726; x_wconf 78' lang='lat' dir='ltr'>hebitebit</span> 
     </span>
     <span class='ocr_line' id='line_1_29' title="bbox 61 3753 1186 3822; baseline 0.002 -15"><span class='ocrx_word' id='word_1_221' title='bbox 61 3753 118 3808; x_wconf 91' lang='lat' dir='ltr'><strong><em>AP</em></strong></span> <span class='ocrx_word' id='word_1_222' title='bbox 152 3802 157 3817; x_wconf 87' lang='grc'><strong>,</strong></span> <span class='ocrx_word' id='word_1_223' title='bbox 217 3753 435 3822; x_wconf 80' lang='lat' dir='ltr'>4cop.CXCVI</span> <span class='ocrx_word' id='word_1_224' title='bbox 454 3755 481 3809; x_wconf 92' lang='lat' dir='ltr'><strong><em>A</em></strong></span> <span class='ocrx_word' id='word_1_225' title='bbox 510 3755 624 3810; x_wconf 82' lang='lat' dir='ltr'>CCXIII</span> <span class='ocrx_word' id='word_1_226' title='bbox 643 3757 670 3811; x_wconf 94' lang='lat' dir='ltr'><strong><em>P</em></strong></span> <span class='ocrx_word' id='word_1_227' title='bbox 697 3755 827 3813; x_wconf 79' lang='lat' dir='ltr'>CCXIIII</span> <span class='ocrx_word' id='word_1_228' title='bbox 847 3757 890 3812; x_wconf 81' lang='lat' dir='ltr'>Ge</span> <span class='ocrx_word' id='word_1_229' title='bbox 991 3758 1058 3813; x_wconf 75' lang='lat' dir='ltr'>bid</span> <span class='ocrx_word' id='word_1_230' title='bbox 1081 3758 1186 3814; x_wconf 80' lang='lat' dir='ltr'>AIIV:</span> 
     </span>
     <span class='ocr_line' id='line_1_30' title="bbox 57 3838 1187 3911; baseline 0.004 -15"><span class='ocrx_word' id='word_1_231' title='bbox 57 3856 91 3896; x_wconf 80' lang='lat' dir='ltr'>eo</span> <span class='ocrx_word' id='word_1_232' title='bbox 109 3838 154 3897; x_wconf 83' lang='lat' dir='ltr'>Po</span> <span class='ocrx_word' id='word_1_233' title='bbox 251 3839 365 3910; x_wconf 73' lang='lat' dir='ltr'>boculi]</span> <span class='ocrx_word' id='word_1_234' title='bbox 384 3856 433 3896; x_wconf 85' lang='lat' dir='ltr'>om.</span> <span class='ocrx_word' id='word_1_235' title='bbox 451 3839 479 3894; x_wconf 84' lang='lat' dir='ltr'>o²</span> <span class='ocrx_word' id='word_1_236' title='bbox 577 3840 706 3911; x_wconf 77' lang='lat' dir='ltr'>iiuqnid</span> <span class='ocrx_word' id='word_1_237' title='bbox 723 3843 767 3899; x_wconf 90' lang='lat' dir='ltr'>Ao</span> <span class='ocrx_word' id='word_1_238' title='bbox 864 3844 898 3898; x_wconf 94' lang='grc'>10</span> <span class='ocrx_word' id='word_1_239' title='bbox 914 3843 1057 3899; x_wconf 81' lang='lat' dir='ltr'>surrexerit</span> <span class='ocrx_word' id='word_1_240' title='bbox 1075 3845 1103 3900; x_wconf 93' lang='lat' dir='ltr'><strong><em>P</em></strong></span> <span class='ocrx_word' id='word_1_241' title='bbox 1128 3861 1187 3900; x_wconf 88' lang='lat' dir='ltr'>sur·</span> 
     </span>
     <span class='ocr_line' id='line_1_31' title="bbox 58 3925 1121 4000; baseline 0.006 -20"><span class='ocrx_word' id='word_1_242' title='bbox 58 3928 165 3981; x_wconf 68' lang='lat' dir='ltr'>rento</span> <span class='ocrx_word' id='word_1_243' title='bbox 251 3925 284 3980; x_wconf 96' lang='grc'>12</span> <span class='ocrx_word' id='word_1_244' title='bbox 300 3927 328 3980; x_wconf 87' lang='lat' dir='ltr'>et</span> <span class='ocrx_word' id='word_1_245' title='bbox 345 3926 558 3997; x_wconf 67' lang='lat' dir='ltr'>equitus-ubi]</span> <span class='ocrx_word' id='word_1_246' title='bbox 577 3927 641 3982; x_wconf 76' lang='lat' dir='ltr'>odd.</span> <span class='ocrx_word' id='word_1_247' title='bbox 660 3929 698 3984; x_wconf 80' lang='lat' dir='ltr'><strong><em>P&#39;</em></strong></span> <span class='ocrx_word' id='word_1_248' title='bbox 714 3929 810 4000; x_wconf 76' lang='lat' dir='ltr'>inmq.</span> <span class='ocrx_word' id='word_1_249' title='bbox 897 3931 930 3985; x_wconf 87' lang='lat'>14</span> <span class='ocrx_word' id='word_1_250' title='bbox 947 3930 1008 3999; x_wconf 90' lang='lat' dir='ltr'>quo]</span> <span class='ocrx_word' id='word_1_251' title='bbox 1027 3931 1074 4000; x_wconf 91' lang='lat' dir='ltr'>qni</span> <span class='ocrx_word' id='word_1_252' title='bbox 1092 3931 1121 3986; x_wconf 94' lang='lat' dir='ltr'><strong><em>P</em></strong></span> 
     </span>
     <span class='ocr_line' id='line_1_32' title="bbox 57 4010 1186 4087; baseline 0.007 -22"><span class='ocrx_word' id='word_1_253' title='bbox 57 4010 147 4083; x_wconf 73' lang='lat' dir='ltr'>ponit</span> <span class='ocrx_word' id='word_1_254' title='bbox 165 4010 194 4066; x_wconf 90' lang='lat' dir='ltr'><strong><em>P</em></strong></span> <span class='ocrx_word' id='word_1_255' title='bbox 296 4012 327 4067; x_wconf 81' lang='grc'>17</span> <span class='ocrx_word' id='word_1_256' title='bbox 350 4011 455 4067; x_wconf 78' lang='lat' dir='ltr'>dicutur</span> <span class='ocrx_word' id='word_1_257' title='bbox 477 4013 520 4068; x_wconf 80' lang='lat' dir='ltr'>Pe</span> <span class='ocrx_word' id='word_1_258' title='bbox 623 4015 656 4070; x_wconf 86' lang='grc'>18</span> <span class='ocrx_word' id='word_1_259' title='bbox 677 4014 782 4085; x_wconf 67' lang='grc' dir='ltr'>οἰθςίοο</span> <span class='ocrx_word' id='word_1_260' title='bbox 804 4018 832 4082; x_wconf 77' lang='lat' dir='ltr'>(s</span> <span class='ocrx_word' id='word_1_261' title='bbox 848 4019 915 4082; x_wconf 80' lang='lat' dir='ltr'>rae.)</span> <span class='ocrx_word' id='word_1_262' title='bbox 936 4016 965 4071; x_wconf 91' lang='lat' dir='ltr'><strong><em>P</em></strong></span> <span class='ocrx_word' id='word_1_263' title='bbox 1068 4018 1101 4072; x_wconf 88' lang='grc'>19</span> <span class='ocrx_word' id='word_1_264' title='bbox 1121 4016 1186 4087; x_wconf 90' lang='lat' dir='ltr'>qno]</span> 
     </span>
     <span class='ocr_line' id='line_1_33' title="bbox 55 4096 1186 4171; baseline 0.004 -19"><span class='ocrx_word' id='word_1_265' title='bbox 55 4097 131 4169; x_wconf 85' lang='lat' dir='ltr'>qnod</span> <span class='ocrx_word' id='word_1_266' title='bbox 147 4096 178 4152; x_wconf 88' lang='lat' dir='ltr'><strong><em>P</em></strong></span> <span class='ocrx_word' id='word_1_267' title='bbox 274 4096 309 4152; x_wconf 88' lang='grc'>20</span> <span class='ocrx_word' id='word_1_268' title='bbox 331 4097 449 4169; x_wconf 89' lang='lat' dir='ltr'>illorum]</span> <span class='ocrx_word' id='word_1_269' title='bbox 468 4115 592 4156; x_wconf 86' lang='lat' dir='ltr'>eorumo</span> <span class='ocrx_word' id='word_1_270' title='bbox 689 4101 721 4156; x_wconf 92' lang='grc'>21</span> <span class='ocrx_word' id='word_1_271' title='bbox 739 4100 837 4171; x_wconf 89' lang='lat' dir='ltr'>quibus</span> <span class='ocrx_word' id='word_1_272' title='bbox 855 4101 982 4171; x_wconf 86' lang='lat' dir='ltr'>cuiusque</span> <span class='ocrx_word' id='word_1_273' title='bbox 998 4101 1081 4158; x_wconf 80' lang='lat' dir='ltr'><strong><em>APo=</em></strong></span> <span class='ocrx_word' id='word_1_274' title='bbox 1111 4101 1186 4156; x_wconf 86' lang='lat' dir='ltr'>ouius</span> 
     </span>
     <span class='ocr_line' id='line_1_34' title="bbox 51 4181 1186 4257; baseline 0.005 -20"><span class='ocrx_word' id='word_1_275' title='bbox 51 4181 212 4254; x_wconf 79' lang='lat' dir='ltr'>quibusque</span> <span class='ocrx_word' id='word_1_276' title='bbox 233 4183 260 4239; x_wconf 88' lang='lat' dir='ltr'><strong><em>V</em></strong></span> <span class='ocrx_word' id='word_1_277' title='bbox 358 4185 392 4239; x_wconf 83' lang='lat'>22</span> <span class='ocrx_word' id='word_1_278' title='bbox 418 4184 497 4256; x_wconf 88' lang='lat' dir='ltr'>color]</span> <span class='ocrx_word' id='word_1_279' title='bbox 525 4187 595 4241; x_wconf 82' lang='lat' dir='ltr'>calor</span> <span class='ocrx_word' id='word_1_280' title='bbox 623 4187 649 4242; x_wconf 89' lang='lat' dir='ltr'><strong><em>V</em></strong></span> <span class='ocrx_word' id='word_1_281' title='bbox 748 4187 783 4242; x_wconf 85' lang='grc'>23</span> <span class='ocrx_word' id='word_1_282' title='bbox 808 4187 880 4242; x_wconf 88' lang='lat' dir='ltr'>fierit</span> <span class='ocrx_word' id='word_1_283' title='bbox 905 4188 933 4241; x_wconf 90' lang='lat' dir='ltr'><strong><em>A</em></strong></span> <span class='ocrx_word' id='word_1_284' title='bbox 1036 4186 1186 4257; x_wconf 82' lang='lat' dir='ltr'>splenditns</span> 
     </span>
     <span class='ocr_line' id='line_1_35' title="bbox 54 4266 397 4326; baseline 0 0"><span class='ocrx_word' id='word_1_285' title='bbox 54 4270 85 4326; x_wconf 76' lang='lat' dir='ltr'><strong><em>A</em></strong></span> <span class='ocrx_word' id='word_1_286' title='bbox 192 4266 227 4323; x_wconf 81' lang='lat'>24</span> <span class='ocrx_word' id='word_1_287' title='bbox 247 4268 352 4324; x_wconf 84' lang='lat' dir='ltr'>nemius</span> <span class='ocrx_word' id='word_1_288' title='bbox 368 4271 397 4326; x_wconf 92' lang='lat' dir='ltr'><strong><em>A</em></strong></span> 
     </span>
    </p>
   </div>
   <div class='ocr_carea' id='block_1_10' title="bbox 0 0 1384 4814">
    <p class='ocr_par' dir='ltr' id='par_1_10' title="bbox 0 0 1384 4814">
     <span class='ocr_line' id='line_1_36' title="bbox 0 0 1384 4814; baseline 0 0"><span class='ocrx_word' id='word_1_289' title='bbox 0 0 1384 4814; x_wconf 95' lang='lat' dir='ltr'> </span> 
     </span>
    </p>
   </div>
  </div>
 </body>
</html>
