2760 4814
274 549 440 620 Exaerpta
457 564 493 605 su
511 565 580 620 epp.
599 549 626 604 S.
644 550 829 620 Augustini
850 549 1004 607 XXXVIII.
1142 554 1203 619 227

68 739 267 825 temporibus
297 739 444 824 primitus
473 743 548 808 deus
577 739 673 806 simul
701 741 808 808 omnis
836 741 965 821 eremit,
995 762 1066 808 enm
1088 741 1206 808 isserei

67 843 226 917 muudum
248 878 290 892 -—
309 845 527 911 consummata
557 843 691 928 qnidam,
721 845 796 928 quis
823 845 902 911 nihil
932 845 1047 912 habent
1082 845 1141 912 illa
1171 846 1205 910 in

68 948 195 1014 naturis
218 947 364 1030 propriis,
387 947 502 1030 quibus
524 966 652 1014 suomm
674 950 850 1032 temporum
866 967 976 1015 aursus
992 952 1099 1032 agunt,
1123 949 1205 1032 queri

67 1066 132 1114 nen
154 1049 189 1115 iu
212 1050 283 1116 isiu's
305 1051 472 1117 causaliter
495 1051 615 1118 iaetum
636 1051 696 1136 sii3
719 1051 864 1118 inchoata
881 1070 963 1132 uero,
986 1052 1134 1136 quoniam
1151 1071 1206 1137 per

45 1153 227 1236 squaedam
257 1156 348 1221 eraut
378 1154 468 1237 qussi
498 1154 617 1220 semina
645 1152 823 1220 futurorum
851 1173 906 1238 per
927 1154 1043 1220 eusanii
1065 1156 1204 1220 trasinm

69 1275 105 1320 er
137 1256 261 1321 oseulio
283 1257 315 1321 in
340 1257 544 1323 manifestum
572 1255 665 1342 <loeis
695 1257 838 1340 congruis
867 1260 1018 1323 exerenda
1040 1293 1082 1306 —
1104 1258 1205 1341 ipsius

69 1357 189 1442 etiam)
210 1359 384 1442 scripturae
415 1359 510 1426 uerba
538 1360 617 1426 satis
639 1360 679 1426 ai
701 1361 760 1426 hee
787 1363 1015 1427 admonendum
1038 1359 1205 1444 insigniter

69 1463 192 1548 uigent,
223 1465 249 1529 si
272 1462 343 1546 quis
366 1462 399 1528 in
430 1463 474 1529 eis
504 1462 645 1546 suigiiee
683 1481 756 1530 nam
778 1467 810 1529 et
832 1468 1049 1531 eonsummata
1069 1481 1107 1530 ea
1128 1463 1204 1530 dieii

70 1569 104 1631 et
126 1565 284 1631 inchoata„
313 1565 376 1630 nisi
397 1567 481 1631 enim
496 1568 711 1651 eonsummaia
725 1570 838 1642 essent,
861 1585 922 1634 non
937 1569 1090 1650 seriptum
1104 1572 1202 1633 esset:

36 1675 108 1737 net
131 1670 403 1737 consummata
431 1671 524 1736 suut
553 1671 704 1736 eaelum
726 1671 762 1736 ei
787 1671 895 1736 terra
916 1673 954 1737 ei
974 1671 1098 1738 omnis
1120 1689 1205 1737 eon·

70 1772 285 1840 summatis
321 1773 499 1850 illorum;
538 1773 576 1838 et
611 1774 900 1840 consummauit
936 1775 1030 1840 deus
1066 1775 1108 1839 iu
1146 1774 1205 1840 die

69 1878 183 1942 sexte
205 1892 425 1959 sperasne,
448 1893 545 1960 quae
567 1875 679 1955 feeii3
703 1879 741 1941 ei
763 1875 968 1943 benedixit
990 1878 1082 1943 deus
1105 1877 1204 1942 diem

69 1982 283 2063 septimum
304 1984 343 2044 ei
365 1977 653 2045 sanetiiieauit
674 1998 766 2045 eum.
797 1998 965 2063 rursusque
983 1980 1205 2047 nisiineheata

69 2087 187 2161 efflent,
202 2101 262 2149 nen
279 2083 325 2148 iia
335 2082 524 2165 sequeretur,
540 2081 614 2164 quia
625 2083 658 2147 in
672 2083 728 2148 illu
739 2082 790 2148 die
805 2084 1007 2165 requieuii
1022 2085 1068 2151 ab
1084 2084 1203 2150 emni-

36 2189 140 2253 ubus
156 2184 455 2268 operibussuis,
472 2183 790 2267 quaeinshoauit
806 2185 901 2251 deus
917 2186 1055 2253 faeere.
1080 2187 1205 2269 hisigi-

69 2294 123 2355 tur
137 2291 165 2356 ei
178 2288 248 2371 quis
260 2288 409 2370 inquiren
425 2289 576 2371 quomodo
590 2289 819 2355 consummauit
831 2289 864 2354 ei
876 2290 1029 2372 quemodo
1045 2288 1204 2356 insinuarit

68 2429 111 2440 -
132 2410 237 2475 usqua
265 2394 348 2458 enim
379 2391 440 2459 alis
463 2391 702 2474 eonsummuuii,
733 2391 796 2458 alia
818 2390 989 2470 ineheauii‚
1019 2396 1073 2459 sed
1096 2396 1203 2459 eudem

69 2499 138 2580 ipsa
158 2496 269 2578 utique
293 2513 312 2561 a
334 2495 444 2577 quibus
474 2493 507 2559 in
529 2494 580 2560 die
608 2496 741 2576 septimo
763 2495 918 2578 requieuit
936 2531 977 2544 -
995 2515 1031 2562 er
1054 2496 1101 2562 his
1124 2514 1204 2578 quae

69 2617 166 2683 supra
189 2599 325 2664 diximus
348 2598 467 2663 eiurum
483 2600 539 2663 est.
570 2615 806 2664 consummasse
820 2598 935 2683 quippe
957 2601 1020 2665 ista
1041 2599 1203 2684 intellegi·

36 2721 139 2768 smus
169 2701 274 2784 deum,
312 2720 383 2767 eum
413 2701 532 2767 creauit
562 2701 668 2766 omnis
697 2700 792 2767 simul
815 2701 862 2766 ite
883 2702 1033 2784 periente,
1063 2703 1101 2767 nt
1122 2703 1203 2770 nihil

69 2806 97 2870 ei
119 2804 226 2870 adhue
247 2804 281 2869 in
303 2801 410 2868 urdine
438 2807 615 2887 temporum
644 2806 811 2869 creandum
841 2809 932 2888 esset,
963 2804 1045 2887 qued
1068 2823 1129 2872 non
1152 2805 1204 2871 hie

68 2909 109 2975 ab
130 2925 170 2974 se
192 2907 256 2972 iam
278 2907 311 2972 in
329 2904 436 2972 ordine
452 2923 618 2972 eausarum
632 2907 770 2973 creatum
787 2908 886 2988 essen
908 2908 1201 2994 immanentem,

67 3011 104 3076 ut
125 3011 212 3094 qued
234 3009 284 3076 hie
305 3008 490 3091 praefixerat
509 3009 613 3075 eeusis
643 3011 715 3093 pest
742 3010 889 3093 impleret
911 3010 1038 3078 effertis.
1075 3012 1203 3095 preinde

68 3112 265 3181 formauit
285 3112 378 3180 deus
400 3112 594 3179 heminam
618 3114 822 3196 puluerem
846 3114 994 3194 terrae,
1017 3116 1069 3182 nei
1090 3117 1204 3182 limum

35 3223 172 3284 sternas
187 3217 302 3283 -iroe
318 3219 364 3282 est
386 3216 424 3281 de
445 3215 573 3298 puluere
588 3215 638 3281 uei
654 3216 729 3281 lime
744 3219 845 3282 terrae
861 3250 902 3266 -
919 3221 959 3282 ei
980 3218 1203 3300 inspiruuii

67 3322 134 3388 siue
148 3319 326 3387 insufflanit
344 3319 383 3384 in
400 3321 485 3386 eius
501 3319 643 3385 faeiem
660 3318 847 3402 spiritum
866 3320 984 3400 uites,
1007 3322 1045 3385 et
1067 3320 1201 3387 iaetus

68 3428 131 3491 ess
160 3424 272 3490 hemo
301 3423 340 3488 in
368 3423 541 3489 animam
568 3422 718 3489 uiuam:
752 3441 814 3489 non
837 3425 913 3490 iuna
934 3422 1201 3506 praedestinatum

172 3603 206 3657 10
224 3602 289 3658 Gen.
308 3603 334 3666 2,
353 3603 436 3672 lsqq.
540 3602 575 3655 24
597 3601 661 3655 Gen.
679 3602 704 3667 2,
725 3602 741 3655 7

119 3772 133 3822 1
159 3767 252 3822 emnia
275 3770 332 3833 (um
355 3775 383 3834 v)
408 3765 490 3820 simui
513 3764 613 3821 DPTe
715 3768 813 3822 feeerit
838 3767 879 3822 D¹
982 3768 1001 3822 4
1023 3767 1151 3837 queniam
1170 3769 1201 3822 in

67 3872 121 3910 rna.
138 3872 159 3908 a
175 3872 211 3908 ss.
229 3852 296 3907 212
400 3853 417 3907 6
434 3852 580 3906 manifesto
599 3853 628 3907 D
731 3854 924 3909 loeis-etiam
943 3872 973 3909 a:
1001 3869 1050 3907 om.
1071 3853 1135 3908 lissa·

67 3938 584 4011 serigensmisecoresuam
687 3939 832 3995 esoauT
931 3939 1135 4010 9ei1nonPe

69 4029 100 4082 10
116 4032 219 4081 terrum
237 4026 266 4081 P
351 4024 556 4094 consummatio]
574 4030 720 4081 ornatuse
807 4026 838 4081 ll
857 4025 976 4096 illorum]
989 4041 1080 4079 aerum
1094 4026 1133 4081 Pe

68 4114 100 4168 1³
110 4111 228 4183 aprime
239 4110 280 4166 D¹
369 4110 403 4165 14
414 4109 562 4180 sequariiur
573 4112 615 4170 D¹
704 4112 737 4167 16
749 4113 776 4166 st
787 4107 928 4182 quemodo]
941 4110 992 4166 illa
1006 4109 1032 4164 T
1117 4111 1149 4165 19
1162 4110 1203 4163 in-

68 4197 225 4268 aarum·
242 4196 273 4251 D
376 4195 410 4248 21
429 4194 453 4248 ei
472 4195 492 4264 (i
508 4196 540 4251 in
557 4220 609 4260 ras.
628 4221 647 4259 a
666 4218 701 4256 m.
720 4199 752 4262 2)
773 4197 799 4253 Τ
890 4196 934 4251 hic
952 4210 1002 4250 em.
1021 4193 1134 4252 D¹PTe

67 4285 101 4339 22
117 4289 237 4339 insessae
255 4282 284 4336 P
308 4281 464 4335 inchoatum
477 4297 530 4339 esse
546 4290 612 4357 MV
704 4284 740 4341 23
753 4280 920 4354 praedixerat
932 4281 961 4337 P
1046 4282 1080 4336 24
1099 4282 1130 4336 de
1143 4281 1201 4351 pul·

69 4373 154 4473 11⁶1·ss
173 4389 214 4455 (m
232 4385 284 4441 M·
303 4401 337 4438 Μ·
353 4388 382 4448 2)
400 4382 430 4436 D
519 4393 582 4474 limo
600 4408 632 4470 D
740 4387 775 4442 26
793 4387 933 4443 iusuiisuit
958 4386 984 4440 V
1077 4386 1110 4441 27
1129 4401 1204 4456 prae·

67 4492 214 4546 disiiuatus
231 4487 306 4544 DPu

1049 4595 1103 4652 15·
