2760 4814
300 530 468 601 lixoerpta
485 546 522 586 ex
539 547 610 601 opp.
628 532 655 587 S.
672 531 861 602 Augustini
879 533 953 590 XXI.
1133 535 1195 602 177

59 726 125 791 ate
155 724 336 806 coeperunt
373 723 407 788 at
433 721 463 789 ai
491 739 552 787 non
574 722 743 803 potuerunt
763 740 798 787 aa
819 721 907 805 ipsoa'
923 722 1026 789 faeere
1048 724 1195 792 meliores

56 845 153 909 quam
182 825 238 893 ille
259 844 313 892 eae
336 824 457 892 ieoerat·
482 832 668 907 quo··nemo·
685 825 798 891 molius
820 827 987 909 quiequam
1009 827 1098 907 iacit,
1120 847 1193 913 pro·

55 930 142 996 teoto
165 933 201 996 et
222 927 337 996 bonam
360 927 570 1010 uoluntatem,
593 946 654 1010 qua
668 927 813 993 melioret
830 934 949 1012 eeeent,'
968 929 1030 994 niai
1046 934 1195 1012 operante

55 1031 217 1099 adiumrio
240 1031 389 1099 areatoria
410 1032 524 1098 habero
546 1049 608 1097 non
631 1035 765 1114 poaeent
797 1034 830 1097 et
847 1049 919 1097 oum
941 1032 974 1096 id
995 1034 1064 1118 egit
1087 1052 1194 1099 eorum

35 1136 205 1204 euolnntae
235 1134 317 1203 bona
351 1135 387 1203 ut
412 1152 476 1203 non
507 1133 548 1201 ad
569 1152 612 1200 ee.
631 1133 717 1216 ipeoe
745 1135 799 1216 qui
825 1135 930 1201 minue
947 1139 1052 1215 erant
1076 1137 1130 1202 eod
1152 1138 1193 1203 ad

56 1241 149 1305 illum
173 1239 229 1321 qui
252 1257 376 1305 summe
397 1243 445 1306 eat
466 1240 725 1305 annumerentur
751 1238 841 1322 eique
864 1239 1067 1311 adhaerentes
1091 1241 1194 1325 magia

56 1346 163 1409 eoeent
187 1343 316 1424 eiusque
336 1341 577 1424 participatione
598 1342 758 1424 sapienter
775 1342 926 1424 beateque
941 1343 1094 1426 uiuerent,
1117 1343 1193 1428 quid

55 1447 145 1512 aliud
178 1445 357 1514 ostenditur
390 1445 452 1511 niei
491 1445 688 1512 uoluntatem
723 1444 837 1511 bonam
871 1446 1046 1527 quamlibet
1080 1448 1194 1512 bonam

55 1553 184 1633 inopem
219 1549 316 1615 fnieee
348 1549 382 1617 in
414 1549 480 1616 eolo
513 1549 667 1617 deriderio
701 1567 925 1626 remansuram,
960 1550 1022 1615 niei
1054 1550 1109 1616 alle
1140 1553 1195 1633 qni

25 1657 173 1724 ebonem
208 1657 356 1719 naturam
389 1671 425 1719 ex
458 1654 556 1720 nihilo
588 1653 638 1719 aui
660 1647 816 1736 *oapaoem
845 1652 971 1730 suaerat,
1006 1671 1042 1718 aa
1070 1654 1195 1735 seipso

57 1757 177 1824 lauerat
199 1755 359 1839 implendo
381 1755 553 1836 meliorem,
576 1756 663 1839 prius
684 1756 804 1822 faoiene
820 1757 984 1823 eroitando
997 1756 1195 1824 auidiorem?

58 1881 133 1929 nam
156 1865 192 1929 et
212 1861 273 1927 hoo
300 1860 532 1927 dimetiendum
559 1862 616 1937 eat,
645 1860 671 1925 ei
695 1860 767 1925 honi
789 1861 895 1942 angeli
916 1862 977 1942 ipsi
998 1861 1032 1925 in
1056 1879 1090 1925 ee
1112 1860 1194 1924 leoe-

59 1969 135 2031 runt
156 1965 359 2031 uoluntatem
380 1964 504 2039 honam,
529 1966 636 2029 utrum
652 1963 758 2046 aliqua
774 1982 843 2029 eam
858 1981 897 2028 an
919 1965 1009 2030 nulla
1031 1965 1194 2030 uoluntate

60 2071 215 2135 iecerunt.
250 2071 276 2133 ai
298 2067 395 2147 nulla,
419 2068 527 2150 utique
550 2086 606 2133 neo
624 2067 781 2151 faoeruni3
804 2068 832 2133 ai
848 2068 962 2149 aliqua,
986 2072 1094 2132 utrum
1110 2066 1195 2131 mala

31 2192 99 2239 uan
123 2172 228 2238 hona?
259 2171 286 2235 ai
309 2174 402 2250 mala,
431 2172 583 2253 quomodo
603 2172 708 2254 potuit
730 2189 798 2236 esee
821 2171 906 2236 mala
928 2173 1072 2236 uoluntas
1094 2170 1194 2234 bonae

60 2275 235 2342 uoluntatis
269 2275 431 2341 effectrix?
463 2276 490 2340 ai
519 2274 611 2358 bona,
643 2277 705 2345 iam
734 2295 807 2360 ergo
829 2274 996 2341 habebant.
1037 2276 1069 2340 et
1098 2275 1195 2340 istam

60 2382 128 2463 quis
151 2379 273 2444 fecerat
294 2377 357 2445 niai
378 2378 434 2444 ille
456 2378 510 2461 qai
533 2396 583 2443 eoe
602 2397 674 2444 oum
696 2380 777 2445 bona
798 2378 972 2464 uoluntate,
995 2377 1028 2442 id
1052 2377 1100 2442 esi
1123 2395 1195 2442 oum

61 2501 164 2549 amore
188 2482 283 2560 caeto,
306 2500 366 2566 quo
387 2480 437 2548 illi
459 2482 640 2561 adhaerent,
665 2482 793 2561 creauit,
815 2482 912 2548 simul
935 2482 980 2548 eie
1003 2482 1036 2546 el
1059 2480 1195 2544 oondene

62 2592 210 2651 naturam
233 2588 264 2649 et
286 2586 422 2670 largiens
450 2586 611 2670 gratiam?
644 2588 725 2652 unde
755 2586 814 2651 nisi
838 2589 917 2652 hona
939 2585 1113 2660 uoluntate,
1137 2581 1196 2646 hoo

33 2694 109 2754 „aa
137 2689 192 2756 dei
223 2704 338 2766 amore,
368 2704 540 2772 numquam
570 2690 696 2754 aanotoe
726 2689 852 2773 angelos
881 2689 977 2754 lnieee
1007 2687 1195 2753 eredendum

62 2799 118 2858 eet
153 2794 209 2858 ieti
232 2796 338 2858 antem
361 2793 415 2874 qui
436 2811 508 2858 oum
531 2791 603 2857 honi
627 2791 724 2858 creati
746 2793 862 2871 essent,
890 2793 998 2858 tamen
1020 2790 1097 2856 mali
1120 2793 1196 2855 eunt

61 2933 101 2945 —
122 2894 212 2962 mala
232 2899 358 2979 propria
378 2895 550 2975 uoluntate,
573 2914 667 2978 quam
690 2897 771 2962 bona
794 2895 905 2960 natura
935 2914 996 2961 non
1026 2892 1111 2974 feeit,
1134 2893 1197 2960 nisi

63 3019 132 3066 annu
164 3017 186 3064 a
210 2998 295 3065 bono
325 3001 434 3083 sponte
462 2997 586 3075 deiecit,
616 2998 653 3064 ut
681 2999 758 3064 mali
787 3016 880 3065 musa
905 3016 968 3065 non
997 2996 1196 3075 stabolum,

61 3104 113 3170 red
134 3103 281 3169 defectus
303 3123 323 3169 a
345 3103 424 3168 bono
440 3107 552 3169 -aut
574 3103 727 3168 minorem
749 3103 936 3186 aeceperunt
958 3101 1073 3168 amoris
1096 3095 1197 3167 diuini

34 3208 202 3292 agnetam
229 3224 325 3290 quam
352 3206 401 3272 illi
430 3208 485 3291 qui
504 3204 540 3272 in
562 3208 670 3273 eadem
698 3208 904 3291 perstiterunt
933 3209 999 3283 aut,
1022 3203 1049 3269 ei
1072 3203 1198 3286 utrique

63 3310 134 3377 toni
170 3309 346 3392 aequaliter
376 3311 476 3376 oreati
505 3313 591 3388 eunt,
624 3310 694 3375 istie
716 3311 803 3377 mala
824 3308 988 3375 uolunt-ate
1012 3305 1198 3373 cadentibus

64 3415 112 3480 illi
134 3411 278 3495 amplius
301 3411 403 3478 adiuti
424 3415 549 3480 adeam
570 3412 777 3479 beatitudinis
799 3413 1037 3497 plenitudinem,
1061 3408 1144 3476 unde
1165 3426 1199 3472 ao

64 3535 239 3601 numquam
267 3534 393 3582 oaeuroa
421 3516 588 3583 oertieeimi
615 3514 737 3600 fierent,
772 3519 991 3600 peruenerunt,
1025 3513 1105 3579 siout
1135 3511 1200 3576 iam

65 3621 95 3687 in
130 3622 216 3688 libro
250 3637 342 3703 quem
379 3620 520 3706 sequitur
556 3619 615 3686 iate
649 3623 869 3688 traotauimue.
911 3618 1122 3709 confitendum
1153 3618 1202 3681 eei

168 3792 493 3851 ffldeomdeixlld

117 3940 304 4020 latlauta'
366 3949 454 4017 ipaoo
540 3948 661 4005 milioree
672 3947 709 4004 Ρι
795 3945 1009 4007 heoaillaPTo
1093 3943 1203 4013 aquarn

71 4036 94 4090 Τ
179 4037 332 4092 aarum
355 4034 382 4089 V
403 4038 503 4091 eumad
520 4035 575 4093 P‘o
655 4033 682 4099 ,l
700 4033 846 4104 beataeque
862 4032 927 4088 MV
1009 4031 1204 4091 ¹iirarrranenro

68 4139 84 4176 a
178 4119 365 4178 llteaarato
459 4119 656 4182 abidiorernV
751 4117 918 4186 aaran?
1012 4114 1136 4186 aalaT

71 4212 175 4267 ihu
191 4208 328 4278 potuitT
420 4208 453 4263 ll
471 4210 538 4286 quie]
556 4214 604 4287 qni
622 4209 691 4267 m
774 4208 818 4264 -18
831 4207 883 4267 ,ille
902 4205 940 4261 Ρι
1025 4203 1205 4260 adhaererent

72 4296 96 4352 T
181 4294 409 4365 liniailril’ua
434 4293 543 4356 riaeP²
578 4354 582 4365 ,
624 4294 831 4362 halaam,
878 4291 975 4348 aintl'
1056 4288 1207 4358 areoupe

69 4381 212 4439 mour
297 4381 555 4464 ffiwmmntp
636 4378 889 4452 utrumquem·
956 4375 1139 4437 manuue

70 4468 283 4526 amp
355 4463 517 4544 mimo„
595 4465 855 4560 mquomsslliu
927 4467 1143 4527 mmmm„

117 4570 210 4628 vnn.
1067 4570 1104 4628 12
