2760 4814
177 323 220 391 90
648 319 834 390 [Eugippii]

177 515 224 577 est
247 511 313 577 tem
341 510 454 594 grandi
488 510 621 576 scientis
643 511 676 576 et
704 510 908 594 praescientia
939 508 1060 592 pollens
1088 510 1221 588 animus,
1257 527 1292 576 cu

177 619 290 681 cuncte
322 614 493 699 praeterit-s
520 616 552 679 et
580 613 689 679 future
710 614 756 679 ite
785 613 858 679 note
880 613 945 679 sint
977 613 1062 679 sicut
1095 612 1174 678 mihi
1208 632 1292 680 unun

177 720 334 784 canticum
358 717 568 795 notissimum,
591 716 724 783 nimium
748 715 904 782 mmebilis
920 719 968 782 est
983 715 1107 781 enimus
1129 717 1191 781 iste
1213 719 1292 801 atqu

176 823 216 888 ed
239 819 394 887 horrorem
418 822 598 904 stupendus,
628 820 744 904 quippe
766 839 859 903 quem
882 820 928 884 its
949 838 1010 885 non
1032 820 1134 887 latent
1156 819 1292 903 quidquio

176 927 340 1010 peractum
362 927 395 991 ct
416 924 567 1007 quidquid
582 923 736 1006 reliquum
753 923 950 990 saeculorum
965 926 1022 1002 est,
1045 925 1292 1006 quemadmodum

177 1047 229 1094 me
264 1047 325 1094 non
358 1030 438 1094 letet
471 1031 650 1095 cantantem
683 1025 762 1093 illud
796 1027 954 1093 senticum
987 1026 1062 1110 quid
1093 1029 1125 1094 et
1152 1028 1291 1110 quantun

176 1131 244 1198 eius
267 1131 380 1198 abierit
401 1133 440 1197 ab
463 1132 596 1211 exordio,
619 1130 694 1215 qnid
717 1131 749 1197 et
771 1133 922 1214 quantum
943 1131 1040 1197 restet
1062 1132 1101 1196 sd
1123 1129 1227 1196 finem.
1251 1148 1291 1195 ιιι

177 1235 258 1301 absit
281 1240 316 1301 ut
338 1240 383 1314 tu,
407 1236 548 1301 conditor
571 1234 796 1313 uniuersitatis,
820 1235 963 1301 conditor
985 1235 1161 1299 enimerum
1184 1240 1217 1300 et
1240 1252 1291 1299 cor

176 1356 298 1423 porum,
322 1337 404 1405 absit
426 1343 462 1403 ιιι
484 1338 531 1404 ιιι
552 1339 674 1404 noueris
697 1338 801 1404 omnis
824 1338 932 1404 future
948 1340 980 1404 et
1002 1339 1190 1421 praeterite:
1214 1338 1291 1422 long

177 1443 223 1522 tu,
257 1441 350 1528 longe
383 1442 558 1509 mirabilius
590 1443 744 1526 longeque
777 1441 937 1508 secretius.
975 1461 1074 1525 neque
1108 1441 1191 1508 enim
1224 1440 1292 1506 sicu

177 1549 251 1611 note
266 1546 424 1612 contentis
439 1551 590 1612 notumne
605 1549 761 1612 senticum
777 1547 934 1612 audientis
950 1546 1180 1630 exspectatione
1196 1561 1291 1611 noonn

177 1648 355 1714 futurarum
378 1654 410 1715 et
432 1649 584 1716 memorie
605 1652 846 1733 praeteritorum
869 1649 1011 1716 ucriatnr
1032 1649 1164 1716 effectus
1185 1666 1291 1714 sensus

176 1769 235 1835 que
272 1752 476 1837 distenditur,
515 1753 560 1819 ite
597 1754 656 1820 tibi
693 1753 810 1836 aliquid
850 1754 966 1820 eccidit
1006 1751 1291 1819 incommutabilite

178 1856 314 1936 aeterno,
349 1857 407 1923 hoc
435 1858 485 1924 est
514 1875 585 1922 uere
613 1858 736 1922 aeterno
763 1857 896 1923 creatori
926 1858 1089 1922 mentium.
1128 1857 1212 1921 sicut
1234 1872 1291 1939 erg

177 1960 259 2026 nosti
289 1958 323 2025 in
351 1960 501 2045 principio
537 1960 658 2027 ceolum
687 1961 720 2025 et
748 1961 868 2026 terrem
897 1960 965 2026 sine
991 1959 1145 2026 uarietate
1175 1957 1291 2025 notitia

177 2064 258 2144 tuse,
281 2064 328 2130 ite
348 2065 455 2130 fecisti
478 2065 509 2129 in
531 2062 685 2147 principio
701 2062 822 2129 caelum
839 2066 871 2128 et
893 2064 1011 2128 terram
1031 2062 1099 2128 eine
1120 2061 1291 2130 distention

177 2168 306 2235 actionis
334 2171 416 2234 tuce.
454 2170 506 2250 qui
535 2165 693 2250 intellegit
721 2165 907 2232 confiteatur
934 2164 1003 2245 tibi,
1035 2167 1069 2231 et
1097 2167 1234 2248 quinon
1256 2165 1291 2229 in

177 2270 301 2356 tellegit
323 2271 508 2338 confitentur
529 2269 600 2336 tibi.
630 2288 648 2334 o
670 2288 765 2354 quem
781 2271 919 2335 excelsus
942 2273 993 2335 es!
1016 2273 1048 2335 et
1063 2267 1198 2335 humiles
1214 2268 1289 2333 cord

177 2378 250 2441 sunt
273 2375 384 2441 domus
408 2375 473 2442 tua.
501 2377 537 2441 tu
561 2373 646 2440 enim
663 2373 756 2458 erigis
773 2374 877 2453 elisos,
901 2377 933 2438 et
956 2390 1017 2438 non
1033 2373 1152 2439 cedunt
1174 2389 1290 2454 quorun

177 2476 329 2544 celsitudo
351 2481 388 2543 tu
411 2497 453 2544 es.

178 2734 236 2824 [De
262 2750 448 2801 MIRACVLIS
478 2752 569 2813 Qvnn
590 2750 732 2801 mnmcls
753 2749 898 2800 ARTIBVS
921 2751 1034 2800 FIVNT.
1067 2751 1113 2799 EX
1135 2750 1240 2799 LIBRO
1261 2750 1290 2798 DJ

552 2855 735 2905 Temenus:
760 2855 801 2902 111
823 2855 853 2903 Τ.
877 2855 934 2902 vn.

127 3011 168 3076 10
220 2995 281 3062 Hic
313 2994 404 3061 uideo
434 2994 510 3078 quid
537 2993 682 3060 infirmae
710 2992 894 3077 cogitationi
924 2994 1022 3077 possit
1050 3011 1221 3072 occurrere,
1254 3010 1289 3059 cn

177 3099 300 3164 scilicet
332 3099 394 3164 iste
427 3097 579 3164 miraculo
607 3098 702 3162 etism
733 3097 865 3180 megicie
893 3096 1015 3163 artibus
1046 3096 1133 3162 fient.
1174 3113 1290 3162 neme

177 3203 264 3286 megi
293 3202 464 3267 Pharaonis
492 3200 637 3268 similiter
666 3202 830 3284 serpentes
858 3199 999 3265 fecerunt
1027 3201 1059 3265 et
1087 3198 1150 3265 etis
1179 3198 1290 3266 similis

178 3307 230 3371 sed
257 3302 338 3371 illud
365 3303 500 3388 emplius
527 3306 575 3369 est
604 3301 834 3379 admirandum,
869 3301 1022 3383 quomodo
1055 3318 1219 3384 magorum
1253 3301 1290 3370 ill

178 3408 330 3491 potentis,
362 3426 440 3491 quse
469 3408 627 3490 serpentes
656 3407 757 3473 iecere
779 3406 894 3488 potuit,
919 3405 973 3470 ubi
995 3405 1035 3470 ed
1057 3423 1181 3472 mesces
1203 3405 1289 3472 minu

177 3511 318 3577 tissimus
352 3516 481 3577 uentum
503 3516 550 3578 est
580 3511 706 3577 omnino
735 3509 858 3576 deiecit.
889 3507 1015 3575 scinifes
1044 3510 1125 3573 enim
1148 3509 1290 3574 muscula

281 3698 314 3753 ιι
332 3697 365 3752 er.
383 3697 427 3754 ιι.
446 3699 539 3766 usse

229 3869 244 3922 1
271 3868 383 3936 mendis
410 3869 457 3924 Μ’
560 3869 672 3924 scientis
689 3869 749 3923 M‘:
776 3868 904 3925 scientias
926 3868 952 3923 V
1053 3871 1081 3924 et
1098 3883 1148 3923 om.
1166 3867 1243 3924 ΜΨ

175 3987 335 4058 prescientia
352 3987 399 4042 Μ’
483 3988 500 4044 5
518 3987 631 4058 reliqum
648 3987 675 4043 V
695 3961 808 4059 reliqum
827 3989 866 4044 M
950 3988 965 4042 7
983 3987 1070 4042 oberit
1087 3987 1123 4042 Μ
1208 3989 1241 4044 19
1259 4003 1289 4043 et

176 4089 223 4144 ges
247 4074 312 4130 m'
410 4075 442 4130 21
468 4091 545 4146 capp.
564 4078 680 4130 10-24
698 4074 798 4131 desunt
814 4075 846 4130 in
863 4074 929 4130 MV
1028 4074 1063 4129 23
1080 4073 1182 4129 infirmi
1202 4075 1240 4130 P¹

176 4161 312 4230 possetT
402 4162 543 4233 25megi3
564 4162 811 4216 inmiserat.
831 4162 858 4217 P
944 4161 1074 4232 serpentis
1092 4161 1135 4216 D¹
1230 4162 1289 4218 26«

172 4247 383 4318 possedant.
404 4250 430 4306 Τ
472 4305 476 4313 ,
531 4248 725 4304 imminendum
744 4249 797 4304 PT
896 4248 930 4304 28
948 4248 1085 4319 sciniphes
1104 4247 1172 4305 GTn
