<?xml version="1.0" encoding="UTF-8"?>
<!DOCTYPE html PUBLIC "-//W3C//DTD XHTML 1.0 Transitional//EN"
    "http://www.w3.org/TR/xhtml1/DTD/xhtml1-transitional.dtd">
<html xmlns="http://www.w3.org/1999/xhtml" xml:lang="en" lang="en">
 <head>
  <title>
</title>
<meta http-equiv="Content-Type" content="text/html;charset=utf-8" />
  <meta name='ocr-system' content='tesseract 3.04.00' />
  <meta name='ocr-capabilities' content='ocr_page ocr_carea ocr_par ocr_line ocrx_word'/>
</head>
<body>
  <div class='ocr_page' id='page_1' title='image "./evgippiiexcerpt00kngoog/evgippiiexcerpt00kngoog_0645.png"; bbox 0 0 2760 4814; ppageno 0'>
   <div class='ocr_carea' id='block_1_1' title="bbox 214 285 859 356">
    <p class='ocr_par' dir='ltr' id='par_1_1' title="bbox 214 285 859 356">
     <span class='ocr_line' id='line_1_1' title="bbox 214 285 859 356; baseline -0.002 0"><span class='ocrx_word' id='word_1_1' title='bbox 214 289 279 356; x_wconf 51' lang='grc' dir='ltr'><strong>πο</strong></span> <span class='ocrx_word' id='word_1_2' title='bbox 696 285 859 355; x_wconf 54' lang='lat' dir='ltr'><strong>summi</strong></span> 
     </span>
    </p>
   </div>
   <div class='ocr_carea' id='block_1_2' title="bbox 216 473 1339 748">
    <p class='ocr_par' dir='ltr' id='par_1_2' title="bbox 216 473 1339 748">
     <span class='ocr_line' id='line_1_2' title="bbox 216 473 1339 556; baseline -0.002 -15"><span class='ocrx_word' id='word_1_3' title='bbox 216 477 304 541; x_wconf 91' lang='lat' dir='ltr'><strong>illius</strong></span> <span class='ocrx_word' id='word_1_4' title='bbox 329 475 411 540; x_wconf 83' lang='lat' dir='ltr'><strong>nitas</strong></span> <span class='ocrx_word' id='word_1_5' title='bbox 433 474 672 540; x_wconf 85' lang='lat' dir='ltr'><strong>immortalitate</strong></span> <span class='ocrx_word' id='word_1_6' title='bbox 696 473 889 539; x_wconf 88' lang='lat' dir='ltr'><strong>confidimns.</strong></span> <span class='ocrx_word' id='word_1_7' title='bbox 926 473 1120 556; x_wconf 84' lang='lat' dir='ltr'><strong>omnipotens</strong></span> <span class='ocrx_word' id='word_1_8' title='bbox 1149 473 1236 538; x_wconf 89' lang='lat' dir='ltr'><strong>enim</strong></span> <span class='ocrx_word' id='word_1_9' title='bbox 1259 475 1339 549; x_wconf 83' lang='lat' dir='ltr'><strong>deus,</strong></span> 
     </span>
     <span class='ocr_line' id='line_1_3' title="bbox 216 576 1338 664; baseline -0.002 -20"><span class='ocrx_word' id='word_1_10' title='bbox 216 580 270 664; x_wconf 91' lang='lat' dir='ltr'><strong>qni</strong></span> <span class='ocrx_word' id='word_1_11' title='bbox 293 582 440 662; x_wconf 79' lang='lat' dir='ltr'>operatur</span> <span class='ocrx_word' id='word_1_12' title='bbox 463 579 541 644; x_wconf 91' lang='lat' dir='ltr'><strong>bona</strong></span> <span class='ocrx_word' id='word_1_13' title='bbox 573 579 667 643; x_wconf 89' lang='lat' dir='ltr'><strong>etiam</strong></span> <span class='ocrx_word' id='word_1_14' title='bbox 689 579 727 642; x_wconf 88' lang='lat' dir='ltr'><strong>de</strong></span> <span class='ocrx_word' id='word_1_15' title='bbox 750 578 866 642; x_wconf 89' lang='lat' dir='ltr'><strong>nostris</strong></span> <span class='ocrx_word' id='word_1_16' title='bbox 888 576 989 657; x_wconf 87' lang='lat' dir='ltr'><strong>malis,</strong></span> <span class='ocrx_word' id='word_1_17' title='bbox 1012 576 1118 658; x_wconf 90' lang='lat' dir='ltr'><strong>qualia</strong></span> <span class='ocrx_word' id='word_1_18' title='bbox 1140 576 1230 643; x_wconf 86' lang='lat' dir='ltr'><strong>dabit</strong></span> <span class='ocrx_word' id='word_1_19' title='bbox 1255 578 1338 653; x_wconf 88' lang='lat' dir='ltr'><strong>bona,</strong></span> 
     </span>
     <span class='ocr_line' id='line_1_4' title="bbox 216 679 856 748; baseline -0.002 -1"><span class='ocrx_word' id='word_1_20' title='bbox 216 701 289 747; x_wconf 89' lang='lat' dir='ltr'><strong>cum</strong></span> <span class='ocrx_word' id='word_1_21' title='bbox 311 681 492 748; x_wconf 91' lang='lat' dir='ltr'><strong>liberauorit</strong></span> <span class='ocrx_word' id='word_1_22' title='bbox 514 679 554 746; x_wconf 90' lang='lat' dir='ltr'><strong>ab</strong></span> <span class='ocrx_word' id='word_1_23' title='bbox 577 680 719 746; x_wconf 82' lang='lat' dir='ltr'><strong>omnibns</strong></span> <span class='ocrx_word' id='word_1_24' title='bbox 743 680 856 746; x_wconf 75' lang='lat' dir='ltr'><strong>malis?</strong></span> 
     </span>
    </p>
   </div>
   <div class='ocr_carea' id='block_1_3' title="bbox 652 967 903 1053">
    <p class='ocr_par' dir='ltr' id='par_1_3' title="bbox 652 967 903 1053">
     <span class='ocr_line' id='line_1_5' title="bbox 652 967 903 1053; baseline -0.004 0"><span class='ocrx_word' id='word_1_25' title='bbox 652 967 903 1053; x_wconf 78' lang='lat' dir='ltr'><strong>onxxxlffl.</strong></span> 
     </span>
    </p>
   </div>
   <div class='ocr_carea' id='block_1_4' title="bbox 213 1158 1358 1327">
    <p class='ocr_par' dir='ltr' id='par_1_4' title="bbox 213 1158 1358 1327">
     <span class='ocr_line' id='line_1_6' title="bbox 213 1158 1358 1226; baseline -0.003 -15"><span class='ocrx_word' id='word_1_26' title='bbox 213 1164 260 1212; x_wconf 83' lang='lat' dir='ltr'><strong>EX</strong></span> <span class='ocrx_word' id='word_1_27' title='bbox 292 1163 410 1211; x_wconf 84' lang='lat' dir='ltr'><strong>EODEM</strong></span> <span class='ocrx_word' id='word_1_28' title='bbox 440 1161 598 1210; x_wconf 75' lang='lat' dir='ltr'><strong>SEREONE</strong></span> <span class='ocrx_word' id='word_1_29' title='bbox 628 1161 674 1209; x_wconf 91' lang='lat' dir='ltr'><strong>DE</strong></span> <span class='ocrx_word' id='word_1_30' title='bbox 704 1161 944 1210; x_wconf 74' lang='lat' dir='ltr'><strong>CONTINENTIA.</strong></span> <span class='ocrx_word' id='word_1_31' title='bbox 980 1162 1036 1226; x_wconf 79' lang='lat' dir='ltr'><strong>DE,</strong></span> <span class='ocrx_word' id='word_1_32' title='bbox 1066 1162 1103 1208; x_wconf 89' lang='lat' dir='ltr'><strong>ID</strong></span> <span class='ocrx_word' id='word_1_33' title='bbox 1133 1161 1229 1221; x_wconf 76' lang='lat' dir='ltr'><strong>Qvon</strong></span> <span class='ocrx_word' id='word_1_34' title='bbox 1259 1158 1358 1208; x_wconf 75' lang='lat' dir='ltr'><strong>AI’0·⁵</strong></span> 
     </span>
     <span class='ocr_line' id='line_1_7' title="bbox 278 1263 1278 1327; baseline -0.003 -14"><span class='ocrx_word' id='word_1_35' title='bbox 278 1265 404 1313; x_wconf 81' lang='lat' dir='ltr'>STOLVS</span> <span class='ocrx_word' id='word_1_36' title='bbox 427 1267 493 1327; x_wconf 76' lang='lat' dir='ltr'><strong>AIT,</strong></span> <span class='ocrx_word' id='word_1_37' title='bbox 520 1265 660 1313; x_wconf 79' lang='lat' dir='ltr'><strong>MENTE</strong></span> <span class='ocrx_word' id='word_1_38' title='bbox 682 1264 835 1313; x_wconf 81' lang='lat' dir='ltr'>SERVIO</span> <span class='ocrx_word' id='word_1_39' title='bbox 857 1264 954 1313; x_wconf 81' lang='lat' dir='ltr'><strong>LEGI</strong></span> <span class='ocrx_word' id='word_1_40' title='bbox 977 1264 1047 1311; x_wconf 85' lang='lat' dir='ltr'><strong>DEI</strong></span> <span class='ocrx_word' id='word_1_41' title='bbox 1069 1264 1113 1311; x_wconf 87' lang='lat' dir='ltr'><strong>ET</strong></span> <span class='ocrx_word' id='word_1_42' title='bbox 1135 1263 1278 1312; x_wconf 79' lang='lat' dir='ltr'><strong>OE&#39;IERA.</strong></span> 
     </span>
    </p>
   </div>
   <div class='ocr_carea' id='block_1_5' title="bbox 140 1402 1360 2103">
    <p class='ocr_par' dir='ltr' id='par_1_5' title="bbox 140 1402 1360 2103">
     <span class='ocr_line' id='line_1_8' title="bbox 140 1402 1331 1486; baseline -0.002 -17"><span class='ocrx_word' id='word_1_43' title='bbox 140 1403 204 1469; x_wconf 80' lang='lat'><strong>202</strong></span> <span class='ocrx_word' id='word_1_44' title='bbox 256 1402 424 1484; x_wconf 81' lang='lat' dir='ltr'><strong>Apostolus</strong></span> <span class='ocrx_word' id='word_1_45' title='bbox 461 1421 522 1467; x_wconf 93' lang='lat' dir='ltr'><strong>non</strong></span> <span class='ocrx_word' id='word_1_46' title='bbox 558 1402 618 1467; x_wconf 88' lang='lat' dir='ltr'><strong>ait:</strong></span> <span class='ocrx_word' id='word_1_47' title='bbox 657 1405 933 1486; x_wconf 90' lang='lat' dir='ltr'><strong>unnsquisque</strong></span> <span class='ocrx_word' id='word_1_48' title='bbox 968 1405 1169 1467; x_wconf 75' lang='lat' dir='ltr'><strong>temtatur</strong></span> <span class='ocrx_word' id='word_1_49' title='bbox 1202 1422 1222 1468; x_wconf 85' lang='lat' dir='ltr'><strong>a</strong></span> <span class='ocrx_word' id='word_1_50' title='bbox 1254 1420 1331 1467; x_wconf 91' lang='lat' dir='ltr'><strong>oon·</strong></span> 
     </span>
     <span class='ocr_line' id='line_1_9' title="bbox 213 1505 1331 1589; baseline -0.002 -18"><span class='ocrx_word' id='word_1_51' title='bbox 213 1505 480 1589; x_wconf 86' lang='lat' dir='ltr'><strong>cupiscentia‚</strong></span> <span class='ocrx_word' id='word_1_52' title='bbox 503 1506 558 1570; x_wconf 88' lang='lat' dir='ltr'><strong>sed</strong></span> <span class='ocrx_word' id='word_1_53' title='bbox 580 1506 716 1572; x_wconf 79' lang='lat' dir='ltr'><strong>addidit:</strong></span> <span class='ocrx_word' id='word_1_54' title='bbox 739 1525 821 1587; x_wconf 89' lang='lat' dir='ltr'><strong>sna,</strong></span> <span class='ocrx_word' id='word_1_55' title='bbox 845 1509 881 1570; x_wconf 92' lang='lat' dir='ltr'><strong>ut</strong></span> <span class='ocrx_word' id='word_1_56' title='bbox 903 1507 956 1589; x_wconf 90' lang='lat' dir='ltr'><strong>qui</strong></span> <span class='ocrx_word' id='word_1_57' title='bbox 978 1506 1035 1572; x_wconf 91' lang='lat' dir='ltr'><strong>hoc</strong></span> <span class='ocrx_word' id='word_1_58' title='bbox 1052 1506 1142 1571; x_wconf 87' lang='lat' dir='ltr'><strong>audit</strong></span> <span class='ocrx_word' id='word_1_59' title='bbox 1163 1506 1331 1589; x_wconf 80' lang='lat' dir='ltr'><strong>intelleget,</strong></span> 
     </span>
     <span class='ocr_line' id='line_1_10' title="bbox 213 1608 1333 1694; baseline -0.001 -22"><span class='ocrx_word' id='word_1_60' title='bbox 213 1611 363 1690; x_wconf 89' lang='lat' dir='ltr'><strong>quomodo</strong></span> <span class='ocrx_word' id='word_1_61' title='bbox 396 1608 529 1672; x_wconf 85' lang='lat' dir='ltr'><strong>clamare</strong></span> <span class='ocrx_word' id='word_1_62' title='bbox 562 1608 686 1674; x_wconf 87' lang='lat' dir='ltr'><strong>debeat:</strong></span> <span class='ocrx_word' id='word_1_63' title='bbox 718 1626 786 1694; x_wconf 83' lang='lat' dir='ltr'><strong>ogo</strong></span> <span class='ocrx_word' id='word_1_64' title='bbox 818 1609 918 1689; x_wconf 85' lang='lat' dir='ltr'><strong>dixi,</strong></span> <span class='ocrx_word' id='word_1_65' title='bbox 949 1609 1120 1691; x_wconf 89' lang='lat' dir='ltr'><strong>domine,</strong></span> <span class='ocrx_word' id='word_1_66' title='bbox 1151 1608 1333 1675; x_wconf 88' lang='lat' dir='ltr'><strong>miserere</strong></span> 
     </span>
     <span class='ocr_line' id='line_1_11' title="bbox 212 1710 1360 1796; baseline -0.001 -20"><span class='ocrx_word' id='word_1_67' title='bbox 212 1712 302 1789; x_wconf 89' lang='lat' dir='ltr'><strong>moi,</strong></span> <span class='ocrx_word' id='word_1_68' title='bbox 337 1730 431 1776; x_wconf 84' lang='lat' dir='ltr'><strong>sana</strong></span> <span class='ocrx_word' id='word_1_69' title='bbox 464 1712 632 1776; x_wconf 88' lang='lat' dir='ltr'><strong>animam</strong></span> <span class='ocrx_word' id='word_1_70' title='bbox 665 1731 807 1791; x_wconf 87' lang='lat' dir='ltr'><strong>msam,</strong></span> <span class='ocrx_word' id='word_1_71' title='bbox 839 1712 1023 1796; x_wconf 88' lang='lat' dir='ltr'><strong>quoniam</strong></span> <span class='ocrx_word' id='word_1_72' title='bbox 1052 1710 1220 1794; x_wconf 88' lang='lat' dir='ltr'><strong>peccaui</strong></span> <span class='ocrx_word' id='word_1_73' title='bbox 1252 1711 1360 1776; x_wconf 73' lang='lat' dir='ltr'><strong>tinto</strong></span> 
     </span>
     <span class='ocr_line' id='line_1_12' title="bbox 212 1814 1334 1898; baseline 0.006 -20"><span class='ocrx_word' id='word_1_74' title='bbox 212 1832 272 1879; x_wconf 94' lang='lat' dir='ltr'><strong>non</strong></span> <span class='ocrx_word' id='word_1_75' title='bbox 295 1814 378 1879; x_wconf 90' lang='lat' dir='ltr'><strong>enim</strong></span> <span class='ocrx_word' id='word_1_76' title='bbox 400 1816 559 1881; x_wconf 79' lang='lat' dir='ltr'><strong>sanatione</strong></span> <span class='ocrx_word' id='word_1_77' title='bbox 583 1815 776 1898; x_wconf 80' lang='lat' dir='ltr'><strong>indiguisset,</strong></span> <span class='ocrx_word' id='word_1_78' title='bbox 800 1815 861 1879; x_wconf 91' lang='lat' dir='ltr'><strong>nisi</strong></span> <span class='ocrx_word' id='word_1_79' title='bbox 881 1814 1034 1897; x_wconf 88' lang='lat' dir='ltr'><strong>peccando</strong></span> <span class='ocrx_word' id='word_1_80' title='bbox 1049 1832 1083 1879; x_wconf 90' lang='lat' dir='ltr'><strong>se</strong></span> <span class='ocrx_word' id='word_1_81' title='bbox 1097 1814 1167 1897; x_wconf 87' lang='lat' dir='ltr'><strong>ipsa</strong></span> <span class='ocrx_word' id='word_1_82' title='bbox 1183 1815 1334 1885; x_wconf 79' lang='lat' dir='ltr'><strong>uitiasset</strong></span> 
     </span>
     <span class='ocr_line' id='line_1_13' title="bbox 211 1916 1335 1999; baseline 0 -18"><span class='ocrx_word' id='word_1_83' title='bbox 211 1916 264 1981; x_wconf 91' lang='lat' dir='ltr'><strong>sed</strong></span> <span class='ocrx_word' id='word_1_84' title='bbox 287 1918 323 1980; x_wconf 91' lang='lat' dir='ltr'><strong>nt</strong></span> <span class='ocrx_word' id='word_1_85' title='bbox 344 1917 495 1982; x_wconf 88' lang='lat' dir='ltr'><strong>aduersus</strong></span> <span class='ocrx_word' id='word_1_86' title='bbox 518 1936 585 1983; x_wconf 84' lang='lat' dir='ltr'><strong>earn</strong></span> <span class='ocrx_word' id='word_1_87' title='bbox 609 1936 681 1983; x_wconf 87' lang='lat' dir='ltr'><strong>caro</strong></span> <span class='ocrx_word' id='word_1_88' title='bbox 704 1937 761 1983; x_wconf 90' lang='lat' dir='ltr'><strong>sua</strong></span> <span class='ocrx_word' id='word_1_89' title='bbox 783 1919 1021 1999; x_wconf 81' lang='lat' dir='ltr'><strong>concupisceret,</strong></span> <span class='ocrx_word' id='word_1_90' title='bbox 1044 1916 1077 1981; x_wconf 94' lang='lat' dir='ltr'><strong>id</strong></span> <span class='ocrx_word' id='word_1_91' title='bbox 1100 1921 1147 1982; x_wconf 89' lang='lat' dir='ltr'><strong>est</strong></span> <span class='ocrx_word' id='word_1_92' title='bbox 1168 1917 1238 1998; x_wconf 87' lang='lat' dir='ltr'><strong>ipsa</strong></span> <span class='ocrx_word' id='word_1_93' title='bbox 1260 1917 1335 1982; x_wconf 87' lang='lat' dir='ltr'><strong>sibi·</strong></span> 
     </span>
     <span class='ocr_line' id='line_1_14' title="bbox 210 2019 1340 2103; baseline -0.002 -21"><span class='ocrx_word' id='word_1_94' title='bbox 210 2019 358 2101; x_wconf 87' lang='lat' dir='ltr'><strong>metipsi</strong></span> <span class='ocrx_word' id='word_1_95' title='bbox 381 2038 417 2083; x_wconf 86' lang='lat' dir='ltr'><strong>cx</strong></span> <span class='ocrx_word' id='word_1_96' title='bbox 440 2039 475 2085; x_wconf 87' lang='lat' dir='ltr'><strong>ea</strong></span> <span class='ocrx_word' id='word_1_97' title='bbox 496 2022 596 2102; x_wconf 85' lang='lat' dir='ltr'><strong>parto,</strong></span> <span class='ocrx_word' id='word_1_98' title='bbox 626 2039 687 2102; x_wconf 87' lang='lat' dir='ltr'><strong>qua</strong></span> <span class='ocrx_word' id='word_1_99' title='bbox 709 2020 740 2084; x_wconf 88' lang='lat' dir='ltr'><strong>in</strong></span> <span class='ocrx_word' id='word_1_100' title='bbox 763 2038 853 2085; x_wconf 86' lang='lat' dir='ltr'><strong>carne</strong></span> <span class='ocrx_word' id='word_1_101' title='bbox 875 2019 1034 2084; x_wconf 87' lang='lat' dir='ltr'><strong>infirmata</strong></span> <span class='ocrx_word' id='word_1_102' title='bbox 1056 2020 1113 2097; x_wconf 70' lang='lat' dir='ltr'><strong>est,</strong></span> <span class='ocrx_word' id='word_1_103' title='bbox 1138 2025 1340 2103; x_wconf 81' lang='lat' dir='ltr'><strong>repugnaret.</strong></span> 
     </span>
    </p>
   </div>
   <div class='ocr_carea' id='block_1_6' title="bbox 208 2137 1350 2532">
    <p class='ocr_par' dir='ltr' id='par_1_6' title="bbox 208 2137 1350 2532">
     <span class='ocr_line' id='line_1_15' title="bbox 253 2137 1342 2224; baseline 0.002 -20"><span class='ocrx_word' id='word_1_104' title='bbox 253 2137 331 2204; x_wconf 75' lang='lat' dir='ltr'><strong>Caro</strong></span> <span class='ocrx_word' id='word_1_105' title='bbox 362 2141 444 2204; x_wconf 84' lang='lat' dir='ltr'><strong>enirn</strong></span> <span class='ocrx_word' id='word_1_106' title='bbox 475 2141 555 2205; x_wconf 91' lang='lat' dir='ltr'><strong>nihil</strong></span> <span class='ocrx_word' id='word_1_107' title='bbox 584 2142 644 2206; x_wconf 92' lang='lat' dir='ltr'><strong>nisi</strong></span> <span class='ocrx_word' id='word_1_108' title='bbox 674 2161 729 2224; x_wconf 87' lang='lat' dir='ltr'><strong>per</strong></span> <span class='ocrx_word' id='word_1_109' title='bbox 755 2142 893 2206; x_wconf 89' lang='lat' dir='ltr'><strong>animam</strong></span> <span class='ocrx_word' id='word_1_110' title='bbox 915 2140 1116 2223; x_wconf 75' lang='lat' dir='ltr'><strong>concupiscit,</strong></span> <span class='ocrx_word' id='word_1_111' title='bbox 1147 2140 1203 2204; x_wconf 89' lang='lat' dir='ltr'><strong>sed</strong></span> <span class='ocrx_word' id='word_1_112' title='bbox 1224 2158 1342 2206; x_wconf 87' lang='lat' dir='ltr'><strong>concn-</strong></span> 
     </span>
     <span class='ocr_line' id='line_1_16' title="bbox 210 2242 1343 2328; baseline 0.001 -21"><span class='ocrx_word' id='word_1_113' title='bbox 210 2243 330 2323; x_wconf 85' lang='lat' dir='ltr'><strong>piscere</strong></span> <span class='ocrx_word' id='word_1_114' title='bbox 353 2262 424 2308; x_wconf 87' lang='lat' dir='ltr'><strong>caro</strong></span> <span class='ocrx_word' id='word_1_115' title='bbox 447 2247 594 2310; x_wconf 88' lang='lat' dir='ltr'><strong>aduersus</strong></span> <span class='ocrx_word' id='word_1_116' title='bbox 617 2246 761 2328; x_wconf 87' lang='lat' dir='ltr'><strong>spiritum</strong></span> <span class='ocrx_word' id='word_1_117' title='bbox 787 2245 913 2320; x_wconf 91' lang='lat' dir='ltr'><strong>dicitur,</strong></span> <span class='ocrx_word' id='word_1_118' title='bbox 945 2245 1066 2326; x_wconf 85' lang='lat' dir='ltr'><strong>quondo</strong></span> <span class='ocrx_word' id='word_1_119' title='bbox 1089 2242 1196 2307; x_wconf 80' lang='lat' dir='ltr'><strong>aniuna</strong></span> <span class='ocrx_word' id='word_1_120' title='bbox 1219 2244 1343 2310; x_wconf 84' lang='lat' dir='ltr'><strong>carnali</strong></span> 
     </span>
     <span class='ocr_line' id='line_1_17' title="bbox 208 2347 1350 2430; baseline 0.001 -20"><span class='ocrx_word' id='word_1_121' title='bbox 208 2347 455 2428; x_wconf 87' lang='lat' dir='ltr'><strong>eoncupiscentia</strong></span> <span class='ocrx_word' id='word_1_122' title='bbox 485 2347 611 2430; x_wconf 89' lang='lat' dir='ltr'><strong>spiritui</strong></span> <span class='ocrx_word' id='word_1_123' title='bbox 640 2350 820 2413; x_wconf 81' lang='lat' dir='ltr'><strong>reluctatur.</strong></span> <span class='ocrx_word' id='word_1_124' title='bbox 859 2352 960 2412; x_wconf 88' lang='lat' dir='ltr'><strong>toturn</strong></span> <span class='ocrx_word' id='word_1_125' title='bbox 987 2347 1046 2411; x_wconf 90' lang='lat' dir='ltr'><strong>hoo</strong></span> <span class='ocrx_word' id='word_1_126' title='bbox 1067 2364 1122 2411; x_wconf 93' lang='lat' dir='ltr'><strong>nos</strong></span> <span class='ocrx_word' id='word_1_127' title='bbox 1145 2365 1272 2427; x_wconf 78' lang='lat' dir='ltr'><strong>snmns3</strong></span> <span class='ocrx_word' id='word_1_128' title='bbox 1308 2352 1350 2411; x_wconf 84' lang='lat' dir='ltr'><strong>at</strong></span> 
     </span>
     <span class='ocr_line' id='line_1_18' title="bbox 209 2448 1346 2532; baseline 0.002 -20"><span class='ocrx_word' id='word_1_129' title='bbox 209 2465 281 2512; x_wconf 86' lang='lat' dir='ltr'><strong>caro</strong></span> <span class='ocrx_word' id='word_1_130' title='bbox 303 2450 380 2531; x_wconf 86' lang='lat' dir='ltr'><strong>ipsa,</strong></span> <span class='ocrx_word' id='word_1_131' title='bbox 405 2468 481 2532; x_wconf 87' lang='lat' dir='ltr'><strong>qnae</strong></span> <span class='ocrx_word' id='word_1_132' title='bbox 503 2453 679 2517; x_wconf 81' lang='lat' dir='ltr'><strong>discedente</strong></span> <span class='ocrx_word' id='word_1_133' title='bbox 701 2450 805 2517; x_wconf 86' lang='lat' dir='ltr'><strong>anima</strong></span> <span class='ocrx_word' id='word_1_134' title='bbox 822 2451 964 2530; x_wconf 88' lang='lat' dir='ltr'><strong>moritur,</strong></span> <span class='ocrx_word' id='word_1_135' title='bbox 988 2454 1097 2515; x_wconf 89' lang='lat' dir='ltr'><strong>nostra</strong></span> <span class='ocrx_word' id='word_1_136' title='bbox 1117 2466 1189 2530; x_wconf 86' lang='lat' dir='ltr'><strong>pars</strong></span> <span class='ocrx_word' id='word_1_137' title='bbox 1212 2448 1346 2515; x_wconf 81' lang='lat' dir='ltr'><strong>infirma</strong></span> 
     </span>
    </p>
   </div>
   <div class='ocr_carea' id='block_1_7' title="bbox 207 2551 1339 3049">
    <p class='ocr_par' dir='ltr' id='par_1_7' title="bbox 207 2551 1339 3049">
     <span class='ocr_line' id='line_1_19' title="bbox 209 2551 1338 2636; baseline 0.003 -22"><span class='ocrx_word' id='word_1_138' title='bbox 209 2552 275 2633; x_wconf 80' lang='lat' dir='ltr'><strong>est3</strong></span> <span class='ocrx_word' id='word_1_139' title='bbox 312 2569 374 2615; x_wconf 95' lang='lat' dir='ltr'><strong>non</strong></span> <span class='ocrx_word' id='word_1_140' title='bbox 407 2553 554 2636; x_wconf 85' lang='lat' dir='ltr'><strong>fugienda</strong></span> <span class='ocrx_word' id='word_1_141' title='bbox 583 2554 763 2632; x_wconf 84' lang='lat' dir='ltr'><strong>dimittitur,</strong></span> <span class='ocrx_word' id='word_1_142' title='bbox 798 2555 850 2618; x_wconf 88' lang='lat' dir='ltr'><strong>sod</strong></span> <span class='ocrx_word' id='word_1_143' title='bbox 882 2554 1058 2635; x_wconf 85' lang='lat' dir='ltr'><strong>recipienda</strong></span> <span class='ocrx_word' id='word_1_144' title='bbox 1088 2551 1249 2633; x_wconf 89' lang='lat' dir='ltr'><strong>reponitur</strong></span> <span class='ocrx_word' id='word_1_145' title='bbox 1281 2571 1338 2617; x_wconf 88' lang='lat' dir='ltr'><strong>noo</strong></span> 
     </span>
     <span class='ocr_line' id='line_1_20' title="bbox 208 2655 1339 2739; baseline 0.003 -22"><span class='ocrx_word' id='word_1_146' title='bbox 208 2658 331 2736; x_wconf 86' lang='lat' dir='ltr'><strong>recepta</strong></span> <span class='ocrx_word' id='word_1_147' title='bbox 353 2655 484 2720; x_wconf 89' lang='lat' dir='ltr'><strong>ulterius</strong></span> <span class='ocrx_word' id='word_1_148' title='bbox 508 2656 702 2739; x_wconf 84' lang='lat' dir='ltr'><strong>relinquitur.</strong></span> <span class='ocrx_word' id='word_1_149' title='bbox 741 2659 963 2722; x_wconf 88' lang='lat' dir='ltr'><strong>seminatur</strong></span> <span class='ocrx_word' id='word_1_150' title='bbox 985 2656 1069 2720; x_wconf 88' lang='lat' dir='ltr'><strong>enim</strong></span> <span class='ocrx_word' id='word_1_151' title='bbox 1092 2671 1233 2736; x_wconf 85' lang='lat' dir='ltr'><strong>eorpus</strong></span> <span class='ocrx_word' id='word_1_152' title='bbox 1257 2658 1339 2720; x_wconf 91' lang='lat' dir='ltr'><strong>ani·</strong></span> 
     </span>
     <span class='ocr_line' id='line_1_21' title="bbox 208 2756 1337 2842; baseline 0 -21"><span class='ocrx_word' id='word_1_153' title='bbox 208 2756 327 2835; x_wconf 90' lang='lat' dir='ltr'><strong>male,</strong></span> <span class='ocrx_word' id='word_1_154' title='bbox 359 2760 540 2840; x_wconf 87' lang='lat' dir='ltr'><strong>resurgit</strong></span> <span class='ocrx_word' id='word_1_155' title='bbox 569 2778 708 2842; x_wconf 89' lang='lat' dir='ltr'><strong>corpus</strong></span> <span class='ocrx_word' id='word_1_156' title='bbox 738 2760 936 2842; x_wconf 86' lang='lat' dir='ltr'><strong>spiritale.</strong></span> <span class='ocrx_word' id='word_1_157' title='bbox 976 2764 1051 2824; x_wconf 91' lang='lat' dir='ltr'><strong>tuno</strong></span> <span class='ocrx_word' id='word_1_158' title='bbox 1073 2759 1134 2822; x_wconf 90' lang='lat' dir='ltr'><strong>iam</strong></span> <span class='ocrx_word' id='word_1_159' title='bbox 1159 2776 1233 2823; x_wconf 85' lang='lat' dir='ltr'><strong>caro</strong></span> <span class='ocrx_word' id='word_1_160' title='bbox 1258 2757 1337 2822; x_wconf 89' lang='lat' dir='ltr'><strong>nihil</strong></span> 
     </span>
     <span class='ocr_line' id='line_1_22' title="bbox 207 2859 1336 2947; baseline 0 -22"><span class='ocrx_word' id='word_1_161' title='bbox 207 2859 397 2942; x_wconf 86' lang='lat' dir='ltr'><strong>concupiscit</strong></span> <span class='ocrx_word' id='word_1_162' title='bbox 419 2862 569 2927; x_wconf 87' lang='lat' dir='ltr'><strong>aduersus</strong></span> <span class='ocrx_word' id='word_1_163' title='bbox 592 2863 748 2946; x_wconf 88' lang='lat' dir='ltr'><strong>spiritum,</strong></span> <span class='ocrx_word' id='word_1_164' title='bbox 780 2862 903 2947; x_wconf 90' lang='lat' dir='ltr'><strong>qnando</strong></span> <span class='ocrx_word' id='word_1_165' title='bbox 926 2867 959 2927; x_wconf 90' lang='lat' dir='ltr'><strong>et</strong></span> <span class='ocrx_word' id='word_1_166' title='bbox 980 2864 1046 2945; x_wconf 89' lang='lat' dir='ltr'><strong>ipsa</strong></span> <span class='ocrx_word' id='word_1_167' title='bbox 1067 2859 1221 2944; x_wconf 88' lang='lat' dir='ltr'><strong>spiritalis</strong></span> <span class='ocrx_word' id='word_1_168' title='bbox 1245 2878 1336 2925; x_wconf 86' lang='lat' dir='ltr'><strong>uoca-</strong></span> 
     </span>
     <span class='ocr_line' id='line_1_23' title="bbox 208 2963 1337 3049; baseline 0.002 -23"><span class='ocrx_word' id='word_1_169' title='bbox 208 2963 303 3041; x_wconf 85' lang='lat' dir='ltr'><strong>bitur,</strong></span> <span class='ocrx_word' id='word_1_170' title='bbox 328 2966 472 3046; x_wconf 86' lang='lat' dir='ltr'><strong>quoniam</strong></span> <span class='ocrx_word' id='word_1_171' title='bbox 489 2967 610 3049; x_wconf 87' lang='lat' dir='ltr'><strong>spiritui</strong></span> <span class='ocrx_word' id='word_1_172' title='bbox 626 2984 687 3029; x_wconf 94' lang='lat' dir='ltr'><strong>non</strong></span> <span class='ocrx_word' id='word_1_173' title='bbox 702 2966 803 3031; x_wconf 89' lang='lat' dir='ltr'><strong>solum</strong></span> <span class='ocrx_word' id='word_1_174' title='bbox 820 2966 887 3030; x_wconf 90' lang='lat' dir='ltr'><strong>sine</strong></span> <span class='ocrx_word' id='word_1_175' title='bbox 909 2965 975 3030; x_wconf 88' lang='lat' dir='ltr'><strong>ulla</strong></span> <span class='ocrx_word' id='word_1_176' title='bbox 995 2964 1204 3048; x_wconf 71' lang='lat' dir='ltr'><strong>repugnanda</strong></span> <span class='ocrx_word' id='word_1_177' title='bbox 1226 2983 1337 3028; x_wconf 86' lang='lat' dir='ltr'><strong>nerum</strong></span> 
     </span>
    </p>
   </div>
   <div class='ocr_carea' id='block_1_8' title="bbox 206 3167 1335 3320">
    <p class='ocr_par' dir='ltr' id='par_1_8' title="bbox 206 3167 1335 3320">
     <span class='ocr_line' id='line_1_24' title="bbox 310 3167 1335 3234; baseline 0.002 -14"><span class='ocrx_word' id='word_1_178' title='bbox 310 3167 421 3221; x_wconf 76' lang='lat' dir='ltr'><strong>auom.</strong></span> <span class='ocrx_word' id='word_1_179' title='bbox 441 3168 518 3231; x_wconf 78' lang='lat' dir='ltr'><strong>I,25</strong></span> <span class='ocrx_word' id='word_1_180' title='bbox 615 3168 701 3222; x_wconf 83' lang='lat' dir='ltr'><strong>IIsc.</strong></span> <span class='ocrx_word' id='word_1_181' title='bbox 722 3169 798 3234; x_wconf 82' lang='lat'><strong>1,14</strong></span> <span class='ocrx_word' id='word_1_182' title='bbox 894 3168 972 3222; x_wconf 84' lang='lat' dir='ltr'><strong>9Ps.</strong></span> <span class='ocrx_word' id='word_1_183' title='bbox 991 3168 1067 3234; x_wconf 83' lang='grc'><strong>40,5</strong></span> <span class='ocrx_word' id='word_1_184' title='bbox 1172 3170 1205 3224; x_wconf 83' lang='grc'>15</span> <span class='ocrx_word' id='word_1_185' title='bbox 1223 3168 1257 3222; x_wconf 84' lang='lat' dir='ltr'><strong>cf.</strong></span> <span class='ocrx_word' id='word_1_186' title='bbox 1276 3169 1335 3224; x_wconf 78' lang='lat' dir='ltr'><strong>Gal.</strong></span> 
     </span>
     <span class='ocr_line' id='line_1_25' title="bbox 206 3252 641 3320; baseline 0.007 -15"><span class='ocrx_word' id='word_1_187' title='bbox 206 3252 281 3315; x_wconf 75' lang='lat'><strong>5,17</strong></span> <span class='ocrx_word' id='word_1_188' title='bbox 387 3253 529 3309; x_wconf 68' lang='lat'><strong>191001.</strong></span> <span class='ocrx_word' id='word_1_189' title='bbox 550 3254 641 3320; x_wconf 79' lang='grc'>15,44</span> 
     </span>
    </p>
   </div>
   <div class='ocr_carea' id='block_1_9' title="bbox 206 3423 1337 3752">
    <p class='ocr_par' dir='ltr' id='par_1_9' title="bbox 206 3423 1337 3752">
     <span class='ocr_line' id='line_1_26' title="bbox 261 3423 1335 3495; baseline 0.004 -18"><span class='ocrx_word' id='word_1_190' title='bbox 261 3424 275 3477; x_wconf 90' lang='lat'>1</span> <span class='ocrx_word' id='word_1_191' title='bbox 303 3425 470 3495; x_wconf 87' lang='lat' dir='ltr'><strong>confidimus]</strong></span> <span class='ocrx_word' id='word_1_192' title='bbox 498 3425 654 3479; x_wconf 80' lang='lat' dir='ltr'><strong>confitemur</strong></span> <span class='ocrx_word' id='word_1_193' title='bbox 681 3427 735 3479; x_wconf 87' lang='lat' dir='ltr'><strong><em>P¹v</em></strong></span> <span class='ocrx_word' id='word_1_194' title='bbox 840 3425 857 3479; x_wconf 87' lang='lat'>2</span> <span class='ocrx_word' id='word_1_195' title='bbox 883 3424 968 3495; x_wconf 84' lang='lat' dir='ltr'><strong>dabit]</strong></span> <span class='ocrx_word' id='word_1_196' title='bbox 997 3423 1073 3479; x_wconf 89' lang='lat' dir='ltr'><strong>dabit</strong></span> <span class='ocrx_word' id='word_1_197' title='bbox 1100 3426 1127 3478; x_wconf 98' lang='lat' dir='ltr'><strong><em>A</em></strong></span> <span class='ocrx_word' id='word_1_198' title='bbox 1230 3427 1248 3480; x_wconf 86' lang='lat'>4</span> <span class='ocrx_word' id='word_1_199' title='bbox 1274 3442 1335 3494; x_wconf 74' lang='lat' dir='ltr'><strong>cap·</strong></span> 
     </span>
     <span class='ocr_line' id='line_1_27' title="bbox 208 3507 1335 3580; baseline 0.002 -16"><span class='ocrx_word' id='word_1_200' title='bbox 208 3507 353 3564; x_wconf 82' lang='lat' dir='ltr'>CLXXXV</span> <span class='ocrx_word' id='word_1_201' title='bbox 370 3512 397 3564; x_wconf 90' lang='lat' dir='ltr'><strong><em>A</em></strong></span> <span class='ocrx_word' id='word_1_202' title='bbox 427 3510 500 3567; x_wconf 85' lang='lat' dir='ltr'>CCII</span> <span class='ocrx_word' id='word_1_203' title='bbox 518 3512 546 3567; x_wconf 93' lang='lat' dir='ltr'><strong><em>P</em></strong></span> <span class='ocrx_word' id='word_1_204' title='bbox 574 3511 663 3567; x_wconf 83' lang='lat' dir='ltr'>CCIII</span> <span class='ocrx_word' id='word_1_205' title='bbox 684 3511 722 3573; x_wconf 84' lang='lat' dir='ltr'><strong>G;</strong></span> <span class='ocrx_word' id='word_1_206' title='bbox 750 3527 834 3566; x_wconf 87' lang='lat' dir='ltr'><strong>om.o</strong></span> <span class='ocrx_word' id='word_1_207' title='bbox 935 3513 952 3565; x_wconf 88' lang='grc'><strong>5</strong></span> <span class='ocrx_word' id='word_1_208' title='bbox 975 3511 1102 3580; x_wconf 85' lang='lat' dir='ltr'><strong>sermono]</strong></span> <span class='ocrx_word' id='word_1_209' title='bbox 1126 3509 1197 3564; x_wconf 86' lang='lat' dir='ltr'><strong>libro</strong></span> <span class='ocrx_word' id='word_1_210' title='bbox 1215 3526 1335 3566; x_wconf 85' lang='lat' dir='ltr'><strong>sermono</strong></span> 
     </span>
     <span class='ocr_line' id='line_1_28' title="bbox 207 3595 1333 3666; baseline 0.003 -18"><span class='ocrx_word' id='word_1_211' title='bbox 207 3595 235 3648; x_wconf 92' lang='lat' dir='ltr'><strong><em>P</em></strong></span> <span class='ocrx_word' id='word_1_212' title='bbox 320 3595 346 3649; x_wconf 91' lang='lat' dir='ltr'><strong>id</strong></span> <span class='ocrx_word' id='word_1_213' title='bbox 366 3597 466 3650; x_wconf 87' lang='lat' dir='ltr'><strong><em>AMV:</em></strong></span> <span class='ocrx_word' id='word_1_214' title='bbox 494 3613 523 3651; x_wconf 84' lang='lat' dir='ltr'><strong>eo</strong></span> <span class='ocrx_word' id='word_1_215' title='bbox 542 3598 584 3651; x_wconf 85' lang='lat' dir='ltr'><strong>Po</strong></span> <span class='ocrx_word' id='word_1_216' title='bbox 679 3599 797 3651; x_wconf 73' lang='lat' dir='ltr'><strong>timenti</strong></span> <span class='ocrx_word' id='word_1_217' title='bbox 815 3597 843 3650; x_wconf 90' lang='lat' dir='ltr'><strong><em>P</em></strong></span> <span class='ocrx_word' id='word_1_218' title='bbox 935 3596 1030 3666; x_wconf 73' lang='lat' dir='ltr'><strong>Inon]</strong></span> <span class='ocrx_word' id='word_1_219' title='bbox 1050 3613 1100 3652; x_wconf 82' lang='lat' dir='ltr'><strong>om.</strong></span> <span class='ocrx_word' id='word_1_220' title='bbox 1119 3596 1162 3651; x_wconf 86' lang='lat' dir='ltr'><strong>Po</strong></span> <span class='ocrx_word' id='word_1_221' title='bbox 1252 3613 1333 3651; x_wconf 84' lang='lat' dir='ltr'><strong>nnus·</strong></span> 
     </span>
     <span class='ocr_line' id='line_1_29' title="bbox 206 3680 1337 3752; baseline 0.004 -19"><span class='ocrx_word' id='word_1_222' title='bbox 206 3682 320 3749; x_wconf 86' lang='lat' dir='ltr'><strong>quisque</strong></span> <span class='ocrx_word' id='word_1_223' title='bbox 342 3681 377 3733; x_wconf 83' lang='lat' dir='ltr'><strong>V:</strong></span> <span class='ocrx_word' id='word_1_224' title='bbox 404 3698 430 3735; x_wconf 91' lang='lat' dir='ltr'><strong>u.</strong></span> <span class='ocrx_word' id='word_1_225' title='bbox 448 3687 537 3737; x_wconf 86' lang='lat' dir='ltr'><strong>antem</strong></span> <span class='ocrx_word' id='word_1_226' title='bbox 555 3682 654 3738; x_wconf 83' lang='lat' dir='ltr'><strong><em>AGPo</em></strong></span> <span class='ocrx_word' id='word_1_227' title='bbox 756 3684 773 3737; x_wconf 91' lang='lat'>8</span> <span class='ocrx_word' id='word_1_228' title='bbox 795 3682 856 3752; x_wconf 88' lang='lat' dir='ltr'><strong>hoc]</strong></span> <span class='ocrx_word' id='word_1_229' title='bbox 877 3682 942 3737; x_wconf 85' lang='lat' dir='ltr'><strong>haec</strong></span> <span class='ocrx_word' id='word_1_230' title='bbox 965 3681 1009 3737; x_wconf 89' lang='lat' dir='ltr'><strong>Po</strong></span> <span class='ocrx_word' id='word_1_231' title='bbox 1111 3680 1145 3736; x_wconf 84' lang='lat'><strong>10</strong></span> <span class='ocrx_word' id='word_1_232' title='bbox 1166 3681 1259 3735; x_wconf 77' lang='lat' dir='ltr'><strong>anima</strong></span> <span class='ocrx_word' id='word_1_233' title='bbox 1278 3699 1337 3737; x_wconf 82' lang='lat' dir='ltr'><strong>mea</strong></span> 
     </span>
    </p>
   </div>
   <div class='ocr_carea' id='block_1_10' title="bbox 204 3772 1337 4285">
    <p class='ocr_par' dir='ltr' id='par_1_10' title="bbox 204 3772 1337 4285">
     <span class='ocr_line' id='line_1_30' title="bbox 206 3772 1337 3855; baseline 0.004 -20"><span class='ocrx_word' id='word_1_234' title='bbox 206 3782 234 3835; x_wconf 91' lang='lat' dir='ltr'><strong><em>A</em></strong></span> <span class='ocrx_word' id='word_1_235' title='bbox 328 3785 454 3853; x_wconf 86' lang='lat' dir='ltr'><strong>quoniam</strong></span> <span class='ocrx_word' id='word_1_236' title='bbox 473 3786 541 3841; x_wconf 87' lang='lat' dir='ltr'><strong>AV:</strong></span> <span class='ocrx_word' id='word_1_237' title='bbox 567 3785 630 3855; x_wconf 83' lang='lat' dir='ltr'><strong>qnia</strong></span> <span class='ocrx_word' id='word_1_238' title='bbox 647 3785 691 3841; x_wconf 91' lang='lat' dir='ltr'><strong>Po</strong></span> <span class='ocrx_word' id='word_1_239' title='bbox 788 3788 819 3838; x_wconf 95' lang='lat'><strong>11</strong></span> <span class='ocrx_word' id='word_1_240' title='bbox 836 3785 999 3839; x_wconf 84' lang='lat' dir='ltr'><strong>sanationem</strong></span> <span class='ocrx_word' id='word_1_241' title='bbox 1018 3784 1083 3838; x_wconf 88' lang='lat' dir='ltr'><strong>MV</strong></span> <span class='ocrx_word' id='word_1_242' title='bbox 1177 3772 1337 3854; x_wconf 77' lang='lat' dir='ltr'><strong>indIgniaso&#39;</strong></span> 
     </span>
     <span class='ocr_line' id='line_1_31' title="bbox 206 3868 1273 3940; baseline 0.002 -19"><span class='ocrx_word' id='word_1_243' title='bbox 206 3870 231 3935; x_wconf 91' lang='lat' dir='ltr'><strong>(t</strong></span> <span class='ocrx_word' id='word_1_244' title='bbox 248 3868 312 3922; x_wconf 85' lang='lat' dir='ltr'><strong>add.</strong></span> <span class='ocrx_word' id='word_1_245' title='bbox 327 3887 361 3924; x_wconf 84' lang='lat' dir='ltr'><strong>m.</strong></span> <span class='ocrx_word' id='word_1_246' title='bbox 374 3873 405 3936; x_wconf 79' lang='lat'><strong>2)</strong></span> <span class='ocrx_word' id='word_1_247' title='bbox 424 3870 452 3926; x_wconf 92' lang='lat' dir='ltr'><strong><em>P</em></strong></span> <span class='ocrx_word' id='word_1_248' title='bbox 547 3871 620 3940; x_wconf 74' lang='lat' dir='ltr'><strong>ipso·</strong></span> <span class='ocrx_word' id='word_1_249' title='bbox 638 3871 759 3938; x_wconf 78' lang='lat' dir='ltr'><strong>(mres.)</strong></span> <span class='ocrx_word' id='word_1_250' title='bbox 780 3871 807 3924; x_wconf 91' lang='lat' dir='ltr'><strong><em>P</em></strong></span> <span class='ocrx_word' id='word_1_251' title='bbox 831 3871 953 3940; x_wconf 85' lang='lat' dir='ltr'><strong>ipsnmc</strong></span> <span class='ocrx_word' id='word_1_252' title='bbox 1059 3870 1228 3939; x_wconf 75' lang='lat' dir='ltr'><strong>raeam1ea</strong></span> <span class='ocrx_word' id='word_1_253' title='bbox 1246 3870 1273 3922; x_wconf 87' lang='lat' dir='ltr'><strong><em>V</em></strong></span> 
     </span>
     <span class='ocr_line' id='line_1_32' title="bbox 204 3955 1337 4026; baseline -0.001 -18"><span class='ocrx_word' id='word_1_254' title='bbox 204 3955 446 4024; x_wconf 70' lang='grc' dir='ltr'><strong>οοιιοιιρίοοοτίοΡι</strong></span> <span class='ocrx_word' id='word_1_255' title='bbox 533 3956 650 4026; x_wconf 88' lang='lat' dir='ltr'><strong>sibimet]</strong></span> <span class='ocrx_word' id='word_1_256' title='bbox 669 3959 752 4011; x_wconf 89' lang='lat' dir='ltr'><strong>semet</strong></span> <span class='ocrx_word' id='word_1_257' title='bbox 764 3956 819 4011; x_wconf 84' lang='grc' dir='ltr'><strong>Ροι</strong></span> <span class='ocrx_word' id='word_1_258' title='bbox 906 3956 939 4010; x_wconf 88' lang='lat'><strong>13</strong></span> <span class='ocrx_word' id='word_1_259' title='bbox 957 3955 1019 4025; x_wconf 88' lang='lat' dir='ltr'><strong>ipsi]</strong></span> <span class='ocrx_word' id='word_1_260' title='bbox 1038 3955 1096 4025; x_wconf 76' lang='lat' dir='ltr'><strong>ipsa</strong></span> <span class='ocrx_word' id='word_1_261' title='bbox 1113 3955 1142 4010; x_wconf 89' lang='lat' dir='ltr'><strong><em>P</em></strong></span> <span class='ocrx_word' id='word_1_262' title='bbox 1228 3956 1261 4010; x_wconf 81' lang='lat'><strong>14</strong></span> <span class='ocrx_word' id='word_1_263' title='bbox 1274 3973 1337 4010; x_wconf 86' lang='lat' dir='ltr'><strong>eon-</strong></span> 
     </span>
     <span class='ocr_line' id='line_1_33' title="bbox 204 4040 1266 4112; baseline 0 -17"><span class='ocrx_word' id='word_1_264' title='bbox 204 4040 325 4108; x_wconf 86' lang='lat' dir='ltr'><strong>cupiscat</strong></span> <span class='ocrx_word' id='word_1_265' title='bbox 344 4045 369 4108; x_wconf 88' lang='lat' dir='ltr'><strong>(e</strong></span> <span class='ocrx_word' id='word_1_266' title='bbox 388 4041 420 4094; x_wconf 80' lang='lat' dir='ltr'><strong>in</strong></span> <span class='ocrx_word' id='word_1_267' title='bbox 437 4044 447 4095; x_wconf 94' lang='lat' dir='ltr'><strong>i</strong></span> <span class='ocrx_word' id='word_1_268' title='bbox 465 4054 545 4109; x_wconf 84' lang='lat' dir='ltr'><strong>corr.)</strong></span> <span class='ocrx_word' id='word_1_269' title='bbox 570 4043 597 4097; x_wconf 92' lang='lat' dir='ltr'><strong><em>P</em></strong></span> <span class='ocrx_word' id='word_1_270' title='bbox 699 4043 731 4098; x_wconf 85' lang='lat' dir='ltr'><strong>lI</strong></span> <span class='ocrx_word' id='word_1_271' title='bbox 754 4043 830 4112; x_wconf 84' lang='lat' dir='ltr'><strong>qnae]</strong></span> <span class='ocrx_word' id='word_1_272' title='bbox 849 4059 902 4112; x_wconf 88' lang='lat' dir='ltr'><strong>qua</strong></span> <span class='ocrx_word' id='word_1_273' title='bbox 924 4041 949 4097; x_wconf 85' lang='lat' dir='ltr'><strong><em>V</em></strong></span> <span class='ocrx_word' id='word_1_274' title='bbox 1049 4041 1149 4110; x_wconf 84' lang='lat' dir='ltr'><strong>nostra]</strong></span> <span class='ocrx_word' id='word_1_275' title='bbox 1168 4057 1233 4095; x_wconf 84' lang='lat' dir='ltr'><strong>narn</strong></span> <span class='ocrx_word' id='word_1_276' title='bbox 1250 4058 1266 4095; x_wconf 88' lang='grc' dir='ltr'>ο</span> 
     </span>
     <span class='ocr_line' id='line_1_34' title="bbox 204 4125 1337 4197; baseline 0.002 -18"><span class='ocrx_word' id='word_1_277' title='bbox 204 4125 276 4195; x_wconf 80' lang='lat' dir='ltr'><strong>pars]</strong></span> <span class='ocrx_word' id='word_1_278' title='bbox 295 4140 355 4193; x_wconf 83' lang='lat' dir='ltr'><strong>pars</strong></span> <span class='ocrx_word' id='word_1_279' title='bbox 373 4142 473 4196; x_wconf 81' lang='lat' dir='ltr'><strong>queso</strong></span> <span class='ocrx_word' id='word_1_280' title='bbox 577 4130 610 4183; x_wconf 90' lang='lat'><strong>18</strong></span> <span class='ocrx_word' id='word_1_281' title='bbox 633 4128 798 4197; x_wconf 77' lang='lat' dir='ltr'><strong>fugiendos</strong></span> <span class='ocrx_word' id='word_1_282' title='bbox 900 4127 1093 4182; x_wconf 89' lang='lat' dir='ltr'><strong>dimitteturo</strong></span> <span class='ocrx_word' id='word_1_283' title='bbox 1196 4127 1230 4180; x_wconf 87' lang='grc'><strong>19</strong></span> <span class='ocrx_word' id='word_1_284' title='bbox 1253 4128 1337 4181; x_wconf 86' lang='lat' dir='ltr'><strong>rolin·</strong></span> 
     </span>
     <span class='ocr_line' id='line_1_35' title="bbox 204 4212 1268 4285; baseline 0.002 -19"><span class='ocrx_word' id='word_1_285' title='bbox 204 4217 302 4282; x_wconf 87' lang='lat' dir='ltr'><strong>quatur</strong></span> <span class='ocrx_word' id='word_1_286' title='bbox 321 4213 363 4266; x_wconf 83' lang='lat' dir='ltr'><strong>Po</strong></span> <span class='ocrx_word' id='word_1_287' title='bbox 449 4212 484 4268; x_wconf 77' lang='lat'><strong>20</strong></span> <span class='ocrx_word' id='word_1_288' title='bbox 495 4215 611 4285; x_wconf 79' lang='lat' dir='ltr'><strong>resurgit</strong></span> <span class='ocrx_word' id='word_1_289' title='bbox 623 4216 689 4270; x_wconf 84' lang='lat' dir='ltr'><strong>AV:</strong></span> <span class='ocrx_word' id='word_1_290' title='bbox 713 4217 807 4283; x_wconf 81' lang='lat' dir='ltr'><strong>surget</strong></span> <span class='ocrx_word' id='word_1_291' title='bbox 819 4213 861 4267; x_wconf 86' lang='lat' dir='ltr'><strong>Po</strong></span> <span class='ocrx_word' id='word_1_292' title='bbox 949 4230 1009 4268; x_wconf 84' lang='lat' dir='ltr'><strong>cero</strong></span> <span class='ocrx_word' id='word_1_293' title='bbox 1027 4217 1054 4281; x_wconf 87' lang='lat' dir='ltr'><strong>(a</strong></span> <span class='ocrx_word' id='word_1_294' title='bbox 1065 4229 1099 4269; x_wconf 71' lang='grc' dir='ltr'><strong>ω)</strong></span> <span class='ocrx_word' id='word_1_295' title='bbox 1111 4228 1126 4266; x_wconf 96' lang='lat' dir='ltr'><strong>o</strong></span> <span class='ocrx_word' id='word_1_296' title='bbox 1137 4216 1220 4281; x_wconf 85' lang='lat' dir='ltr'><strong>corr.)</strong></span> <span class='ocrx_word' id='word_1_297' title='bbox 1240 4212 1268 4268; x_wconf 95' lang='lat' dir='ltr'><strong><em>P</em></strong></span> 
     </span>
    </p>
   </div>
   <div class='ocr_carea' id='block_1_11' title="bbox 0 0 1384 4814">
    <p class='ocr_par' dir='ltr' id='par_1_11' title="bbox 0 0 1384 4814">
     <span class='ocr_line' id='line_1_36' title="bbox 0 0 1384 4814; baseline 0 3"><span class='ocrx_word' id='word_1_298' title='bbox 0 0 1384 4814; x_wconf 95' lang='lat' dir='ltr'><strong> </strong></span> 
     </span>
    </p>
   </div>
  </div>
 </body>
</html>
