2760 4814
259 571 425 642 Excerpte
441 587 475 626 ex
493 586 562 643 opp.
579 573 607 627 S.
625 572 808 642 Augustini
829 571 932 629 XLIII.
950 571 1067 630 XLIIII.
1165 579 1229 646 249

92 764 221 848 placere
251 781 312 830 non
339 769 488 848 possunt;
518 785 575 833 uos
596 771 705 833 eutem
727 785 788 834 non
811 769 888 835 estis
911 769 945 834 in
967 787 1022 853 spe
1035 771 1229 850 carnalium,

92 870 148 934 sed
171 870 206 932 in
229 886 283 950 epe
312 867 514 951 spiritalium,
547 869 581 935 id
603 873 651 936 est
672 872 763 954 regni
793 873 961 950 caelorum,
994 874 1049 939 ubi
1072 875 1105 939 et
1126 878 1227 957 ipsum

92 989 209 1052 corpus
236 989 293 1054 per
319 971 409 1038 illam
432 972 639 1039 mutationem
661 974 695 1039 iu
717 991 774 1040 suo
793 975 930 1058 'quodem
952 990 1064 1061 genere
1087 977 1229 1063 spiritale

90 1072 166 1157 erit,
202 1073 284 1156 quod
317 1075 408 1141 molo
441 1076 579 1142 animale
611 1081 668 1142 est.
702 1080 927 1144 seminator
955 1080 1058 1145 enim
1088 1087 1257 1164 corpus

72 1177 282 1261 eenimale,
305 1177 388 1245 siout
409 1180 450 1246 ed
465 1178 642 1245 Corinthios
664 1181 749 1246 idem
772 1181 859 1258 dicit,
883 1185 1067 1265 resurget
1089 1200 1230 1265 corpus

92 1280 294 1364 spiritale.
332 1282 361 1345 ei
383 1300 456 1366 ergo
486 1284 643 1349 neminem
672 1301 778 1349 eorum
809 1284 873 1348 iam
903 1286 1035 1350 nouerat
1056 1287 1229 1353 secundum

93 1402 226 1449 carnem
248 1383 417 1467 apostolus,
440 1387 493 1468 qui
515 1389 679 1470 propterea
701 1387 888 1453 dicebantur
908 1405 969 1453 non
987 1405 1054 1454 esse
1079 1390 1228 1469 incarne,

92 1487 171 1568 quia
191 1504 254 1552 uon
277 1491 367 1554 eraut
393 1489 428 1553 in
450 1508 505 1574 spe
527 1509 630 1556 rerum
654 1491 836 1572 carnellum,
866 1494 1010 1573 quemuis
1039 1490 1140 1558 adhuc
1162 1511 1230 1558 oon·

92 1589 282 1672 mptibilem
312 1610 438 1657 carnem
460 1595 690 1676 mortalemque
717 1600 888 1677 portarent,
919 1599 1036 1678 quanto
1059 1598 1230 1677 expressius

60 1693 132 1759 nde
155 1693 283 1760 Christo
305 1694 423 1760 dloeret
445 1697 528 1778 quod
552 1716 623 1761 enm
645 1697 709 1763 iem
734 1716 796 1763 non
819 1701 948 1764 nouerat
971 1700 1140 1765 secundum
1164 1717 1230 1764 oar-

92 1816 177 1874 nem,
200 1798 233 1862 m
257 1798 344 1864 cuiue
370 1816 496 1881 corpore
519 1800 616 1867 etiam
638 1820 672 1865 re
694 1802 762 1883 ipsa
784 1803 848 1867 iam
865 1801 1042 1885 perfectum
1057 1805 1126 1867 eret
1147 1803 1230 1885 quod

91 1901 141 1967 illi
163 1900 196 1965 in
220 1919 275 1983 epe
297 1902 484 1985 promissum
507 1905 680 1970 enecante

91 2353 138 2400 DE
161 2350 229 2400 SEX
251 2349 376 2398 nlmnvs
398 2350 437 2398 m
459 2349 582 2398 oram
605 2350 648 2397 mu
670 2350 735 2398 SEX
757 2351 958 2418 Aaronem,
985 2350 1052 2398 van
1075 2351 1122 2398 DE
1145 2348 1229 2399 CON-

58 2455 177 2510 olvat
199 2453 310 2503 nora
333 2454 380 2501 EX
402 2453 476 2502 VIBI
498 2452 633 2501 LATERE
656 2452 879 2503 homuncionis.
905 2454 953 2502 EX
970 2452 1075 2501 Lisso
1093 2451 1230 2502 CONTRA

542 2556 702 2605 ansu'vos
723 2559 782 2608 XII.

136 2678 198 2746 Sex
229 2679 338 2744 diebus
367 2678 400 2744 iu
423 2678 537 2748 Genesi
567 2679 800 2744 consummauit
829 2678 905 2744 deus
934 2677 1038 2744 omnia
1059 2697 1153 2762 opera
1174 2678 1281 2746 ena59

92 2790 126 2850 et
149 2785 283 2869 septimo
306 2782 469 2866 requieuit.
502 2801 554 2848 sex
583 2782 740 2854 relatibus
762 2782 936 2847 humanum
958 2800 1055 2866 genus
1076 2781 1136 2850 hoo
1157 2800 1228 2850 soe·

53 2964 67 2984 ι
92 2887 165 2953 culo
187 2904 244 2970 per
265 2886 474 2953 successiones
497 2885 748 2970 temporum-dei
769 2904 861 2971 opera
883 2884 1066 2970 insigniunt.
1095 2906 1229 2970 querum

57 2990 200 3074 „prima
230 2993 279 3054 est
308 2991 347 3056 ab
371 2989 472 3054 Adam
495 2990 653 3072 usquead
676 2990 753 3067 Noe,
784 2988 920 3054 secundo
941 3008 959 3055 e
981 2989 1048 3055 Noe
1071 3009 1168 3073 usque
1191 2993 1230 3058 ad

92 3093 272 3169 Abraham,
295 3093 393 3157 tertia
414 3094 452 3158 ab
469 3091 628 3158 Abraham
651 3111 750 3177 usque
772 3095 810 3158 cd
828 3091 939 3175 Dauid,
964 3098 1075 3174 quarte
1093 3111 1112 3158 a
1129 3091 1229 3161 Dauid

93 3214 197 3279 usque
219 3194 258 3260 ad
280 3193 592 3279 transmigrationem
615 3198 648 3261 iu
663 3194 880 3280 Babyloniam,
904 3194 1018 3279 quinta
1040 3196 1114 3262 inde
1131 3214 1230 3279 usque

94 3299 135 3364 ad
159 3297 313 3363 humilem
336 3300 505 3364 aduentum
528 3297 645 3363 domini
669 3301 767 3364 nostri
790 3299 862 3364 Iesu
886 3296 1013 3377 christi,
1042 3299 1130 3364 serta
1152 3316 1229 3381 quae

94 3420 182 3467 nunc
203 3401 318 3485 agitur,
340 3401 439 3466 donec
461 3402 600 3466 excelsus
622 3402 730 3466 ueniet
746 3403 786 3467 ad
809 3402 972 3468 iudicium.
1001 3399 1133 3483 septime
1155 3418 1230 3466 uero

61 3505 295 3588 sintellegitur
314 3505 348 3569 iu
371 3505 477 3587 requie
498 3508 678 3571 sauctorum
701 3522 763 3570 uon
785 3504 818 3568 iu
844 3505 902 3571 heo
923 3505 1001 3587 uite,
1024 3502 1078 3567 sed
1100 3503 1133 3567 in
1156 3502 1227 3583 elia,

96 3608 153 3673 ubi
176 3609 260 3673 uidit
281 3607 524 3689 requiescentem
547 3625 713 3690 pauperem
731 3607 818 3672 diues
835 3608 901 3687 ille,
925 3625 997 3673 cum
1015 3606 1097 3689 apud
1113 3604 1229 3671 inferos

97 3715 304 3793 torqueretur,
327 3712 381 3778 ubi
404 3729 465 3776 uon
487 3710 525 3776 fit
547 3730 685 3793 uespere,
709 3713 783 3793 quie
805 3710 911 3777 nullus
933 3710 977 3779 ibi
1000 3730 1105 3776 rerum
1127 3709 1231 3776 deiec-

201 3896 219 3950 4
236 3896 251 3951 I
267 3896 328 3953 Gor'.
348 3897 389 3964 15,
402 3897 438 3952 44
525 3896 557 3952 1‘1
575 3897 610 3950 ol.
622 3897 686 3952 Gen.
705 3897 809 3966 2,1aq.
895 3898 930 3952 26
947 3898 980 3952 ci.
994 3896 1056 3951 Luc.
1077 3898 1116 3962 16,
1129 3896 1164 3951 23

149 4069 167 4124 4
189 4067 270 4137 quod]
292 4067 408 4137 quodem
433 4083 450 4122 c
550 4068 579 4122 in
597 4073 664 4123 ante
681 4083 776 4138 corpus
794 4065 860 4124 odd.
883 4066 910 4124 V
1009 4068 1026 4121 6
1046 4071 1159 4122 uoueret
1177 4068 1232 4120 iem

102 4155 128 4208 P
213 4154 245 4209 11
263 4168 320 4208 rem
338 4154 459 4224 ipsemo
547 4154 581 4209 12
597 4153 709 4209 tenebat
726 4154 756 4208 D
842 4153 877 4208 13
892 4170 955 4227 cup.
969 4148 1050 4209 'LVII
1072 4155 1097 4208 T
1123 4152 1232 4208 LVIIII

102 4240 142 4303 ὓς
159 4257 211 4295 om.
229 4239 302 4296 ore
382 4240 416 4294 14
433 4239 587 4310 genesisfin
601 4243 664 4308 om.)
682 4240 711 4296 P
790 4241 824 4294 15
842 4240 905 4311 uiri]
925 4240 1000 4294 uirili
1018 4240 1045 4295 P
1124 4239 1157 4294 18
1174 4239 1232 4307 hoo]

102 4329 129 4379 in
147 4326 196 4381 hcc
217 4327 242 4381 Τ
338 4326 371 4383 19
388 4327 578 4388 successionem
597 4332 635 4389 P¹
653 4330 811 4395 (eucarpo
907 4327 942 4382 20
959 4340 976 4379 a
994 4342 1043 4381 noe
1061 4327 1155 4395 (unque
1172 4329 1233 4392 om.)

103 4412 141 4466 D·
227 4409 371 4482 adlebP
456 4411 674 4490 ileblchI'
760 4411 905 4482 slndPT
988 4412 1171 4470 tamem

102 4512 304 4584 conquam
406 4513 441 4567 ae
463 4513 564 4589 uret,
590 4488 667 4591 ,inis
686 4519 723 4589 <er
741 4534 760 4571 a
777 4532 811 4570 m.
823 4516 853 4584 2)
871 4514 902 4571 1>
1009 4514 1110 4574 rurus
1128 4515 1168 4570 1>¹
