2760 4814
271 324 433 392 Excerpta
452 339 486 377 ex
505 339 574 392 opp.
595 323 621 377 S.
640 324 825 391 Augustini
852 322 973 379 CCXCV.
991 322 1128 379 ccxcvi.
1199 324 1261 391 955

135 512 188 577 die
209 511 244 577 in
264 512 356 589 diem,
380 516 411 577 ot
434 512 582 595 dirigat
605 530 738 578 manus
761 515 794 578 in
817 530 892 596 opns
912 513 1140 579 misericordiae
1159 514 1190 577 et
1211 513 1258 577 ab

134 618 236 681 omni
271 616 419 681 delicto
453 615 614 680 mundet
648 634 711 680 cor
740 636 864 695 suum;
897 618 1091 699 misereatur,
1121 622 1157 682 ut
1180 616 1260 699 quod

133 721 235 785 restat
263 738 317 800 per
350 720 473 784 neniam
504 718 692 784 dimittatur.
738 719 795 784 hoo
826 720 910 785 enim
936 721 1106 786 salubriter
1132 722 1165 783 et
1194 721 1259 784 sine

135 840 219 886 uana
245 820 394 903 inanique
424 821 575 886 iactantia
606 822 682 887 beno
712 822 905 907 intellegitur
934 825 967 888 in
1002 842 1037 888 eo
1071 823 1152 906 quod
1182 822 1260 888 dixit

109 924 442 993 asanctusiobannes:
459 927 570 990 sicor
594 931 773 991 nostrum
796 945 863 992 nos
887 927 1261 1010 nonreprehendat,

135 1027 331 1092 fiduciam
360 1027 546 1092 habemns
574 1027 619 1092 ad
649 1029 774 1105 deum,
803 1031 841 1093 et
870 1047 1133 1110 quaecumque
1163 1027 1260 1110 peti·

134 1132 299 1207 erimus,
331 1130 576 1213 accipiemus
606 1130 652 1195 ab
681 1149 731 1197 oo.
770 1131 827 1196 boo
857 1132 938 1196 enim
961 1132 1083 1196 uidetur
1111 1133 1172 1196 isto
1195 1131 1258 1197 ioco

134 1234 350 1311 admonuisse,
378 1253 415 1299 ne
439 1253 489 1298 cor
511 1237 651 1299 nostrum
675 1252 730 1298 nos
752 1234 784 1297 in
808 1237 875 1317 ipsa
898 1235 1034 1299 oratione
1059 1240 1090 1300 et
1112 1233 1260 1316 petitione

134 1337 350 1419 reprehendat,
370 1336 427 1401 hoo
443 1342 500 1414 est,
518 1337 659 1415 neforto,
678 1356 749 1400 cum
764 1340 954 1419 coeperimus
970 1338 1087 1402 dicere:
1105 1337 1260 1401 dimitte

97 1438 251 1508 sonobis
275 1439 412 1505 debito
434 1442 585 1520 nostra,
608 1440 718 1504 sicut
740 1441 776 1504 ot
799 1458 866 1504 nos
889 1440 1148 1516 dimittimus,
1176 1441 1260 1505 com·

133 1562 312 1628 pungamur
333 1563 392 1607 non
420 1542 617 1624 decerequod
640 1543 779 1622 dicimus,
811 1543 982 1608 autetiam
1005 1562 1067 1608 non
1089 1544 1260 1608 audeamus

133 1646 237 1711 dicere
260 1647 341 1728 quod
363 1665 423 1710 non
441 1646 581 1727 facimus,
606 1652 641 1710 ut
663 1646 808 1711 fiduciam
831 1648 958 1729 petendi
981 1648 1175 1712 amittamus.

609 1919 786 2004 ociori.

132 2111 180 2157 DE
198 2110 243 2157 EO
267 2111 360 2169 QVOD
379 2112 436 2158 ΑΙΤ
457 2111 665 2159 APOSTOLvs:
690 2109 890 2158 IVDICIVM
914 2112 967 2157 Ex
991 2110 1074 2157 VNO
1096 2111 1141 2158 IN
1163 2109 1259 2159 CON-

95 2212 457 2261 ssnssuun‘rlouuu.
492 2215 538 2261 EX
560 2213 726 2261 EPISTVLA
750 2213 989 2261 RESPONSIONIS
1012 2214 1059 2258 ΑΙ)
1083 2213 1259 2261 CONSVLTA

612 2317 753 2364 HILARII.

181 2452 258 2519 Cum
282 2473 353 2538 ergo
377 2455 408 2518 in
432 2457 579 2537 utroque,
609 2456 640 2520 id
664 2462 710 2520 est
733 2456 766 2520 in
789 2455 901 2521 iudicio
926 2459 958 2520 et
980 2455 1012 2520 in
1035 2455 1153 2540 gratia,
1177 2457 1257 2538 qnod
1266 2462 1328 2529 321

133 2559 252 2625 attinet
280 2560 318 2624 ad
347 2578 444 2623 unum
474 2560 505 2622 et
534 2559 636 2623 muita
663 2560 785 2634 delicta,
816 2579 877 2625 una
904 2559 1071 2642 eademque
1099 2560 1143 2624 sit
1171 2557 1259 2636 ratio,

133 2663 240 2727 dicant
262 2661 315 2726 isti
340 2660 440 2738 nobis,
463 2681 557 2745 quare
579 2663 729 2728 iudicium
753 2663 868 2728 dixerit
887 2682 921 2727 er
940 2681 1001 2728 uno
1018 2662 1131 2728 delicto
1151 2662 1259 2728 ducere

96 2769 168 2834 soin
191 2764 494 2846 condemnationem,
517 2767 654 2849 gratiam
677 2785 749 2832 uero
774 2785 810 2831 ex
834 2767 943 2831 multis
966 2767 1089 2832 delictis
1111 2766 1145 2830 in
1167 2763 1258 2830 iusti·

134 2869 319 2952 ficationem,
348 2873 404 2935 aut
425 2872 626 2953 adquiescant
649 2872 717 2936 ideo
740 2871 786 2936 sic
809 2891 876 2936 esse
900 2872 1028 2957 dictum,
1053 2871 1125 2953 quia
1146 2873 1178 2935 in
1200 2869 1259 2934 bac

133 2988 229 3037 cansa
257 2974 317 3039 duo
349 2972 583 3038 const'tuuntnr
616 2973 775 3039 homines:
804 2975 922 3052 Adam,
958 2993 993 3038 er
1023 2991 1083 3055 quo
1116 2972 1260 3038 subsistit

133 3074 295 3159 generatio
324 3075 474 3151 carnaiis,
506 3078 537 3140 et
570 3075 728 3156 Christus,
757 3094 792 3140 er
821 3094 880 3158 quo
911 3076 1072 3158 generatio
1100 3073 1259 3157 spiritalis.

135 3178 192 3242 sed
215 3178 288 3260 quia
311 3180 435 3242 tantum
458 3179 511 3243 ille
534 3179 636 3256 homo,
659 3182 718 3245 iste
740 3184 847 3244 autem
871 3184 901 3245 et
924 3182 999 3244 deus
1022 3182 1055 3244 et
1074 3177 1175 3253 homo,
1200 3193 1260 3241 non

98 3284 288 3363 usquemodo
305 3282 360 3346 illa
383 3283 541 3366 generatio
557 3303 617 3348 uno
634 3284 747 3348 delicto
770 3284 900 3366 obligat,
924 3284 1006 3366 quod
1028 3286 1077 3347 est
1095 3301 1131 3347 er
1149 3281 1259 3364 Adam,

134 3386 181 3450 ita
203 3384 266 3448 ieta
288 3386 480 3466 regeneratio
503 3405 600 3451 unum
622 3387 772 3451 delictum
795 3387 899 3461 soluit,
924 3388 1005 3468 quod
1028 3388 1074 3451 est
1095 3405 1130 3451 er
1146 3385 1259 3452 Adam.

237 3569 484 3638 nusum
588 3571 831 3639 mmmam
935 3572 1159 3639 umnam

186 3740 283 3794 3sine
302 3740 369 3795 GP:
399 3756 462 3794 sane
483 3739 510 3794 V
610 3743 698 3796 bnos
716 3757 769 3796 non
788 3741 964 3811 reprehendat
985 3743 1021 3796 V:
1052 3758 1103 3796 non
1121 3744 1262 3812 repreben-

133 3826 207 3881 dorit
224 3842 272 3879 nos
290 3825 317 3879 P
411 3824 590 3879 bbabesmus
607 3826 635 3879 P
740 3827 773 3881 10
790 3827 880 3881 debita
898 3830 991 3881 nostra
1009 3828 1045 3882 V:
1072 3844 1121 3883 om.
1142 3828 1197 3884 01>

135 3911 168 3966 12
186 3911 301 3965 facimus
321 3910 387 3966 GV:
415 3911 543 3965 faciamus
562 3911 590 3965 P
672 3915 704 3966 nt
720 3911 755 3967 V:
783 3918 811 3966 et
829 3913 883 3967 GP
969 3914 1001 3968 13
1018 3929 1078 3983 cap.
1096 3913 1262 3968 ccum!

134 4000 194 4065 (sic)
219 3997 247 4052 P
279 3996 415 4053 CCCXIII
441 3997 488 4052 Go
591 3999 624 4052 14
644 3998 755 4052 titulum
773 3998 873 4052 ediscit
890 4015 924 4052 m.
942 4001 962 4052 2
979 3999 1011 4052 in
1028 4000 1057 4053 P
1158 4000 1262 4068 156ρί-

133 4085 205 4139 stola
225 4082 278 4138 GP
380 4083 412 4137 l‘i
431 4083 518 4137 idest
539 4085 575 4139 V:
604 4084 632 4138 id
650 4088 736 4139 estet
756 4086 811 4140 GP
912 4086 948 4140 22
965 4084 1092 4139 subsistit
1109 4085 1145 4140 V:
1175 4084 1263 4154 surgit

135 4171 163 4226 P
263 4169 298 4224 23
319 4169 433 4225 carnalis
458 4171 524 4225 GP:
553 4172 676 4227 earnisiis
694 4173 752 4239 (sic)
780 4172 807 4226 V
905 4173 940 4227 26
963 4173 1003 4227 ita
1025 4173 1153 4226 ista-ox
1176 4169 1262 4237 Adam

134 4256 203 4312 PVz
231 4256 327 4312 ΜΘ
