2760 4814
206 361 287 428 1092
683 356 849 426 Eugippii

203 550 399 631 sereniusque
415 547 586 621 uideamus,
604 547 676 630 quie
698 547 801 611 indeo
819 548 1023 629 conspicimus
1038 547 1329 614 incommutabilem

204 654 335 718 formum
364 651 514 726 iustitiae,
543 650 714 715 secundum
742 668 836 733 quum
865 650 1025 715 hominem
1055 650 1165 715 uiuere
1192 655 1329 733 oportere

202 755 383 820 indicamus.
399 756 485 821 ualet
499 772 571 838 ergo
586 755 662 819 tides
674 753 713 818 od
729 753 936 837 cognitionem
952 758 983 819 et
998 753 1037 820 ud
1052 753 1257 821 dilectionem
1272 756 1328 832 dei,

203 875 264 924 non
287 859 447 941 tamqnam
477 858 602 922 omnino
632 857 782 938 incogniti
811 859 866 921 cut
896 856 1023 922 omnino
1048 874 1110 922 non
1133 857 1257 939 dilecti,
1279 859 1328 925 sed

203 979 262 1044 quo
285 964 488 1044 cognoscatur
509 961 705 1025 manifestius
727 967 759 1024 et
782 978 841 1044 quo
864 959 984 1026 firmius
1007 960 1169 1044 diligetur.

660 1246 871 1332 CCCXLVI.

203 1445 248 1490 DII
270 1442 411 1488 ΔΜΑΝΤΕ
433 1440 476 1486 ΕΤ
499 1438 592 1498 QVOD
615 1439 756 1486 Aunuvle
784 1440 827 1487 nu
849 1438 976 1486 AMORE.
1013 1440 1059 1486 EX
1083 1440 1205 1488 EODEM
1227 1442 1327 1489 LIBRO

537 1542 583 1588 DE
606 1541 790 1589 TRINITA'I'II
812 1543 884 1589 VIII.
909 1542 939 1589 Τ.
962 1542 995 1589 X.

134 1678 197 1744 382
250 1679 332 1760 Quid
355 1682 400 1742 est
416 1678 520 1742 cutem
533 1675 659 1742 dileetio
675 1679 726 1743 uel
749 1679 873 1759 neritus,
889 1696 984 1761 quem
999 1682 1162 1762 tantopere
1177 1682 1329 1766 scripturo

203 1783 310 1850 dicim
342 1781 451 1847 laudet
483 1784 516 1845 et
549 1782 717 1863 praedicet,
755 1782 816 1847 nisi
848 1800 934 1848 umor
966 1781 1066 1849 boni?
1104 1802 1195 1850 umor
1226 1787 1354 1852 sutcmu

202 1886 333 1952 oiicuius
356 1886 490 1950 omentis
512 1888 561 1950 est
583 1886 615 1950 et
637 1902 741 1951 amore
756 1886 875 1968 aliquid
890 1891 1023 1952 amatur.
1060 1905 1130 1952 coco
1154 1889 1220 1955 trie
1241 1893 1327 1955 sunt:

203 2008 311 2057 umens
335 1994 366 2054 et
389 1989 470 2070 quod
492 1990 617 2054 emetur
639 1993 670 2053 et
691 2007 787 2054 amor.
823 1991 857 2054 ot
879 1989 953 2072 quid
968 2008 1041 2074 ergo
1056 2009 1144 2055 umor
1161 1994 1222 2058 nisi
1238 2011 1327 2076 quee-

202 2096 274 2159 dam
296 2093 364 2159 uite
386 2095 447 2158 duo
470 2092 575 2176 ulique
597 2094 745 2175 copulans
767 2093 820 2158 uel
842 2093 981 2176 oopuluri
995 2098 1155 2178 appetens,
1171 2099 1327 2163 amantem

201 2198 322 2263 scilicet
344 2201 375 2262 et
391 2198 472 2280 quod
488 2197 634 2262 ametur?
649 2198 682 2262 et
695 2197 753 2263 hoe
769 2198 863 2262 etium
878 2198 912 2262 in
927 2197 1072 2262 extremis
1088 2199 1327 2284 carnalibusque

202 2301 359 2367 umoribus
381 2300 428 2367 itu
450 2301 510 2366 est.
538 2301 593 2366 sed
615 2305 652 2365 nt
666 2300 784 2383 aliquid
799 2301 907 2382 purius
930 2303 961 2366 et
975 2300 1123 2384 dquidius
1138 2301 1353 2384 ueniensque

203 2406 321 2471 calcate
344 2421 436 2469 cerne
459 2404 660 2468 ascendemus
689 2405 729 2468 cd
756 2404 906 2468 animum.
943 2403 1018 2487 qnid
1041 2405 1129 2470 emet
1151 2405 1277 2471 enimus
1297 2408 1327 2470 in

201 2508 301 2574 emico
325 2508 386 2572 nisi
411 2507 573 2572 animum?
596 2508 627 2572 et
648 2505 716 2573 illie
738 2508 834 2591 igitur
856 2508 919 2573 trie
941 2508 1031 2574 sunt:
1059 2525 1172 2573 omens
1195 2512 1228 2574 et
1250 2511 1327 2593 quod

201 2615 325 2676 emetur
348 2614 379 2675 et
404 2628 501 2677 emor.

651 2863 876 2951 CCCXLVII.

200 3059 246 3104 DE
270 3056 470 3104 NV'PBIENDA
493 3055 670 3104 cumdum.
705 3057 752 3104 EX
774 3055 877 3103 LIBRO
900 3056 1145 3116 QVAESTIONVM
1169 3059 1355 3106 numne

130 3195 193 3260 383
245 3194 414 3262 Caritatem
435 3215 520 3273 uoco,
544 3212 606 3278 quo
633 3199 780 3259 emuntur
808 3213 843 3261 ee
871 3213 949 3278 quoe
977 3213 1039 3259 non
1067 3197 1144 3261 sunt
1165 3215 1239 3280 pree
1262 3199 1325 3278 ipso

201 3305 326 3365 umente
348 3298 581 3382 contemnende,
604 3297 637 3364 id
659 3298 706 3363 est
727 3298 809 3380 quod
830 3302 991 3364 ueternum
1013 3299 1061 3363 est
1078 3304 1110 3363 et
1124 3300 1209 3381 quod
1224 3318 1324 3365 umore

249 3585 268 3639 4
295 3584 428 3653 incogniti
454 3585 502 3636 cut
528 3582 575 3636 M:
602 3582 752 3652 incognitis
778 3587 810 3636 nt
838 3583 861 3654 Q
964 3586 981 3640 6
1008 3600 1066 3654 cap.
1096 3584 1254 3642 CCCXLVI
1279 3588 1322 3641 II:

199 3669 379 3726 CCCXXXVI
400 3667 435 3738 03
461 3667 535 3722 decet
551 3669 583 3722 ie
602 3667 656 3724 GP
738 3668 914 3739 ttuutopere
933 3669 970 3740 Q:
996 3673 1073 3725 tento
1091 3686 1110 3743 q
1128 3672 1168 3727 Μ
1251 3674 1283 3728 12
1299 3678 1324 3728 et

198 3757 264 3825 quid
287 3757 335 3811 M:
365 3755 489 3825 quidest
513 3753 542 3824 Q.
641 3754 673 3808 13
692 3755 751 3808 uite
769 3755 796 3825 (a
815 3772 850 3810 cn
867 3773 881 3811 e
898 3759 979 3824 corr.)
1004 3757 1028 3829 Q
1132 3759 1324 3828 leporinae

198 3842 244 3895 M:
276 3858 326 3897 om.
352 3843 375 3911 Q
471 3839 601 3910 liquidius
618 3839 772 3895 hcumumns
793 3841 829 3895 Μ
834 3860 841 3893 =
870 3843 913 3897 ins
930 3842 1066 3897 curiumns
1092 3842 1116 3913 Q
1214 3846 1248 3901 16
1270 3846 1323 3900 eni·

199 3951 271 3990 muru
298 3936 345 3990 M:
380 3938 486 3990 enimus
514 3937 538 4007 Q
675 3937 708 3992 19
735 3952 796 4006 cop.
823 3935 990 3992 CCCXLVII
1016 3938 1063 3992 M:
1099 3937 1275 3995 CCCLVIIH
1300 3938 1325 3993 P

197 4036 336 4094 CCCLXV
361 4038 400 4102 (ἔς
427 4056 501 4094 cum.
521 4055 571 4094 om.
594 4040 618 4112 Q
719 4037 754 4094 20
778 4039 964 4109 quaestionum
984 4038 1145 4096 numm
1163 4042 1237 4114 HQ:
1266 4029 1323 4098 ἐξ.

199 4131 225 4186 G
253 4131 284 4186 Il
308 4133 335 4186 P
448 4133 480 4187 21
508 4149 572 4188 noco
598 4133 671 4204 MQ:
702 4149 766 4189 uoco
789 4135 891 4188 motum
914 4135 999 4189 animi
1027 4133 1083 4190 GP
1196 4153 1251 4208 qne
1279 4141 1323 4194 II:

196 4217 307 4288 queeQ
336 4232 387 4287 quo
407 4218 463 4274 GP
556 4235 608 4274 nou
625 4220 699 4291 MQ:
729 4234 780 4274 om.
800 4219 856 4276 GP
950 4221 1024 4291 prce]
1042 4220 1139 4293 qqu
1238 4225 1323 4295 ipsum

200 4300 254 4355 GP
355 4303 390 4357 22
407 4306 524 4374 monte]
544 4307 650 4360 ammte
668 4321 735 4375 queo
753 4305 782 4360 P
