2760 4814
211 502 276 570 bu
690 502 854 572 mmm

212 692 426 776 requiescit
461 692 501 755 iu
537 694 666 757 mente
702 697 838 758 sancte
874 695 964 759 tuo?
1005 693 1072 777 qui
1112 694 1335 779 ingreditur

213 796 299 862 sine
329 794 485 860 macule
516 794 553 858 et
581 798 768 877 operetur
797 796 1016 873 iustitiam,
1037 799 1069 862 et
1093 796 1192 864 alibi:
1217 806 1256 864 et
1276 817 1334 863 ere

213 898 495 963 immaculatus
525 914 652 963 cerem
681 914 740 975 ee,
771 898 803 962 et
831 898 921 963 alibi:
951 898 1059 964 beati
1082 900 1333 967 immaculati

211 1002 251 1068 in
287 1003 371 1083 uie,
404 1000 470 1084 qui
503 1002 714 1066 ambulent
746 1003 785 1065 in
819 1002 907 1086 lege
941 1002 1098 1067 demini.
1143 1002 1224 1070 item
1259 1006 1333 1087 apud

211 1104 420 1171 Salomonem:
458 1104 598 1187 diligit
627 1104 809 1170 dominus
839 1114 977 1171 sancte
1006 1110 1143 1189 curda3
1185 1109 1357 1191 acceptis

211 1212 306 1274 sunt
327 1213 456 1274 nutem
479 1208 551 1274 illi
574 1226 707 1273 omnes
732 1208 986 1274 immaculati.
1025 1209 1136 1274 horum
1161 1212 1331 1276 testimeni-

211 1330 300 1377 erum
323 1313 428 1396 eliqua
450 1316 607 1376 curreutes
631 1312 842 1390 exhortantur,
867 1316 903 1376 ut
925 1312 1056 1392 perfecte
1079 1316 1219 1392 currunt,
1236 1315 1332 1398 eliqua

211 1417 314 1499 ipsum
336 1416 429 1481 finem
453 1418 704 1497 commemorant,
728 1434 788 1497 qne
812 1418 962 1481 currendo
984 1417 1186 1498 pertendunt.
1218 1418 1331 1502 ingredi

212 1520 318 1583 eutem
348 1520 414 1583 sine
444 1520 567 1584 macule
596 1536 656 1582 nou
687 1518 821 1583 absurde
852 1518 946 1583 etiam
972 1519 1027 1583 ille
1049 1518 1179 1597 dicitur,
1203 1540 1263 1586 neu
1285 1522 1331 1603 qui

212 1622 274 1686 iam
298 1622 453 1705 perfectus
477 1623 535 1705 est,
559 1620 612 1685 sed
634 1621 688 1704 qui
710 1621 749 1685 ad
772 1621 870 1702 ipsam
894 1621 1116 1704 perfectionem
1134 1626 1355 1709 inreprehenn

211 1723 348 1789 sibiliter
380 1725 487 1800 currit,
525 1742 630 1790 cereus
664 1724 848 1789 criminibus
883 1725 1118 1791 damnabilibus
1145 1732 1241 1810 etque
1271 1729 1330 1811 ipsu

210 1829 338 1908 peccate
378 1827 512 1891 ueniulie
545 1844 606 1890 non
646 1827 813 1912 neglegens
849 1831 1000 1892 mundare
1039 1829 1236 1914 elemosynis.
1286 1833 1330 1895 iu·

209 1948 352 2013 gressum
381 1930 502 2011 quippe,
532 1930 590 1993 hoc
620 1932 667 1993 est
694 1931 755 1993 iter
776 1932 918 1994 nostrum
939 1949 999 2012 que
1021 1931 1183 1998 tendimns
1205 1935 1245 1999 ed
1266 1954 1328 2017 per·

210 2034 384 2107 sectionem,
420 2034 536 2096 munda
569 2032 701 2097 mundet
728 2032 836 2097 oratic.
875 2035 990 2098 munde
1017 2039 1066 2098 est
1096 2037 1205 2101 eutem
1228 2036 1326 2117 cretio,

209 2136 263 2202 ubi
277 2136 427 2201 ueraciter
442 2137 573 2201 dicitur:
595 2136 904 2211 dimitteucbis‚
927 2136 1036 2200 sicut
1057 2141 1095 2201 et
1114 2157 1183 2203 nes
1207 2140 1353 2204 dimit-u

210 2240 345 2320 timus,
368 2241 413 2315 ut,
435 2242 509 2304 dum
532 2258 592 2303 uon
615 2239 851 2320 reprehenditur
874 2240 957 2322 qued
980 2258 1039 2304 neu
1062 2240 1250 2322 imputetur,
1272 2244 1329 2307 siue

210 2342 455 2426 reprehensione,
485 2343 542 2407 hoc
570 2346 617 2406 est
645 2343 713 2407 sine
741 2342 873 2413 macule,
905 2344 1008 2406 noster
1040 2342 1079 2406 ad
1112 2346 1327 2425 perfectionem

210 2465 319 2511 cursus
348 2446 510 2521 habeatur,
539 2446 571 2509 iu
593 2464 655 2528 qua
677 2445 872 2527 perfectione,
897 2465 967 2509 curn
991 2448 1123 2510 adeum
1146 2450 1327 2521 uenerimus.

209 2550 273 2615 iam
296 2568 355 2614 nen
379 2551 422 2615 sit
444 2549 567 2615 emniue
591 2551 671 2630 qued
695 2549 878 2632 ignoscendo
902 2549 1079 2614 mundetur.

253 2670 312 2736 Sed
340 2669 504 2749 uliudest
531 2689 597 2734 esse
625 2670 691 2735 sine
720 2674 854 2753 peccato,
877 2673 957 2751 qued
980 2673 1017 2734 de
1038 2670 1103 2734 sole
1133 2672 1167 2735 in
1192 2672 1249 2738 hae
1270 2676 1355 2738 uitus

209 2773 369 2855 unigenite
403 2774 520 2838 dictum
554 2776 611 2857 est,
634 2774 718 2839 eliud
741 2792 807 2838 esse
830 2774 897 2837 sine
919 2775 1064 2856 querella,
1087 2775 1169 2856 quod
1194 2777 1232 2840 de
1254 2776 1327 2841 mul·

209 2876 252 2941 tis
282 2876 371 2940 iustis
398 2877 492 2940 etiem
516 2877 548 2940 in
573 2877 630 2942 hac
652 2877 718 2941 uita
741 2876 801 2941 dici
824 2875 935 2958 potuit,
964 2878 1110 2959 quonium
1134 2882 1184 2942 est
1208 2879 1327 2961 quidum

209 2979 319 3044 modus
349 2978 447 3043 berrue
470 2980 563 3058 uitae,
585 2981 622 3045 de
644 2999 704 3062 que
727 2982 821 3045 etiam
845 2980 879 3044 in
900 2981 961 3045 istu
984 2980 1120 3045 humana
1142 2978 1326 3048 cdnuersuti·

208 3102 267 3147 ene
288 3082 373 3146 iuste
395 3082 533 3165 querella
556 3101 621 3147 esse
653 3103 714 3148 non
737 3083 845 3166 pessit.
890 3085 959 3166 quis
981 3083 1063 3148 enim
1086 3083 1170 3149 iuste
1195 3086 1326 3168 queritur

206 3188 245 3251 de
271 3185 404 3263 humine,
434 3186 501 3268 qui¹
516 3187 634 3250 nemini
664 3186 746 3251 mele
775 3187 845 3252 uult
884 3188 916 3250 et
938 3185 1049 3268 quibus
1072 3192 1179 3268 petest
1201 3188 1351 3255 fideliters

208 3290 340 3354 consulit
368 3307 424 3353 nec
453 3292 560 3354 contre
589 3291 736 3372 cuiusque
764 3290 896 3355 iniurius
927 3294 1012 3354 tenet
1041 3290 1208 3356 libidinem
1230 3289 1324 3357 uindi-

207 3392 308 3472 ceudi,
332 3397 368 3457 ut
390 3394 542 3458 ueraciter
558 3395 656 3460 dicut:
679 3397 785 3459 sicut
807 3399 845 3458 et
867 3412 935 3458 nes
958 3394 1204 3459 dimittimus
1228 3394 1323 3461 debi-

207 3497 365 3562 toribus
399 3496 571 3562 nostris?
607 3498 639 3561 et
670 3502 773 3562 tumen
808 3516 841 3562 eo
875 3499 943 3579 ipso
977 3498 1059 3579 qued
1094 3517 1203 3563 uerum
1237 3496 1320 3562 dicit:

308 3715 498 3782 nmmm
587 3717 774 3781 amum
869 3718 1092 3783 smmmu
1183 3714 1318 3785 mmm

206 3801 403 3868 meme

258 4002 435 4071 lrequiescit
450 4006 485 4061 V:
515 4006 662 4073 requiescet
679 4006 706 4060 P
803 4008 925 4060 deornm
943 4007 978 4060 V:
1008 4024 1069 4061 cum
1092 4009 1147 4063 GP
1239 4010 1315 4077 dper-

206 4086 319 4142 tendunt
341 4090 368 4144 P
471 4092 505 4146 12
526 4090 653 4146 mundare
671 4093 710 4146 P:
737 4092 876 4146 mundaret
893 4097 922 4147 et
942 4094 969 4146 V
1068 4094 1265 4150 elemosinisP

207 4171 240 4226 13
257 4174 444 4241 perfectionem
462 4175 499 4229 Vr
526 4177 667 4231 tectionem
685 4178 713 4232 P
798 4178 832 4232 14
848 4179 948 4233 munde
967 4180 1077 4233 mundet
1094 4180 1131 4235 V:
1159 4181 1278 4236 mundum
1287 4190 1314 4229 m·

205 4256 235 4312 P
321 4260 352 4313 15
364 4259 443 4315 nobis
456 4260 493 4315 V:
516 4262 870 4319 nobisdebituucstrnGP
956 4266 989 4319 18
999 4281 1058 4318 euru
1075 4265 1111 4320 V:
1138 4282 1196 4321 eum
1210 4266 1264 4323 GP

202 4342 237 4396 Ἢ
261 4343 335 4398 uliud
359 4358 416 4399 esee
439 4346 517 4400 P²V:
546 4349 622 4402 eliud
639 4351 681 4403 est
704 4350 742 4404 Ρι
844 4350 879 4404 24
897 4354 1024 4420 queretur
1040 4350 1068 4404 P
1171 4352 1206 4407 26
1226 4366 1272 4407 nec
1287 4344 1314 4401 V:

204 4445 238 4484 ne
256 4430 285 4485 P
383 4432 512 4503 cuiusque
533 4434 568 4489 V:
598 4438 755 4505 cuiusquam
775 4438 830 4495 GP
931 4439 965 4493 27
983 4441 1015 4492 ut
1037 4439 1070 4493 V:
1102 4442 1129 4493 et
1148 4441 1175 4495 P
