2760 4814
198 359 363 429 Excerpta
380 376 416 415 ex
433 375 502 431 opp.
522 360 549 415 8.
567 360 755 431 Augustini
775 360 934 419 convnn.
952 361 1052 419 OOLX.
1125 363 1189 432 837

58 550 117 619 ubi
139 550 258 617 dictum
283 554 347 617 est:
375 552 441 634 qui
464 551 684 635 sophistice
706 553 903 637 loquitur,
925 550 1096 618 odibilis
1119 552 1188 618 est

58 672 253 740 quamquam
276 655 371 721 etiam
390 673 569 721 sermonen
586 656 752 740 captiosus,
775 654 831 721 sed
846 658 952 722 tamon
967 655 1188 734 abundantius,

57 777 158 842 quam
200 759 393 841 grauitatem
430 759 528 839 decet,
573 760 740 827 uerborum
789 761 972 825 ornamenta
1007 761 1188 825 consectans

58 862 250 946 sophisticus
267 861 392 929 dicitur.
435 862 509 928 sunt
523 863 620 927 etiam
635 880 727 928 uerae
743 861 924 929 connexiones
939 860 1188 928 ratiocinationis

31 964 157 1031 ofalsas
180 965 332 1032 habentes
348 967 529 1047 sententias,
546 985 624 1050 quae
646 972 848 1033 consecuntur
863 983 998 1032 errorem
1013 965 1101 1031 illius
1116 986 1189 1033 cum

58 1087 122 1151 quo
151 1070 266 1152 agitur.
311 1088 389 1153 quae
419 1071 525 1135 tamen
555 1071 594 1135 ad
621 1069 678 1135 hoc
700 1069 877 1136 inseruntur
899 1087 918 1134 a
938 1067 1019 1135 bono
1042 1072 1075 1135 et
1096 1069 1188 1135 docto

56 1171 195 1251 homine,
223 1174 318 1237 utin
347 1172 397 1237 his
420 1173 603 1238 erubescens
632 1172 687 1239 ille
714 1175 801 1239 cuins
824 1190 959 1238 errorem
982 1177 1188 1238 consecuntur

58 1274 192 1342 eundem
213 1277 372 1360 relinquat
393 1295 537 1356 errorem,
561 1276 646 1360 quia,
668 1276 695 1340 si
717 1276 752 1341 iu
774 1278 880 1342 eodem
902 1292 1027 1341 manere
1041 1278 1187 1354 uoluerit

59 1397 187 1445 necesse
209 1381 258 1444 εει
280 1380 378 1445 etiam
400 1378 458 1444 illa
479 1397 557 1461 quae
579 1381 710 1447 damnat
733 1383 836 1445 tenere
851 1381 989 1463 cogatur.
1014 1388 1089 1458 'pon
1103 1378 1187 1444 enim

17 1499 135 1548 sonora
156 1481 309 1548 inferebat
331 1483 499 1566 apostolus,
523 1500 596 1547 oum
618 1481 751 1547 diceret:
778 1501 903 1565 neque
925 1479 1111 1547 Christus
1132 1502 1188 1548 re·

57 1587 254 1663 surrexit,
289 1588 321 1650 et
343 1585 401 1650 illa
423 1585 502 1650 alia:
531 1584 665 1651 inanis
688 1587 749 1651 est
770 1583 1019 1668 praedicatio
1042 1590 1187 1666 nostra,

56 1689 192 1753 inanis
215 1692 276 1753 est
298 1689 338 1753 ει
359 1688 466 1753 fides
487 1691 623 1753 cestre
644 1688 677 1752 et
698 1687 841 1771 deinceps
864 1687 937 1753 alia
968 1705 1046 1771 quae
1061 1690 1188 1757 omnino

56 1790 141 1856 falsa
174 1794 259 1874 sunt,
292 1794 367 1875 quia
399 1794 431 1855 et
464 1789 607 1856 Christus
637 1791 807 1857 resurrexit
836 1792 868 1856 et
897 1808 959 1856 non
989 1796 1056 1857 erat
1084 1794 1188 1859 inanis

56 1895 246 1978 praedicatio
270 1913 376 1960 eornm
399 1894 452 1977 qni
475 1895 532 1959 hoo
556 1896 795 1979 annuntiabant,
818 1913 875 1961 nec
896 1895 972 1959 fides
1003 1912 1110 1961 eorum
1132 1898 1186 1979 qui

18 1998 118 2065 roboc
147 1997 356 2077 crediderunt,
391 2000 444 2063 sed
475 1997 535 2063 ista
564 1998 643 2064 falsa
672 1997 834 2063 uerissime
860 1997 1106 2064 conectebantur
1136 1999 1185 2064 illi

55 2102 242 2181 sententiae,
265 2120 327 2184 qna
348 2100 512 2167 dicebatur
534 2120 596 2167 non
620 2120 687 2167 esso
701 2103 959 2167 resurrectionem
980 2106 1186 2169 mortuorum.

55 2204 131 2270 istis
162 2205 269 2270 autem
299 2204 387 2269 falsis
417 2204 601 2286 repudiatis,
631 2205 777 2289 quoniam
799 2224 874 2270 uera
896 2208 995 2285 erant,
1019 2205 1047 2270 si
1069 2208 1186 2271 mortui

56 2326 122 2373 non
152 2311 330 2391 resurgunt,
361 2326 552 2390 consequens
575 2308 634 2372 erit
655 2306 842 2374 resurrectio
864 2310 1069 2373 mortuorum.
1114 2326 1185 2373 oum

57 2427 132 2496 ergo
166 2411 230 2475 sint
264 2428 356 2475 uerae
390 2410 570 2475 conexioues
600 2427 661 2475 uon
695 2409 798 2476 solum
826 2428 974 2477 nerarum
1003 2411 1058 2476 sed
1088 2410 1185 2476 etiam

19 2514 210 2580 sofalsarum
232 2511 472 2593 sententiarum,
496 2513 586 2580 facile
609 2517 657 2581 est
679 2515 847 2580 ueritatem
869 2513 1073 2582 conexionum
1089 2514 1187 2581 etiam

56 2619 90 2683 in
124 2617 241 2683 scholis
273 2617 340 2683 illis
372 2617 499 2697 discere,
533 2636 613 2702 quae
645 2618 767 2701 praetor
796 2619 961 2685 ecclesiam
986 2622 1076 2699 sunt;
1115 2638 1187 2684 sen·

55 2720 230 2785 tentiamm
259 2723 364 2786 autem
392 2722 512 2787 ueritas
539 2722 574 2787 in
596 2721 712 2788 sanctis
734 2720 826 2788 libris
848 2722 1065 2790 ecclesiasticis
1087 2722 1186 2789 uesti-

56 2824 162 2908 ganda
182 2827 240 2889 est.

99 2926 175 3009 Ipsa
204 2927 311 2992 tamen
333 2928 450 2993 ueritas
472 2928 675 2993 conexionum
698 2947 760 2994 non
781 2929 938 3008 institute,
961 2931 1015 2995 sed
1039 2927 1185 2994 animad-

22 3048 149 3095 suersa
171 3032 219 3095 εει
241 3033 279 3097 ab
302 3030 481 3096 hominibus
500 3034 533 3095 et
555 3032 674 3110 notata,
697 3032 735 3096 nt
758 3050 828 3097 earn
850 3033 972 3114 possint
995 3032 1047 3098 uel
1069 3033 1186 3097 discere

55 3133 109 3199 uel
138 3132 265 3212 docere;
301 3152 374 3199 nam
409 3143 458 3198 eet
491 3136 524 3199 in
559 3154 664 3199 rernm
697 3136 817 3201 ratione
850 3137 999 3219 perpetue
1032 3134 1185 3201 diuinitus

55 3236 216 3302 instituta.
261 3238 342 3302 sicut
364 3238 448 3303 enim
471 3238 524 3319 qui
547 3241 653 3304 narrat
675 3238 816 3304 ordinem
833 3242 1019 3322 temporum,
1036 3255 1097 3303 non
1114 3255 1184 3302 enm

56 3338 123 3423 ipse
153 3340 321 3421 componit,
356 3342 389 3405 et
418 3342 556 3405 locorum
590 3342 669 3406 situs
700 3343 731 3405 et
760 3346 886 3407 naturas
917 3340 1102 3407 animalium
1133 3339 1186 3404 uel

55 3442 203 3525 stirpium
225 3443 276 3507 uel
299 3442 441 3524 lapidum
458 3443 511 3525 qui
526 3446 671 3527 ostendit,
690 3462 752 3509 non
775 3463 823 3510 ros
839 3445 976 3509 ostendit
992 3445 1029 3509 ab
1047 3442 1184 3508 bomini-

161 3646 174 3698 1
194 3644 274 3700 Eccli.
292 3644 335 3711 37,
352 3645 387 3699 20
490 3646 524 3699 10
545 3646 559 3700 Ι
578 3646 637 3701 Cor.
658 3646 794 3712 15,13ec
814 3647 846 3700 14

106 3832 405 3887 dratiooiuatioueso
507 3834 579 3899 5(ει
597 3834 623 3903 7)
641 3836 841 3902 consequuntur
863 3835 906 3890 Ge
1008 3834 1186 3904 Srelinguat

55 3950 72 3989 o
193 3935 304 4005 tiques
329 3935 440 3990 damnat
469 3936 507 3991 V:
537 3924 702 4025 quaedemu}
724 3940 770 4004 (na
787 3938 839 3992 dcl.
856 3954 892 3992 m.
908 3939 976 4002 2)o
1079 3936 1113 3992 14
1137 3951 1186 3990 an·

54 4038 314 4108 nuntiabant-qni
340 4040 389 4093 hoo
417 4040 501 4095 GPo:
533 4057 584 4094 om.
615 4041 642 4094 V
740 4056 832 4095 eornm
858 4041 899 4096 P:
934 4040 1045 4095 illorum
1073 4038 1116 4094 Ge

55 4123 417 4180 inconsummatam:
447 4126 700 4182 consotabunturV
783 4126 826 4181 illi
842 4126 877 4182 V:
908 4126 971 4180 illae
987 4143 1005 4179 o
1092 4125 1124 4179 19
1141 4138 1186 4178 oo·

52 4211 208 4268 notioniso
308 4210 341 4264 25
359 4212 462 4279 possint
481 4212 536 4266 Gn:
563 4212 648 4281 possit
666 4211 693 4267 V
790 4213 825 4266 26
842 4211 1028 4282 perpetuasV
1059 4213 1187 4280 perpetua

50 4298 82 4351 et
101 4294 175 4352 GPo
276 4296 485 4352 aestuatum
507 4298 543 4354 V:
573 4300 621 4352 ent
639 4301 750 4353 naturas
769 4298 812 4355 G‘o
