2760 4814
228 550 290 616 898
709 551 875 621 augopprr

229 758 306 822 quac
329 738 430 803 lacere
446 742 476 802 et
493 754 569 820 quoe
592 756 715 819 sperare
738 738 915 817 debeamus,
940 759 1001 805 non
1024 746 1130 809 autem
1153 748 1194 811 ad
1219 746 1285 825 hoc,
1306 766 1352 830 per

229 847 344 909 donum
367 841 494 924 spiritus
517 843 565 906 sui
583 846 618 905 ut
634 859 710 924 quae
726 843 925 908 didicerimus
947 864 1014 911 esse
1037 848 1181 913 facienda
1203 850 1349 917 faciamus.

229 966 265 1013 ac
288 965 342 1027 per
364 945 420 1008 hoo
442 944 592 1009 diuinitus
614 944 703 1009 nobis
720 945 785 1009 dari
800 946 965 1012 scientiam
981 949 1179 1029 confitentur,
1197 972 1257 1035 qua
1272 955 1349 1037 igno·

228 1051 334 1115 rantia
356 1048 493 1132 pellitur,
518 1049 681 1113 caritatem
703 1049 805 1113 autem
830 1049 897 1113 dari
919 1055 1048 1136 negant,
1071 1073 1133 1136 qua
1158 1056 1211 1137 pie
1233 1058 1347 1131 uiuitur,

229 1158 266 1219 ut
298 1154 426 1230 scilicet,
462 1170 533 1216 cum
566 1150 609 1215 sit
642 1151 691 1215 dei
722 1153 838 1216 donum
867 1154 1007 1238 scientia,
1039 1176 1118 1240 quae
1140 1158 1211 1224 sine
1233 1162 1367 1225 canaba

228 1259 329 1341 inflat,
361 1275 422 1321 non
450 1257 491 1320 sit
520 1255 570 1319 dei
592 1258 705 1320 donum
732 1255 800 1337 ipsa
823 1257 946 1336 caritas,
970 1277 1058 1341 quae,
1081 1263 1118 1324 ut
1141 1262 1276 1327 seientia
1296 1281 1345 1327 non

227 1362 326 1440 inflet,
358 1358 507 1424 aedificat.
552 1358 715 1422 destruunt
746 1360 839 1423 etiam
870 1362 1034 1441 orationes,
1059 1382 1136 1445 quas
1160 1365 1344 1431 1111111111-

228 1468 273 1532 sia
302 1466 368 1530 siue
391 1480 445 1546 pro
468 1460 644 1526 infidelibus
668 1468 699 1526 et
723 1463 881 1526 doctrinae
905 1464 952 1529 dei
976 1466 1207 1552 resistentibus,
1230 1471 1265 1534 ut
1286 1488 1343 1534 cor·

228 1568 392 1634 uertentur
420 1566 459 1629 ad
482 1585 563 1641 eum,
588 1565 654 1629 siue
677 1583 732 1645 pro
755 1565 904 1645 fidelibus,
930 1569 966 1632 ut
987 1572 1137 1652 augeatur
1159 1571 1194 1635 in
1218 1573 1262 1637 eis
1282 1572 1343 1636 tides

229 1677 259 1738 et
289 1672 487 1755 personarent
516 1667 549 1730 in
572 1685 618 1731 1ο.
662 1668 737 1732 haec
760 1668 873 1750 quippe
897 1686 957 1732 non
980 1669 1018 1734 ab
1043 1673 1109 1754 ipso
1133 1676 1280 1757 accipere,
1300 1672 1362 1738 sedo

230 1797 248 1842 a
271 1795 303 1839 se
326 1774 402 1857 ipsis
426 1770 568 1835 homines
592 1770 705 1835 babere
728 1771 927 1854 contendunt,
943 1775 1079 1855 gratiam
1093 1778 1151 1854 dei,
1171 1796 1233 1859 qua
1246 1778 1342 1843 libera·

229 1898 299 1943 mur
321 1877 359 1941 ab
383 1875 557 1957 impietate,
581 1874 717 1937 dieentes
734 1877 903 1939 secundum
919 1876 1031 1940 merita
1047 1880 1156 1943 nostra
1171 1881 1250 1946 dari.
1277 1878 1342 1963 qnod

229 1983 353 2064 quidem
387 1977 543 2060 Pelagius,
578 1978 610 2041 in
648 1978 816 2060 episcopali
855 1979 969 2044 iudicio
1003 1981 1185 2047 Palaestino
1221 1983 1342 2049 damnari

229 2086 381 2166 metuens,
417 2083 563 2145 damnare
596 2080 761 2163 conpulsus
795 2084 852 2160 est,
889 2083 943 2146 sed
977 2085 1009 2148 in
1040 2086 1265 2166 posterioribus
1290 2083 1341 2150 suis

229 2188 354 2271 scriptis
383 2187 440 2250 boe
471 2185 629 2249 inuenitur
658 2184 773 2248 docere.
819 2186 851 2249 in
879 2185 911 2249 id
934 2186 1029 2251 etiam
1051 2191 1295 2272 progrediuntur,
1314 2188 1360 2250 uto

230 2292 336 2356 dicant
366 2289 465 2354 uitam
495 2287 648 2352 iustorum
671 2285 703 2349 in
728 2287 787 2351 hcc
810 2289 930 2354 saeculo
954 2290 1075 2355 nullum
1098 2294 1227 2357 omnino
1247 2292 1339 2358 babere

229 2398 393 2478 peccatum
416 2395 447 2455 et
467 2410 502 2455 er
525 2392 573 2456 his
596 2390 760 2455 ecclesiam
776 2390 891 2456 Christi
909 2392 941 2456 in
958 2394 1016 2458 hac
1032 2396 1226 2461 mortalitate
1242 2394 1338 2478 perfici,

229 2501 266 2563 nt
288 2499 330 2563 sit
353 2495 478 2562 omnino
500 2495 565 2560 sine
587 2494 711 2559 macula
733 2497 765 2558 ct
786 2514 875 2578 ruga,
907 2497 996 2578 quasi
1020 2515 1080 2563 non
1104 2500 1146 2562 sit
1169 2498 1281 2564 Christi
1300 2516 1338 2562 ec·

229 2602 335 2683 alesia,
359 2618 437 2682 quae
468 2600 532 2662 toto
556 2599 711 2661 terrarum
743 2597 816 2662 orbe
845 2599 960 2664 clamat
990 2600 1028 2664 ad
1058 2603 1166 2665 deum:
1198 2600 1338 2666 dimitte

229 2703 343 2768 nobis
378 2700 516 2765 debita
550 2704 695 2764 nostra.
740 2702 887 2782 paruulos
917 2700 1013 2767 etiam
1043 2709 1159 2787 negant
1190 2704 1358 2771 secundnm·

230 2806 333 2870 Adam
371 2804 537 2868 carnaliter
575 2804 662 2868 natos
697 2805 876 2888 contagium
910 2806 1020 2870 mortis
1055 2807 1158 2889 prima
1193 2807 1338 2874 natiuitate

230 2905 422 2974 contrahere.
463 2908 507 2972 sic
537 2906 620 2971 enim
650 2925 700 2971 eos
731 2907 797 2971 sine
820 2907 884 2971 ullo
907 2909 1027 2989 peccati
1050 2909 1212 2994 originalis
1234 2906 1337 2976 uinculo

231 3013 374 3076 asserunt
402 3011 497 3087 nasci,
530 3013 565 3073 ut
592 3028 718 3090 prorsus
742 3028 803 3073 non
826 3011 867 3073 sit
889 3010 970 3091 quod
994 3010 1038 3074 eis
1062 3015 1206 3094 oporteat
1227 3010 1336 3078 secunda

230 3112 399 3179 natiuitate
422 3113 549 3194 dimitti,
573 3114 627 3177 sed
650 3130 699 3177 eos
722 3114 884 3195 propterea
900 3112 1061 3195 baptizari,
1077 3118 1114 3178 ut
1130 3114 1336 3199 regeneratione

231 3215 372 3299 adoptati
395 3215 602 3281 admittantur
624 3217 662 3279 ad
685 3232 816 3296 regnum
840 3216 897 3293 dei,
923 3216 959 3280 de
980 3216 1060 3281 bono
1076 3217 1109 3281 in
1127 3219 1238 3284 melius
1254 3224 1356 3282 trans-⁵

232 3321 299 3398 lati,
324 3338 387 3383 non
409 3318 469 3383 ista
491 3318 721 3401 regeneratione
744 3319 782 3383 ab
806 3318 909 3400 aliquo
932 3319 1013 3382 malo
1029 3320 1228 3403 obligationis
1242 3316 1334 3385 ueteris

231 3421 378 3487 absoluti.
413 3439 485 3486 nam
512 3420 606 3485 etiam
629 3421 655 3483 si
678 3438 739 3485 non
762 3419 970 3503 baptizentur,
993 3425 1184 3504 promittunt
1206 3426 1249 3489 eis
1269 3420 1335 3485 extra

231 3545 361 3609 regnum
384 3525 507 3608 quidem
530 3524 589 3600 dei,
613 3525 666 3588 sed
690 3525 795 3588 tamen
819 3526 979 3589 aeternam
1002 3528 1034 3590 et
1057 3526 1182 3591 beatam
1205 3522 1334 3608 quandam

232 3630 330 3695 uitam
353 3647 451 3695 suam.
496 3629 599 3710 ipsum
622 3645 741 3711 quoquo
764 3629 866 3694 Adam
889 3628 1007 3707 dicunt,
1032 3630 1130 3695 etiarn
1152 3632 1180 3695 si
1203 3648 1261 3694 non
1282 3642 1332 3709 pcc·

232 3738 339 3809 cesset,
368 3732 461 3798 fuisse
492 3749 616 3815 corpore
645 3733 841 3808 moriturum,
866 3752 966 3815 neque
997 3734 1043 3797 ita
1065 3740 1226 3799 mortuum
1246 3728 1357 3797 mentes

232 3837 351 3918 culpae,
374 3837 427 3901 sed
446 3836 625 3901 condicione
640 3838 779 3900 naturae.
815 3834 993 3900 obiciuntur
1008 3836 1053 3901 eis
1072 3840 1104 3901 et
1120 3837 1182 3903 alia
1198 3831 1335 3902 nonnulla

335 4038 351 4091 6
370 4039 402 4093 cf.
416 4040 430 4093 Ι
442 4042 501 4095 Cor.
520 4042 544 4106 8,
565 4044 579 4096 1
668 4039 832 4108 1811111111.
850 4041 874 4104 5,
893 4040 927 4094 27
1017 4041 1163 4096 19111111.
1183 4044 1208 4108 6,
1227 4044 1260 4097 12

285 4230 401 4284 ‘letiam
417 4228 454 4283 V:
480 4233 509 4284 et
526 4231 553 4285 P
646 4230 678 4286 10
695 4230 977 4298 eo(sc.deo)G¹PV:
1005 4231 1086 4285 eaG²
1179 4228 1346 4302 1311111111

239 4316 266 4370 V
357 4316 390 4369 16
402 4314 497 4370 babere
509 4317 617 4372 omuino
630 4318 658 4372 P
752 4318 783 4372 17
797 4315 848 4386 his]
862 4316 885 4370 is
900 4317 927 4370 P
1009 4317 1147 4370 ecclesiam
1161 4317 1230 4372 GP:
1257 4315 1350 4373 omissis

237 4402 262 4456 V
362 4399 396 4455 26
413 4400 447 4456 ab
467 4402 532 4456 GP:
563 4403 610 4457 ubi
632 4403 659 4459 V
758 4403 791 4457 21
809 4403 986 4474 baptizantur
1003 4402 1032 4456 P
1133 4404 1168 4457 29
1192 4405 1289 4461 sinon
1305 4417 1352 4475 pet·

232 4489 525 4544 cassat—moriturum
546 4488 612 4545 GP:
642 4504 692 4545 eoa
711 4488 775 4544 MV
882 4490 1028 4558 peccasse-t
1045 4488 1074 4555 (n
1092 4491 1164 4557 rae.)
1183 4490 1213 4544 P
