2760 4814
159 263 225 345 ‚ilo
644 256 808 327 Eugippii

163 448 490 534 baptizabimini,
515 449 581 513 siue
606 447 729 513 dicatur
759 446 970 528 incipietis
1000 445 1219 529 baptizari,
1254 444 1296 509 ad

163 574 229 620 rem
258 547 338 619 nihil
367 553 515 630 interest;
550 570 624 616 nam
653 552 687 616 in
717 551 964 633 quibuscumque
987 549 1143 615 codicibus
1166 547 1296 615 inueni·

163 659 261 722 untur
283 655 553 739 baptizabitis
575 655 632 719 aut
660 654 873 737 incipietis
896 653 1121 734 baptizare,
1150 650 1294 717 mendosi

164 761 258 827 sunt:
281 762 334 842 qui
357 779 392 825 er
413 759 532 841 graecis
555 757 705 822 facillime
723 756 958 822 conuiucuntur.
989 755 1017 821 si
1035 757 1141 820 autem
1157 754 1295 820 dicimus

164 881 244 946 aqua
265 880 326 927 non
348 862 444 927 fnisse
465 860 650 943 baptizatos,
674 859 876 924 metuendum
898 859 954 937 est,
973 876 1012 923 ne
1029 857 1168 940 grauiter
1190 856 1225 921 in
1248 855 1293 922 eis
1315 880 1326 920 s

165 984 320 1047 erremus,
365 984 403 1031 ne
440 965 549 1029 demus
593 963 773 1028 hominibus
817 961 1037 1027 auctoritatem
1073 960 1294 1026 contemnendi

163 1067 368 1151 baptismum,
402 1086 495 1151 quem
525 1085 621 1149 usque
653 1067 728 1131 adeo
758 1084 820 1130 non
843 1063 1101 1130 contemnendum
1126 1065 1198 1144 ipsa
1217 1080 1294 1146 apo·

164 1171 274 1237 stolica
296 1170 461 1253 disciplina
490 1170 694 1248 commendat,
724 1172 760 1233 ut
783 1167 941 1234 Cornelius
965 1168 1103 1233 centurio
1127 1169 1159 1230 et
1182 1165 1216 1230 hi
1239 1166 1294 1249 qui

77 1362 82 1371 ι
106 1332 109 1347 ,
165 1292 237 1341 cum
267 1273 323 1339 illo
347 1274 436 1339 erant
457 1277 553 1341 etiam
577 1277 703 1356 accepto
725 1273 838 1356 spiritu
862 1273 970 1337 sancto
993 1270 1110 1337 fuerint
1132 1271 1293 1354 baptizati.

207 1392 296 1460 Sicut
324 1394 445 1476 antiqui
474 1396 549 1460 iusti
583 1396 609 1459 si
640 1412 700 1459 non
734 1391 1039 1470 circumciderentur,
1070 1409 1131 1457 non
1153 1393 1225 1457 erat
1248 1391 1328 1457 eisne

165 1500 337 1581 peccatum,
371 1497 480 1580 postea
510 1516 582 1562 nero
606 1515 701 1580 quam
731 1495 822 1560 iussit
845 1495 929 1577 deus,
960 1498 996 1560 ut
1019 1494 1296 1561 circumcideretur

166 1599 327 1665 Abraham
341 1600 466 1682 eiusque
481 1601 660 1684 posteritas,
684 1599 758 1677 iam,
775 1600 803 1664 si
819 1617 880 1664 non
896 1598 993 1679 lieret,
1018 1616 1114 1682 graue
1129 1602 1297 1682 peccatum

166 1702 246 1768 fuit:
276 1704 322 1768 sic
352 1703 448 1767 etiam
478 1708 644 1786 antequam
680 1703 826 1769 dominus
849 1701 992 1768 Christus
1026 1702 1059 1766 in
1084 1702 1217 1767 ecclesia
1238 1721 1297 1768 sua

167 1811 397 1873 sacramentnm
419 1808 493 1871 noui
515 1809 697 1873 testamenti
714 1826 769 1890 pro
784 1806 1018 1871 circumcisione
1033 1808 1133 1871 carnis
1148 1809 1297 1871 sanctum

168 1908 361 1991 baptismum
384 1909 471 1974 dedit
485 1911 518 1975 et
535 1911 731 1992 apertissime
753 1909 849 1976 dixit:
873 1909 907 1974 si
930 1910 1015 1991 quis
1036 1927 1110 1974 non
1133 1911 1331 1977 renatusu

167 2011 290 2079 fuerit
323 2032 365 2078 ex
389 2031 487 2098 aqua
516 2014 554 2078 et
587 2013 736 2096 spiritu
765 2014 917 2094 sancto,
952 2030 1024 2077 non
1056 2011 1236 2078 intrabit
1257 2015 1296 2079 in

167 2132 327 2198 regnum
361 2118 564 2194 caelorum,
602 2117 665 2181 iam
702 2133 762 2182 non
795 2115 941 2183 debemus
977 2134 1133 2198 quaerere,
1168 2119 1295 2198 quando

167 2220 298 2304 quisque
319 2221 416 2289 fuerit
441 2221 628 2306 baptizatus,
656 2221 711 2287 red
733 2238 943 2304 quoscumque
965 2220 1100 2304 legimus
1123 2221 1156 2285 iu
1171 2237 1298 2304 corpora

167 2322 293 2408 Christi,
316 2326 399 2408 quod
420 2331 469 2392 est
492 2325 631 2399 ecclesia,
654 2325 809 2407 pertinere
831 2324 871 2389 ad
893 2342 1023 2408 regnum
1040 2323 1208 2403 caelorum,
1234 2341 1298 2389 non

167 2427 230 2492 nisi
251 2426 427 2511 baptizatos
448 2429 631 2513 intellegere
662 2429 817 2507 debemus,
852 2427 912 2492 uisi
943 2426 1023 2492 lorte
1045 2443 1122 2509 quos
1146 2427 1334 2511 angustiare

168 2532 321 2615 passionis
357 2533 481 2598 inuenit
516 2538 548 2599 ιι
583 2533 723 2598 nolentes
760 2549 873 2615 negare
910 2530 1089 2607 Christum,
1126 2533 1299 2614 antequam

167 2635 408 2717 baptizarentur,
442 2635 535 2701 occisi
564 2640 653 2714 sunt3
688 2635 799 2720 quibus
833 2635 904 2716 ipsa
932 2633 1033 2718 passio
1059 2651 1115 2717 pro
1139 2634 1298 2718 baptismo

169 2738 320 2821 deputata
341 2743 399 2804 est.
436 2741 490 2804 sed
513 2739 665 2822 numquid
688 2738 746 2804 boe
769 2757 934 2820 possumus
957 2738 995 2804 de
1010 2737 1158 2822 apostolis
1181 2738 1298 2815 dicere,

170 2840 225 2923 qui
247 2859 343 2924 usque
365 2841 439 2907 adeo
461 2842 587 2925 largum
609 2844 733 2924 tempus
756 2841 942 2920 babuemnt,
966 2859 1026 2924 quo
1048 2841 1298 2926 baptizarentur,
1366 2876 1369 2883 ·

169 2948 207 3010 ιιι
228 2944 305 3011 alios
327 2946 422 3011 etiam
444 2944 695 3028 baptizaberiut?
717 2945 771 3010 sed
789 2965 850 3011 non
865 2946 980 3022 omnia,
1004 2945 1190 3028 quaefacta
1212 2950 1297 3023 sunt
1310 2971 1335 3012 er

172 3049 269 3115 etiam
291 3049 411 3133 scripta
440 3049 649 3123 inueniuntur,
673 3069 781 3114 uerum
805 3055 910 3116 tamen
931 3049 1016 3115 facta
1038 3067 1106 3114 esse
1127 3069 1174 3139 ιι,
1188 3051 1300 3117 ceteris

171 3156 364 3221 documentis
400 3153 559 3239 probatur.
604 3156 754 3238 seriptum
790 3159 847 3234 est,
886 3154 1006 3237 quando
1039 3153 1218 3235 baptizatus
1253 3161 1303 3220 est

172 3259 331 3340 apostolus
353 3258 481 3336 Paulus,
512 3259 545 3323 et
566 3258 716 3341 scriptum
740 3275 801 3322 non
824 3261 880 3333 est,
907 3257 1028 3341 qnando
1049 3256 1202 3339 baptizati
1225 3259 1303 3323 sunt

273 3443 420 3501 aarum.
440 3442 533 3507 10,48
636 3443 667 3497 15
687 3442 802 3508 maa
904 3442 938 3498 27
957 3442 990 3501 of.
1008 3441 1111 3507 Aeas,
1132 3443 1165 3497 18

222 3632 240 3686 2
263 3632 400 3688 inuenitur
422 3650 439 3689 o
540 3633 558 3689 3
581 3597 726 3703 ιιριίἷὲιὶι
744 3631 784 3699 (bi
801 3631 866 3686 cdd.
884 3648 919 3685 m.
936 3633 967 3697 2)
986 3631 1014 3684 P
1113 3631 1132 3684 4
1149 3630 1197 3699 qui
1214 3630 1303 3688 PVo:

171 3717 234 3788 quia
250 3721 278 3773 A
363 3721 450 3790 grecis
472 3721 516 3775 Ao
606 3720 798 3774 conuiueontur
815 3720 843 3774 A
934 3717 1047 3773 dicimus
1065 3718 1122 3773 Aa:
1152 3716 1220 3772 dicis
1243 3718 1271 3772 V

171 3804 188 3857 5
211 3803 389 3859 medueudum
412 3809 440 3861 A
542 3807 560 3861 6
583 3821 617 3861 ne
634 3805 736 3876 demus]
759 3807 788 3859 et
805 3821 839 3859 uo
856 3803 883 3859 d.
901 3821 917 3859 a
1020 3804 1036 3858 ‘i
1060 3802 1304 3873 contempnendum

173 3909 201 3961 A
292 3909 410 3965 {tetiam
436 3910 484 3964 Vc:
514 3910 597 3965 etiam
615 3910 669 3964 iam
687 3911 715 3965 A
800 3908 942 3963 fueranto
1033 3906 1067 3960 12
1085 3896 1162 3960 eius*
1180 3908 1217 3977 (q.
1236 3908 1304 3964 add.

173 4028 206 4066 m.
224 4013 254 4080 2)
273 4015 300 4066 A
402 4013 434 4066 21
460 4013 569 4082 negare]
587 4029 679 4069 necare
699 4014 727 4068 A
829 4013 865 4067 24
887 4012 961 4081 adeo]
981 3994 1074 4093 adeam
1093 4015 1130 4075 (m
1148 4008 1200 4065 see
1218 4026 1255 4066 aa.
1273 4014 1305 4075 2)

174 4118 202 4170 A
302 4115 338 4171 26
363 4115 463 4185 tamen]
491 4115 574 4170 ctiam
599 4133 616 4172 o
727 4116 760 4170 27
787 4113 917 4185 probatur
947 4114 1000 4170 Vc:
1030 4112 1178 4182 probantur
1206 4114 1233 4168 A

172 4202 207 4257 28
224 4201 298 4272 aunt]
317 4200 408 4255 eintc
