2760 4814
203 299 267 364 274
685 294 852 365 Eugippii

554 504 601 550 DE
623 501 781 550 vittam
802 500 983 550 GEDEONIS.

246 626 323 708 Quis
351 626 452 692 uellus
480 624 675 707 complutum
696 641 771 689 area
792 622 873 688 sicca
895 626 927 687 et
948 624 1058 706 postea
1079 622 1239 703 compluta
1261 640 1335 689 area

201 731 284 797 sicco
306 730 422 796 uellere
443 727 504 795 nisi
526 729 627 811 primo
652 744 714 791 una
735 744 813 811 gem
835 725 1047 791 Hebraeorum
1070 723 1190 790 babens
1212 727 1334 790 occulte

200 834 235 899 in
258 835 376 899 sanctis
409 836 594 916 mysterium
624 829 685 909 dei,
719 830 801 912 quod
834 830 881 894 est
902 826 1053 907 cbristus,
1088 845 1148 910 quo
1183 829 1333 912 mysterio

200 940 286 1004 totus
308 936 391 1003 orbis
415 953 530 1002 uacum
555 936 646 1000 erati
677 950 761 998 nuno
782 932 888 997 autem
910 933 943 996 in
966 930 1222 997 manifestatione
1244 933 1331 997 totus
1353 958 1366 999 r

200 1041 286 1107 orbis
308 1041 342 1106 id
364 1039 469 1119 babet,
490 1038 549 1105 illa
570 1037 704 1106 uacuata
727 1040 784 1103 eet.
816 1036 892 1121 quid
915 1037 979 1103 iam
994 1055 1104 1120 rogum
1127 1036 1330 1119 temporibus,

198 1144 236 1208 ut
258 1146 291 1209 et
312 1142 385 1209 inde
407 1160 506 1226 pauca
527 1142 790 1208 commemorem?
823 1157 924 1205 nonne
949 1137 1077 1222 abipso
1099 1139 1223 1205 exordio
1245 1157 1332 1205 oum·

198 1247 360 1312 mutatum
389 1245 596 1312 sacerdotium
622 1244 656 1310 in
678 1243 879 1310 Samuhelem
908 1242 1073 1328 reprobato
1095 1241 1168 1308 Heli
1191 1244 1224 1308 et
1245 1260 1330 1308 cem·

199 1355 359 1417 mutatum
386 1367 519 1433 regnum
541 1349 576 1414 iu
598 1349 702 1415 Dauid
725 1347 889 1432 reprobato
912 1346 1004 1413 Saule
1032 1347 1150 1413 clamat
1170 1365 1329 1429 praenun-

197 1455 274 1519 tiari
295 1471 413 1519 nouum
435 1452 643 1519 sacerdotium
671 1469 849 1535 nouumque
873 1469 1004 1533 regnum
1026 1452 1190 1535 reprobato
1212 1455 1365 1528 ueterano

196 1557 280 1640 quod
309 1559 421 1624 umbra
449 1557 516 1622 erat
544 1556 653 1641 futuri,
682 1558 716 1622 iu
744 1555 870 1622 domino
891 1553 962 1621 Iesu
985 1552 1109 1621 Christo
1137 1556 1329 1620 uenturum?

196 1676 298 1724 nonne
320 1659 387 1741 ipse
409 1659 521 1739 Dauid,
553 1677 624 1724 cum
645 1678 738 1743 panes
761 1659 982 1745 propositionis
1008 1659 1219 1738 manducauit,
1250 1678 1327 1743 quos

196 1780 259 1827 non
281 1761 398 1828 licebat
412 1764 597 1829 manducare
613 1762 674 1828 nisi
689 1765 909 1844 sacerdotibus,
932 1763 967 1828 in
983 1783 1044 1830 una
1058 1781 1188 1849 persona
1202 1767 1327 1829 utrum·

194 1884 256 1948 que
277 1864 429 1943 futurum,
452 1867 486 1930 il
501 1869 549 1932 est
564 1866 597 1932 in
612 1884 674 1933 uno
689 1868 761 1933 Iesu
775 1867 898 1934 Christo
913 1874 1045 1953 regnum
1062 1872 1093 1933 et
1114 1869 1325 1934 sacerdotium

194 1967 370 2051 ligorauiti
400 1987 502 2035 nonne
532 1986 603 2035 oum
629 1970 737 2035 decem
759 1970 864 2036 tribue
886 1989 906 2036 a
927 1973 1046 2054 templo
1068 1971 1229 2055 separatae
1252 1977 1363 2040 sunto

195 2076 227 2138 et
249 2075 329 2140 duae
351 2073 528 2160 derelictae,
557 2076 634 2141 eatis
656 2075 772 2141 indicat
794 2074 876 2158 quod
897 2079 935 2141 de
959 2079 1027 2141 tota
1048 2077 1116 2159 ipsa
1136 2077 1230 2159 gente
1253 2093 1326 2160 apo-

194 2175 294 2243 stolus
324 2179 387 2243 ait:
417 2177 613 2263 reliquiae
642 2197 711 2261 per
740 2178 975 2244 electionem
1004 2180 1162 2263 gratiae
1189 2179 1325 2245 saluae

193 2280 211 2346 1⁴
213 2283 324 2347 actae
345 2283 462 2348 sunt?

551 2475 598 2523 ml
620 2474 806 2525 MIRACVLIS
828 2479 967 2528 neuma.

236 2592 381 2660 Pascitur
403 2595 512 2662 Heliae
541 2599 680 2679 tempore
711 2597 805 2665 samis
831 2618 850 2664 a
872 2601 973 2667 curuis
1004 2621 1094 2670 mane
1123 2606 1359 2672 afferentibuseu

191 2713 304 2779 panem
327 2700 360 2763 et
383 2697 423 2762 ad
445 2716 611 2782 uesperam
633 2717 757 2767 carues:
788 2706 820 2768 et
842 2702 1016 2772 Manichaei
1045 2725 1108 2773 non
1133 2710 1324 2796 intellegunt

191 2799 224 2863 in
254 2797 319 2866 illis
348 2800 437 2867 libris
459 2799 633 2887 Christum,
666 2803 716 2868 cui
745 2805 880 2887 quodam
910 2807 1001 2874 modo
1026 2811 1160 2878 salutem
1182 2817 1322 2880 nostram

190 2904 341 2970 esurienti
369 2904 555 2972 confitentur
584 2910 760 2989 peccatores
791 2909 884 2976 fidem
910 2911 1067 2995 primitias
1088 2914 1218 2997 spiritus
1240 2937 1322 2983 nunc

190 3005 368 3086 habentem,
402 3007 434 3074 in
463 3009 525 3075 fine
554 3013 659 3076 autem
689 3013 777 3077 uelut
807 3013 847 3078 acl
876 3032 1038 3097 uesperam
1070 3019 1189 3084 saeculi
1223 3021 1320 3086 etiam

189 3109 290 3176 carnis
305 3111 572 3179 resurrectionem.
592 3116 732 3182 mittitur
744 3117 852 3183 Heliae
867 3120 1040 3200 pascendus
1056 3120 1096 3185 ad
1111 3122 1319 3208 alienigenam
1329 3145 1355 3187 aa

290 3300 308 3355 2
326 3302 362 3357 cf.
380 3301 439 3356 Iud.
457 3304 483 3370 6,
500 3303 534 3359 37
544 3319 602 3374 sqq.
694 3305 711 3359 8
729 3304 763 3362 cl.
782 3303 796 3358 l
813 3305 879 3377 Bag.
895 3308 921 3372 2,
939 3309 972 3363 21
982 3324 1040 3379 sqq.
1132 3312 1149 3365 9
1167 3311 1201 3366 ci.
1219 3313 1234 3368 I
1253 3313 1320 3384 [teg.

190 3385 231 3452 16,
251 3386 334 3457 leqq.
438 3388 471 3443 12
496 3389 512 3445 1
530 3389 594 3460 Bag.
612 3389 654 3458 21,
672 3390 689 3445 6
803 3393 837 3448 lb
859 3392 894 3448 ci.
911 3393 958 3450 111
975 3394 1041 3466 Reg.
1061 3397 1101 3464 12,
1122 3399 1154 3453 16
1172 3402 1200 3454 at
1217 3399 1253 3454 20

188 3472 221 3526 l‘l
244 3471 322 3527 Rom.
346 3475 386 3541 11,
405 3475 423 3530 5
443 3477 471 3529 et
492 3476 518 3542 9,
535 3476 570 3530 27
655 3476 690 3530 20
711 3476 746 3532 cf.
764 3477 809 3533 III
826 3478 892 3551 Reg.
917 3482 958 3547 17,
976 3483 993 3536 6
1077 3483 1113 3538 25
1135 3484 1171 3540 cf.
1188 3485 1235 3541 111
1253 3487 1321 3558 Reg.

188 3558 229 3624 17,
248 3559 333 3628 seqq.

240 3728 390 3785 ltitoelum
410 3746 461 3786 orn.
483 3732 583 3789 DPTo
685 3734 786 3805 bouis
807 3737 844 3793 Vc
867 3738 932 3807 quid
948 3739 1049 3797 DPTo
1150 3743 1320 3815 4mysterio

186 3814 318 3880 (acuum
331 3818 413 3885 corr.)
431 3816 461 3871 D
556 3819 688 3876 buacnor
704 3822 746 3877 D¹
836 3824 964 3895 tregam
979 3826 1006 3881 V
1093 3828 1320 3898 ipraenuntiara

185 3899 216 3954 D
309 3901 345 3956 10
361 3903 532 3972 reprobatum
550 3905 588 3960 P¹
674 3909 795 3965 uetario
890 3912 921 3968 ll
940 3915 1032 3968 nostro
1046 3919 1110 3983 poet
1126 3915 1235 3971 domino
1253 3917 1319 3973 odd.

184 3985 286 4042 DPlb
355 3990 388 4043 12
400 3990 477 4058 panis
489 3992 684 4062 propositiones
695 3995 738 4050 D¹
806 4013 916 4067 queso:
931 3999 1078 4068 quodisbn'
1148 4002 1181 4057 13
1192 4004 1257 4074 non]
1270 4021 1319 4059 uos

187 4069 220 4125 1⁸
294 4075 625 4154 manducareooafflP‘o
699 4083 733 4137 lb
744 4083 862 4152 separati
872 4084 914 4138 11¹
989 4085 1021 4141 16
1033 4086 1086 4141 duo
1102 4086 1139 4154 V;
1157 4088 1319 4154 cflRoascb
1371 4110 1374 4129 ¹

183 4159 202 4214 1.
213 4177 237 4215 c.
246 4162 341 4230 pff
437 4164 469 4218 li
482 4163 552 4219 salui
563 4165 630 4221 facti
641 4167 681 4222 D¹
781 4170 814 4225 19
825 4171 938 4226 titolum
949 4187 999 4226 om.
1011 4172 1112 4229 DPTo
1205 4175 1319 4232 illelius

184 4245 210 4300 Τ
277 4248 363 4303 corbis
378 4248 405 4304 V
470 4250 503 4306 21
517 4253 605 4307 carnis
616 4254 658 4309 D¹
726 4255 906 4312 bissumento
918 4258 959 4313 12¹
1029 4259 1284 4330 25aliganienamo
