2760 4814
204 348 371 418 Excerpto
388 365 423 405 ex
441 365 512 420 opp.
530 349 557 406 S.
575 351 719 422 August.
740 351 886 409 CCCXIII.
905 352 1067 411 OCCXIIII.
1121 356 1204 424 loel

67 541 104 605 in
126 537 235 606 eodem
264 540 383 626 templo
412 540 461 608 dei
492 559 560 608 esse
591 544 753 626 umquam
781 543 1012 610 inhabitantem
1045 548 1137 613 doum
1171 546 1205 611 et

67 646 102 710 in
124 645 191 710 loco
214 644 320 728 aliquo
342 645 420 711 caeli
441 646 568 730 propter
590 647 657 712 ucri
679 649 812 730 corporis
835 648 974 714 modum.

539 936 740 1021 oooxflfl.

67 1127 116 1175 DE
139 1127 241 1176 VNIVS
264 1125 390 1175 VXORIS
415 1127 498 1175 VIRO
520 1128 686 1176 EPISCOPO
709 1128 923 1179 ORDINANDO·
961 1130 1008 1177 EX
1030 1128 1134 1179 121B1a0
1156 1130 1204 1177 Du

44 1234 59 1276 5
478 1231 570 1280 BONO
593 1231 793 1281 CONIVGALI.

115 1363 204 1446 Quod
228 1370 276 1433 est
299 1367 387 1433 cibus
409 1368 608 1435 adsalutem
631 1369 776 1453 corporis,
800 1369 859 1435 hoc
881 1373 928 1435 est
950 1369 1136 1435 concubitus
1160 1370 1276 1451 socae

67 1469 207 1535 salntem
251 1474 391 1558 generis,
437 1476 468 1537 et
505 1472 673 1555 utrumque
709 1492 772 1540 non
809 1478 857 1539 est
893 1473 961 1540 eine
997 1473 1204 1539 delectatione

68 1570 201 1638 carnali.

113 1693 248 1759 Diuersa
269 1712 361 1776 opera
378 1698 506 1776 patrum
522 1713 583 1761 non
599 1693 739 1762 faciebat
754 1694 814 1760 nisi
831 1695 999 1762 diuersitas
1015 1698 1203 1780 temporum.

32 1798 116 1865 nosic
138 1799 244 1863 autem
267 1815 389 1863 necesse
411 1799 547 1876 eratut
574 1796 708 1865 carnalit
694 1803 741 1864 tor
765 1798 904 1865 oohircnt
889 1800 1026 1866 tetiam
1052 1817 1113 1864 nou
1137 1817 1204 1866 car·

69 1898 157 1967 nuos
186 1901 363 1984 prophetae,
395 1901 477 1967 sicut
499 1921 626 1968 necesse
655 1907 731 1988 erat,
708 1902 981 1970 tutcarnalitor
1003 1902 1205 1967 noscerentur

69 2002 169 2068 stiam
190 2008 254 2069 non
277 2006 416 2071 carnales
439 2006 581 2089 apostoli.

113 2126 269 2193 Ecclesiae
292 2128 539 2212 dispensatorem
562 2146 624 2193 non
642 2127 736 2194 licere
751 2128 887 2195 ordinari
909 2130 969 2194 nisi
992 2129 1084 2193 unius
1100 2125 1205 2192 uxoris

70 2229 177 2294 uirum
208 2233 331 2311 acutius
361 2230 582 2297 intellexerunt
612 2231 666 2314 qui
692 2251 749 2296 nec
779 2251 850 2296 eum
885 2230 939 2314 qui
962 2230 1204 2296 catechumenus

35 2330 124 2400 muel
147 2350 288 2416 paganus
322 2334 468 2401 habuerit
502 2335 633 2400 alteram
667 2334 877 2401 ordinandum
910 2352 975 2399 esse
1008 2332 1204 2398 censuerunt.

73 2434 111 2499 de
135 2440 331 2502 sacramento
354 2436 438 2502 euim
461 2438 577 2521 agitur,
601 2455 662 2503 non
685 2438 723 2503 de
745 2441 885 2520 peccato.
908 2456 982 2502 nam
998 2437 1031 2500 in
1047 2434 1204 2517 baptismo

70 2540 203 2621 peccata
237 2541 343 2605 omnia
375 2540 590 2606 dimittuntur.
632 2540 686 2605 sed
721 2541 775 2623 qni
808 2540 905 2606 dixit:
938 2541 971 2605 si
1001 2539 1205 2621 acceperis

72 2659 252 2721 uxorem,
286 2660 360 2709 non
388 2645 583 2726 peccasti,
614 2644 654 2708 et
684 2643 717 2709 si
745 2643 934 2727 nupserit
962 2643 1092 2725 uirgo,
1128 2659 1206 2708 non

71 2748 228 2825 peccat,
263 2747 309 2812 et:
337 2747 437 2830 quod
466 2746 559 2812 uult
593 2747 738 2831 laoiat;
776 2765 850 2812 non
878 2743 1206 2830 peccat3nubat,

35 2845 151 2916 coeatis
174 2847 349 2915 deelarauit
370 2849 498 2932 nuptias
521 2849 644 2914 nullum
667 2867 735 2914 esse
757 2849 930 2932 peccatum.
957 2850 1084 2932 propter
1100 2864 1208 2913 sacra·

71 2950 174 3015 menti
196 2955 303 3017 autem
324 2954 526 3019 sanctitatem
548 2953 632 3018 sicut
659 2953 785 3031 lomina,
816 2954 911 3018 etiam
933 2950 962 3016 si
985 2949 1208 3017 catechumena

71 3051 171 3118 fuerit
199 3054 325 3133 uitiata,
355 3073 417 3122 non
439 3060 544 3140 potest
566 3059 637 3139 post
664 3057 856 3141 baptismum
884 3056 966 3120 inter
994 3055 1045 3120 dei
1067 3053 1206 3138 uirgines

73 3157 261 3237 consecrari,
285 3159 330 3223 ita
352 3176 415 3225 non
438 3158 572 3225 absurde
588 3162 691 3226 uisum
708 3163 843 3226 osteum
859 3157 912 3242 qni
929 3156 1060 3223 excessit
1075 3176 1206 3223 unorum

70 3277 240 3324 numerum
273 3261 468 3345 singularem
499 3281 560 3328 non
583 3266 744 3345 peccatum
767 3261 893 3346 aliquod
917 3259 1122 3338 commisisse,
1152 3264 1206 3327 sed

30 3378 217 3432 renormam
240 3362 398 3445 quandam
427 3364 614 3430 sacramenti
647 3364 798 3443 amisisse,
832 3382 893 3429 non
926 3366 965 3429 ad
997 3364 1081 3428 uitae
1109 3365 1207 3430 bonae

69 3463 233 3544 meritum,
264 3466 320 3530 sed
343 3466 382 3532 ad
406 3466 612 3531 ordinationis
634 3466 860 3532 ecclesiasticae
882 3466 1079 3551 signaculum
1100 3485 1206 3532 neces·

177 3651 209 3704 17
227 3650 242 3705 1
259 3648 320 3706 Cor.
339 3651 364 3719 l,
382 3651 416 3706 28
521 3653 554 3707 19
572 3653 587 3707 Ι
604 3653 662 3708 Cor.
682 3654 706 3717 7,
723 3653 758 3708 36

127 3820 262 3889 ltcmplo
280 3837 311 3875 a:
341 3822 472 3895 templum
495 3821 578 3876 GPV
663 3821 1024 3892 conspecturum
1051 3822 1206 3879 cccxxvl

72 3924 102 3980 G
131 3920 323 3980 cccxxxlo
420 3908 502 4011 {ised
519 3924 624 3979 diuersa
642 3926 699 3991 (sed
717 3925 769 3981 del.
786 3942 821 3980 m.
833 3928 864 3994 2)
883 3926 911 3981 P
1008 3928 1041 3981 10
1059 3928 1160 3981 coirent
1180 3926 1208 3982 G

69 4028 101 4082 P
188 4026 223 4079 14
239 4027 403 4081 acutiusV:
432 3999 504 4097 quod
522 4029 627 4085 acutius
646 4029 674 4083 P
758 4028 958 4084 cathecumiuus
981 4030 1008 4085 V
1096 4033 1128 4086 15
1147 4047 1207 4086 ocn-

68 4114 187 4167 sucrnnt
211 4108 277 4166 GP.
306 4116 501 4168 cousuencrnnt
522 4113 549 4168 V
650 4114 683 4168 16
707 4128 808 4167 nam-
775 4117 921 4184 -peccatc
946 4114 1012 4171 GP·
1042 4131 1091 4171 om.
1117 4116 1143 4172 V

70 4198 107 4256 li
134 4196 262 4267 acciperis
290 4197 316 4252 V
416 4200 448 4254 21
473 4200 659 4255 cathecumino
686 4200 712 4255 V
811 4201 846 4256 2³
869 4217 981 4257 uxorum
1005 4202 1071 4258 GP:
1100 4219 1206 4258 uxorem

72 4284 104 4343 V
205 4278 240 4337 It
258 4285 435 4341 necessarium
453 4285 520 4341 PV:
550 4286 758 4343 necessariamc
