2760 4814
355 536 520 606 Excerpta
538 550 574 589 ex
592 549 662 603 opp.
682 533 709 589 S.
727 533 915 602 Augustini
938 531 1055 588 LXIIII.
1208 534 1274 602 323

136 727 372 808 conscientiam,
402 745 441 790 ne
471 724 675 790 daemonibus
703 726 947 792 communicasse
969 724 1124 790 uideatur.
1164 723 1274 790 morti·

137 829 246 894 einum
269 831 376 895 autem
398 831 474 912 puto
498 828 581 910 quod
602 831 641 894 ad
661 847 765 894 escam
787 847 863 894 usus
890 827 1052 894 hominum
1067 844 1129 899 non
1144 826 1273 892 admisit
1292 846 1295 850 ’

136 953 172 999 eo
203 936 285 1016 quod
313 951 376 998 non
408 933 589 1011 occisorum,
621 932 676 997 sed
699 933 894 996 mortuorum
923 930 1109 997 animalium
1130 927 1273 995 morbida

135 1054 207 1101 caro
231 1040 279 1100 est
303 1054 360 1100 nec
381 1039 454 1119 apta
476 1034 516 1100 ad
539 1034 674 1100 salntem
705 1034 851 1118 corporis,
883 1033 971 1098 cuins
1002 1050 1097 1098 causa
1119 1032 1273 1097 sumimus

115 1139 337 1204 salimentum.

240 1361 336 1420 Qvon
364 1357 501 1408 DVOBVS
531 1357 637 1406 moms
665 1357 930 1406 mnmnnmoauvle
951 1357 974 1403 A
996 1356 1169 1405 sammullam

572 1460 827 1510 ABSTINENDVM.

177 1583 263 1649 Nam
286 1584 369 1667 qnod
391 1585 429 1649 de
453 1582 637 1648 effundendo
666 1584 818 1663 sanguine
845 1581 982 1664 antiquis
1006 1583 1036 1646 in
1059 1581 1160 1664 figora
1181 1599 1272 1663 prac-

136 1689 261 1771 ceptum
284 1688 340 1764 est
368 1684 402 1750 id
425 1688 474 1749 est
497 1687 556 1768 ipsi
580 1684 646 1750 Noe
669 1686 742 1768 post
764 1684 921 1749 diluuium
947 1721 983 1731 -
1008 1685 1175 1767 quodiam
1197 1684 1272 1767 qnid

106 1809 127 1847 10
135 1790 329 1875 significaret
357 1790 550 1855 ostendimus
573 1825 615 1837 -
638 1789 779 1871 plerique
809 1788 1000 1874 intellegunt
1023 1789 1056 1853 et
1085 1787 1116 1852 in
1148 1787 1272 1853 actibus

135 1893 347 1976 apostolorum
369 1894 428 1958 hoc
450 1892 513 1977 legi
537 1897 740 1976 praeceptum
764 1891 803 1957 ab
827 1892 984 1974 apostolis,
1017 1893 1054 1957 nt
1077 1891 1273 1957 abstinerent

135 2000 244 2077 gentes
276 2000 400 2062 tantum
425 2015 444 2062 a
466 1995 669 2062 fornicatione
692 1998 724 2061 ct
751 1996 789 2060 ab
820 1995 992 2061 immolatis
1015 1996 1048 2061 et
1069 2013 1088 2060 a
1110 1998 1272 2080 sanguine,

134 2099 166 2164 id
190 2104 301 2165 estne
330 2099 496 2183 quicquam
531 2101 661 2165 ederent
697 2100 808 2182 carnis,
842 2101 928 2165 cuins
962 2099 1091 2183 sanguis
1126 2117 1189 2164 non
1223 2102 1272 2164 est

134 2205 263 2269 effusus.
303 2205 384 2288 qnod
414 2204 469 2270 alii
492 2223 553 2270 non
578 2205 624 2270 sic
653 2204 852 2287 intellegunt,
867 2227 871 2235 ·
887 2204 941 2267 sed
963 2220 981 2265 a
1003 2204 1157 2286 sanguine
1180 2221 1271 2286 prae·

105 2311 260 2390 coeptum
291 2325 357 2371 csse
386 2306 620 2384 abstinendum,
651 2325 690 2370 ne
720 2306 791 2388 quis
822 2306 987 2371 homicidio
1011 2323 1043 2370 se
1067 2307 1269 2371 contaminet.

134 2413 191 2478 hoc
213 2428 298 2476 nunc
320 2411 477 2476 discutere
498 2410 627 2496 longum
650 2412 697 2476 est
719 2412 750 2474 et
772 2428 832 2475 non
848 2408 1068 2487 necessarium,
1101 2407 1175 2490 qnia
1209 2409 1268 2475 etsi

133 2517 192 2580 hoc
215 2519 295 2580 tunc
321 2512 454 2596 apostoli
477 2517 709 2597 praeceperunt,
733 2514 770 2578 ut
784 2512 972 2578 animalium
993 2510 1145 2594 sangnine
1167 2510 1267 2575 absti-

134 2619 246 2684 nerent
267 2616 430 2682 christiani
454 2634 510 2681 nec
532 2616 720 2697 praefocatis
737 2615 885 2680 carnibus
903 2618 1112 2690 nascerentur,
1137 2614 1271 2698 elegisse

133 2721 214 2786 milri
237 2718 386 2784 uidentur
408 2736 464 2801 pro
487 2719 625 2801 tempore
648 2738 715 2783 rem
742 2717 866 2783 facilem
889 2724 921 2782 et
942 2737 1141 2802 nequaqnam
1164 2720 1268 2784 obser·

103 2824 284 2889 ouantibus
322 2838 494 2905 onerosam,
533 2824 564 2886 in
602 2840 664 2904 qna
701 2841 772 2887 oum
810 2820 987 2886 Israhelitis
1025 2823 1123 2887 etiam
1160 2825 1270 2905 gentes

133 2927 261 3008 propter
285 2924 469 3008 angularem
499 2925 592 2991 illum
622 2925 760 3008 lapidem
784 2925 860 2989 duos
890 2925 922 2988 in
946 2944 979 2991 sc
1001 2927 1187 2991 condentem
1210 2925 1270 2990 ali·

132 3030 208 3111 qnid
240 3028 448 3092 communiter
477 3026 689 3105 obseruarent,
729 3028 826 3093 simul
848 3033 882 3093 et
904 3028 1106 3094 admonerent
1135 3029 1169 3094 in
1200 3029 1271 3110 ipsa

132 3150 207 3198 arca
228 3131 308 3212 Nos,
331 3129 454 3212 quando
476 3130 552 3196 deus
575 3131 635 3197 hoc
657 3133 759 3210 iussit,
783 3130 948 3196 ecclesiam
964 3131 1106 3196 omnium
1122 3132 1267 3215 gentium

134 3235 232 3299 fuisse
254 3232 434 3315 figuratam,
462 3234 551 3299 cuius
574 3234 650 3299 facti
673 3235 922 3317 prophetialem
943 3234 1089 3317 gentibus
1114 3234 1152 3299 ad
1177 3234 1269 3300 fidem

105 3337 352 3402 caocedentibns
384 3336 555 3418 incipiebat
584 3337 718 3420 impleri.
757 3339 920 3403 transacto
942 3354 1015 3403 uero
1037 3336 1093 3401 illo
1115 3339 1269 3422 tempore,

237 3524 254 3576 9
271 3523 305 3577 cf.
317 3522 384 3577 Gon.
402 3523 457 3591 9,6
545 3526 575 3578 11
595 3523 629 3578 cf.
642 3525 703 3578 Aac.
723 3527 763 3591 15,
775 3524 809 3578 29
896 3524 929 3578 21
948 3523 981 3577 cl.
994 3522 1060 3593 aph.
1080 3524 1104 3590 2,
1125 3525 1155 3577 11
1167 3541 1223 3594 sqq.

182 3671 294 3766 adeon
317 3670 383 3766 {uto
407 3696 434 3750 P
537 3712 624 3766 escam
644 3700 672 3766 (q
689 3714 708 3750 o
725 3714 759 3750 m.
778 3699 808 3766 2)
831 3697 857 3751 V
957 3698 1143 3752 doccisurum
1163 3698 1200 3751 Ρι

135 3785 264 3855 septam
288 3784 314 3838 V
414 3785 490 3838 cuius
514 3786 616 3839 om.T
718 3785 877 3839 summimus
894 3785 922 3838 P
1025 3784 1269 3854 unod-absti·

135 3871 250 3925 nendum
268 3885 320 3923 om.
339 3868 408 3924 PTo
503 3870 590 3926 9ism
610 3869 780 3942 quidenna
872 3870 937 3939 quid
955 3886 1004 3925 oua
1024 3872 1062 3925 P¹
1160 3871 1189 3925 ll
1211 3871 1269 3940 lego

138 3971 150 4007 u
247 3958 281 4011 11
294 3958 377 4024 priam
394 3973 410 4010 1
428 3972 477 4010 om.
499 3957 535 4011 ΤΙ
641 3958 675 4015 13
692 3957 811 4026 oderent]
831 3957 1026 4012 commodarent
1045 3958 1073 4011 P
1168 3961 1210 4011 est
1232 3959 1268 4013 V:

136 4042 284 4098 acapna
379 4044 588 4102 ltnonom.T¹
687 4043 872 4099 15111111Ι
968 4043 1203 4113 16u0n11iuch

138 4127 165 4179 li
182 4127 324 4182 christiani
341 4127 537 4185 abstinerentc
628 4135 662 4194 18
681 4146 731 4186 nec
753 4129 788 4184 V:
815 4146 848 4184 ne
865 4130 938 4184 PTo
1025 4129 1141 4198 pfucatis
1161 4131 1198 4184 Ρι

139 4213 260 4282 leniti]
279 4213 367 4268 sitio
466 4215 570 4290 uidetur
593 4231 619 4293 γ
645 4217 842 4281 nidsrsntnro
944 4215 980 4271 20
997 4216 1154 4272 honoroasm
1173 4217 1200 4271 P

137 4299 163 4352 21
182 4300 260 4354 illam
277 4315 329 4354 om.
348 4300 391 4354 Po
478 4301 573 4396 drop
667 4310 709 4383 aa]
732 4321 761 4359 se
777 4303 858 4360 illum
875 4320 893 4357 o
987 4305 1021 4358 22
1038 4309 1066 4359 et
1084 4303 1268 4373 admouerent]

136 4386 361 4440 ctismmonercnt
378 4385 405 4438 Τ
480 4386 510 4450 24
525 4409 545 4486 3
619 4421 688 4480 tum
710 4393 751 4453 1³¹
840 4389 979 4460 prophet·-
998 4388 1056 4459 (iol
1073 4397 1156 4462 crus.)
1175 4390 1203 4444 P
1251 4434 1253 4440 .

135 4471 165 4527 as
179 4478 294 4528 amaea
311 4471 374 4527 mr
544 4447 616 4518 8⁰¹³

1117 4590 1173 4645 al*
