2760 4814
269 362 433 431 Excerpte
451 378 486 415 ex
504 377 573 431 opp.
593 361 619 414 S.
638 361 825 430 Augustini
849 360 992 416 ocxom,
1130 365 1191 430 947

68 573 129 620 non
164 555 275 635 potest,
310 553 477 635 praeterito
509 553 656 617 uoluntas
689 552 764 616 hoec
792 551 877 617 fecit.
908 555 938 616 et
965 552 1068 616 tamon
1097 551 1192 617 uitari

68 658 181 740 potest,
217 674 277 721 non
311 656 431 738 quando
464 658 609 721 uoluntas
638 654 773 738 superbe
801 655 957 739 laudatur,
988 656 1041 721 sed
1071 657 1191 737 quando

67 759 197 824 humilis
220 761 398 826 adiuuotur.

110 881 189 946 Post
210 879 285 945 heeo
308 881 362 946 iile
385 883 438 963 qui
460 881 520 946 ista
542 881 723 965 conseripsit
739 881 908 946 introducit
923 900 1087 963 personam
1103 900 1193 947 suem

46 985 158 1067 equasi
181 1003 251 1048 enm
275 985 371 1049 altero
396 986 608 1067 disputantem
632 991 664 1049 et
687 985 763 1049 feeit
786 1003 818 1050 se
840 985 1026 1067 interrogari
1049 987 1081 1050 et
1104 986 1191 1068 quasi

67 1088 106 1152 ab
129 1089 341 1168 interrogante
365 1088 425 1152 sibi
450 1088 542 1152 dioit:
568 1089 643 1174 „des
667 1088 745 1152 mihi
768 1089 923 1152 hominem
940 1088 1006 1153 sine
1024 1086 1190 1170 peccarem

68 1192 100 1255 et
115 1189 290 1272 respondit:
312 1194 369 1275 „do
385 1191 442 1255 tibi
458 1191 510 1273 qui
526 1209 592 1256 esse
607 1189 737 1273 possit“.
763 1194 795 1255 et
810 1210 914 1254 rursus
929 1192 967 1256 ab
984 1191 1192 1273 interrogante

68 1294 185 1357 dieitur
200 1293 243 1357 ei:
263 1293 350 1375 „quis
366 1292 453 1357 est?“
472 1295 504 1357 et
519 1294 696 1375 respondet:
716 1294 799 1375 „ipse
814 1293 880 1357 tu“.
900 1295 999 1378 „quod
1015 1294 1042 1357 si
1058 1292 1190 1358 dixeris“

64 1395 185 1478 inquit:
211 1396 275 1476 ‘ego
298 1415 362 1460 esso
381 1415 440 1459 non
456 1396 601 1476 possum,
626 1397 872 1478 respondendum
899 1402 963 1461 est:
989 1399 1076 1462 ouius
1103 1397 1192 1478 eulpa

35 1500 137 1563 nest?
161 1498 282 1580 quodsi
300 1499 425 1563 dixerit:
448 1499 544 1577 ‘meo'‚
561 1499 725 1563 dicendum
741 1502 804 1563 est:
828 1500 878 1585 „et
898 1503 1048 1580 quomodo
1064 1505 1119 1565 tue
1135 1502 1191 1577 est,

64 1605 91 1666 si
115 1619 183 1666 esse
206 1619 266 1665 non
290 1602 421 1683 potes?“
458 1602 573 1666 iterum
596 1602 673 1667 iooit
695 1622 728 1666 se
751 1603 936 1685 interrogari
960 1608 991 1667 et
1014 1603 1091 1667 dicit
1114 1603 1190 1668 sibi:

65 1710 124 1788 „tu
148 1706 213 1787 ipse
236 1705 301 1769 sine
323 1707 449 1786 peccato
472 1724 513 1783 es,
537 1708 588 1788 qui
612 1705 690 1769 diois
713 1706 870 1771 hominem
893 1707 959 1770 sine
982 1710 1108 1789 peooeto
1126 1726 1191 1770 esse

62 1806 197 1893 posse?“
216 1811 248 1871 et
263 1808 437 1890 respondit:
465 1809 563 1893 „quod
579 1826 639 1872 non
655 1827 723 1872 sum
741 1810 807 1873 sine
831 1811 967 1891 peoeeto,
992 1811 1079 1873 ouius
1103 1810 1192 1890 culpa

63 1912 137 1977 est?
153 1911 234 1993 quod
256 1912 283 1976 si
306 1909 436 1975 dixerit“
453 1913 571 1995 inquit:
593 1912 735 1987 tuaest,
752 1914 998 1995 respondendum
1013 1916 1076 1975 est:
1096 1930 1192 1995 „qno-

28 2015 158 2080 rsmodo
181 2032 260 2095 mee,
295 2016 320 2079 si
345 2035 491 2080 essenon
520 2015 694 2097 possum?“
725 2015 790 2081 Nos
819 2018 1038 2099 respondemus
1069 2017 1190 2080 nullum

61 2137 137 2184 cum
173 2120 217 2182 eis
251 2119 288 2182 de
320 2119 368 2182 his
401 2120 504 2184 uerbis
534 2139 599 2184 esse
624 2118 940 2199 debereoontiiotum‚
964 2120 1120 2201 quianon
1145 2121 1192 2183 est

60 2239 159 2288 ansus
185 2222 284 2285 dicere
313 2240 380 2286 esse
409 2222 566 2286 hominem
593 2223 659 2287 sine
690 2228 813 2305 peceato
845 2223 896 2286 uel
926 2222 1060 2304 aliquem
1085 2222 1135 2287 uel
1158 2241 1191 2286 se

60 2326 178 2409 ipsum,
202 2323 256 2388 sed
279 2327 494 2390 tantummodo
518 2345 583 2390 osse
606 2345 693 2407 posse
715 2326 883 2407 respondit.
913 2326 993 2407 quod
1016 2345 1113 2408 neque
1136 2345 1191 2390 nos

61 2446 226 2513 negemus.
272 2430 394 2510 quando
431 2432 537 2494 nutem
573 2432 670 2511 possit
706 2432 738 2494 et
773 2447 828 2510 per
866 2448 958 2511 quem
995 2434 1102 2511 possit,
1132 2429 1191 2493 hoo

25 2533 236 2616 requaeritur.
282 2533 309 2596 si
333 2536 413 2597 enim
438 2534 529 2597 modo
553 2534 609 2608 est,
633 2551 693 2596 non
718 2532 800 2596 omni
825 2533 947 2597 enimse
970 2532 1054 2597 fideli
1070 2534 1191 2615 positae

61 2638 97 2702 in
121 2654 249 2718 oorpore
272 2636 383 2700 mortis
406 2635 499 2700 huius
522 2639 673 2701 orandum
697 2639 744 2700 est
768 2640 800 2700 et
823 2636 1003 2700 dicendum:
1027 2637 1191 2701 dimitte

62 2737 177 2804 nobis
201 2738 335 2803 debite
357 2744 510 2817 nostra,
535 2758 605 2803 oum
621 2739 684 2802 iem
701 2741 733 2802 in
748 2742 854 2803 sancto
870 2738 1026 2820 baptismo
1043 2744 1192 2804 uniuersa

61 2842 183 2908 fuerint
215 2842 345 2907 dimissa
373 2844 549 2925 praeterite.
595 2843 734 2925 quisquis
757 2846 861 2907 eutem
879 2841 1025 2906 membris
1049 2842 1190 2907 fidelibus

61 2944 185 3012 Christi
210 2945 270 3009 hoo
292 2965 351 3011 non
376 2965 442 3011 esse
464 2946 614 3011 orandum
637 2949 819 3028 persuadere
843 2949 979 3020 conatur,
1003 2944 1081 3009 nihil
1105 2945 1191 3010 aliud

25 3063 160 3133 osquam
194 3069 227 3115 se
259 3051 363 3132 ipsum
397 3049 601 3113 ohrietienum
634 3069 693 3113 non
726 3068 790 3113 esse
823 3048 996 3130 profitetur.
1040 3068 1129 3130 porro
1164 3051 1191 3113 si

61 3154 192 3237 propter
213 3172 246 3218 se
268 3157 369 3236 ipsum
392 3155 496 3235 potest
518 3153 610 3217 homo
633 3173 699 3217 esse
722 3153 788 3217 sine
810 3153 943 3235 peccato,
967 3169 1056 3234 ergo
1081 3149 1191 3215 chri-

63 3262 152 3323 stus
181 3258 312 3340 gratis
344 3261 522 3322 mortuus
546 3260 615 3320 est.
645 3276 706 3321 non
730 3259 835 3320 eutem
857 3257 955 3339 gratis
980 3258 1121 3319 mortuus
1145 3254 1192 3316 est

64 3359 224 3427 Christus:
254 3380 314 3426 non
346 3361 443 3444 igitur
472 3362 574 3443 potest
596 3361 687 3427 homo
711 3380 777 3425 esse
799 3360 864 3424 eine
887 3360 1021 3441 peceato,
1045 3358 1191 3421 etiamsi

63 3462 155 3542 uelit,
182 3463 243 3527 nisi
265 3467 301 3527 ut
324 3465 487 3528 adiuuetur
509 3462 611 3545 gratio
633 3464 680 3527 dei
702 3481 757 3544 per
779 3463 885 3527 Iesum
907 3460 1066 3526 Christum
1089 3459 1190 3523 domi-

18 3577 140 3632 oonnm
167 3568 318 3631 nostrum.
363 3568 443 3649 quod
473 3569 509 3631 ut
529 3566 717 3648 perficietur,
749 3567 782 3631 et
803 3583 885 3630 nuno
906 3565 939 3628 in
962 3562 1191 3647 proficientibus

167 3767 199 3821 21
218 3768 318 3822 Matth.
337 3769 363 3833 6,
382 3768 414 3821 12
517 3768 550 3821 26
569 3767 626 3822 Gal.
646 3768 670 3835 2,
689 3769 720 3822 21

115 3958 215 4013 lhneo
232 3958 269 4013 V:
296 3959 346 4012 hoo
366 3959 421 4014 GP
519 3958 620 4012 6dioit
639 3958 706 4012 PV:
732 3957 786 4012 dici
804 3975 822 4011 α
918 3957 1093 4027 Brespoodet
1110 3955 1190 4009 P²V:

65 4045 254 4115 reponditP¹
346 4046 376 4099 11
396 4045 481 4115 potes]
499 4048 590 4114 potes·
607 4048 631 4113 (t
643 4048 708 4113 ras.)
728 4045 755 4099 P
839 4043 906 4098 dicit
917 4044 994 4099 P¹V:
1021 4043 1073 4097 diei
1087 4044 1123 4098 Ρι

65 4130 167 4201 requi
193 4130 259 4185 GP:
289 4130 355 4199 quid
379 4131 406 4184 V
502 4132 638 4185 hominem
656 4131 721 4200 sine]
739 4130 765 4184 h.
785 4130 842 4185 sine
859 4131 915 4185 sine
937 4130 962 4185 V
1064 4131 1097 4185 18
1122 4131 1190 4192 (tsn-

63 4216 213 4285 tumtmodo
237 4232 386 4285 esee-per
409 4232 487 4286 quem
511 4218 605 4286 possit]
628 4216 693 4272 odd.
712 4216 749 4271 P¹
766 4216 799 4270 in
816 4233 868 4287 mp.
971 4232 1026 4271 esse
1050 4231 1126 4285 posse
1151 4214 1190 4270 G:

63 4302 389 4371 ene(om.poese)1²²v
489 4303 593 4356 291111
611 4306 643 4358 ut
667 4302 702 4356 V:
732 4302 785 4357 nisi
804 4302 831 4356 P
