2760 4814
221 277 286 343 654
704 275 868 344 Eugippii

222 465 353 550 fulgoris
383 467 415 529 et
443 464 524 531 lucis
554 467 686 531 colorem
717 465 766 531 sni
796 465 931 548 corporis
961 484 1032 530 eum
1053 465 1178 530 mutare
1200 466 1341 548 potuisse

221 571 253 634 et
274 569 344 651 post
366 567 625 635 resurrectionem
646 569 752 634 mouet
773 568 968 651 aliquatenus
989 568 1176 634 liniamenta
1199 572 1341 641 mntsme

221 671 340 736 utnon
368 671 473 754 posset
501 673 637 755 agnosci,
671 672 703 737 ot
731 690 837 736 rursus
867 671 975 736 eadem
1004 669 1162 754 potentiae
1192 670 1341 737 facilitate

221 773 304 838 sieut
326 775 402 839 tunc
424 773 593 855 pristinum
616 776 757 851 colorem,
787 775 833 838 sic
859 775 891 838 et
912 776 983 856 post
1004 772 1261 840 resurrectionem
1283 775 1340 858 pri·

221 878 304 942 stine
333 877 517 942 liniamenta
545 895 715 942 renooasse.
751 894 824 942 narn
851 881 882 942 et
911 877 958 942 illi
988 878 1053 943 tres
1082 877 1243 962 discipuli,
1273 879 1368 943 antes

222 997 352 1061 qnorum
381 982 485 1046 oculos
513 980 545 1044 in
568 981 672 1045 monte
703 981 943 1066 transfiguratus
965 986 1022 1060 est,
1059 999 1121 1046 non
1150 999 1224 1046 eum
1252 999 1338 1067 agno-

221 1086 351 1163 scerent,
385 1085 412 1148 si
442 1084 555 1149 adeon
581 1083 655 1149 talis
681 1084 806 1149 aliunde
832 1085 978 1162 uenisset,
1011 1083 1064 1149 sed
1092 1084 1167 1166 quia
1188 1103 1262 1151 cum
1289 1083 1336 1149 illo

221 1189 316 1268 erant,
339 1190 441 1272 ipsum
464 1206 531 1253 esse
553 1188 725 1253 certissime
747 1188 934 1254 retinebunt.
966 1190 1001 1254 at
1015 1189 1097 1253 enim
1112 1205 1225 1271 eorpus
1243 1188 1336 1272 ipsun

221 1296 297 1368 erat,
320 1293 352 1357 in
375 1312 434 1375 qno
456 1291 632 1358 resurrexit.
660 1291 807 1374 quidhoc
822 1291 964 1356 adrem?
986 1310 1058 1358 nam
1081 1293 1113 1357 et
1134 1291 1215 1382 illud
1238 1292 1335 1374 ntique

221 1396 323 1476 ipsum
355 1412 463 1479 eorpus
497 1398 572 1478 erat,
604 1397 637 1461 in
669 1414 728 1479 quo
762 1397 794 1460 in
823 1397 927 1460 monte
956 1394 1198 1478 transfiguratus
1220 1397 1279 1473 est,
1308 1396 1360 1456 eto

221 1497 324 1577 ipsum
346 1502 411 1561 erat
434 1499 564 1574 iuuenis,
586 1499 620 1563 in
643 1517 703 1581 qno
726 1501 820 1563 natus
843 1501 900 1576 est,
929 1499 1096 1573 ettamen,
1128 1497 1157 1562 si
1179 1498 1250 1581 quis
1272 1514 1332 1562 suun

222 1597 366 1664 iuuenem
388 1601 513 1683 repente
535 1601 674 1683 uidisset,
698 1602 752 1685 qui
775 1601 914 1668 nonnisi
937 1601 1129 1667 infantulum
1143 1602 1262 1677 nosset,
1281 1614 1330 1664 non

221 1701 329 1783 ntique
352 1707 542 1787 agnosceret.
577 1723 617 1770 an
639 1725 713 1772 uero
729 1706 769 1771 ad
792 1705 974 1770 liniamenta
988 1705 1138 1770 mutanda
1159 1721 1221 1769 non
1242 1701 1330 1787 potest

222 1802 362 1869 celeriter
396 1806 444 1871 dei
477 1808 624 1889 potestas,
658 1811 740 1892 quod
770 1813 874 1890 potest
903 1828 958 1891 per
986 1825 1140 1874 annorum
1162 1825 1266 1874 moras
1284 1806 1328 1871 lo

222 1907 315 1972 minis
342 1909 450 1975 aetas?
1335 1919 1350 1963 ¹⁵

708 2149 858 2234 oxovl.

221 2342 267 2389 Ex
297 2343 415 2390 EODEM
445 2340 547 2389 12113130
580 2341 822 2400 QVAESTIONVM
851 2341 900 2387 Al>
929 2341 1107 2387 PAVLINVM
1142 2340 1363 2390 nmscol’vllae

349 2447 394 2492 ΒΕ
417 2443 556 2510 enemo,
582 2445 642 2504 ,QVI
664 2445 794 2491 MARIAE
816 2443 954 2490 nrum
980 2442 1217 2494 PERTRANSII'I'.

149 2584 213 2651 214
264 2583 310 2646 De
332 2581 435 2645 uerbis
451 2581 621 2665 Symeonis,
644 2581 697 2646 ubi
712 2582 757 2646 ait
780 2582 895 2664 uirgini
911 2582 1006 2647 matri
1020 2581 1153 2647 domini:
1177 2584 1217 2647 et
1238 2584 1362 2648 tuant

221 2683 348 2765 ipsius
378 2685 545 2749 animam
575 2685 824 2768 pertransiet
850 2683 1027 2769 gladius,
1057 2685 1090 2747 in
1112 2683 1176 2749 alia
1199 2684 1337 2768 epistula,

221 2785 308 2852 cuius
338 2788 513 2870 exemplum
542 2789 636 2854 etiam
664 2788 755 2853 modo
785 2786 868 2864 misi,
899 2787 963 2852 dixi
985 2786 1059 2869 qnid
1080 2786 1159 2852 mihi
1181 2788 1337 2859 uideatur:

221 2890 302 2974 quod
332 2891 428 2955 etiem
456 2891 517 2957 tibi
547 2891 631 2957 inter
660 2893 763 2957 cetera
793 2891 894 2956 nisum
924 2894 980 2956 est.
1018 2894 1050 2957 et
1079 2890 1161 2972 qnod
1183 2889 1339 2956 adiunxit:

220 2999 265 3058 ut
302 2995 555 3059 denudentur
591 2994 809 3059 multorum
844 2992 1019 3058 cordium
1055 2994 1340 3076 cogitationes,

220 3099 278 3163 hoo
300 3096 545 3180 intellegendum
567 3097 652 3179 puto,
676 3097 748 3179 qnia
769 3115 823 3179 per
840 3095 957 3160 domini
973 3096 1147 3180 passionem
1163 3097 1197 3161 et
1212 3095 1342 3162 insidiae

221 3200 407 3267 Iudaeorum
436 3201 467 3265 et
499 3199 722 3283 discipulorum
756 3199 922 3264 infirmitas
955 3200 1066 3282 patuit.
1107 3197 1379 3265 tribulationem

320 3388 355 3442 19
376 3389 438 3443 Luc
457 3386 482 3455 2,
500 3389 536 3444 35

272 3561 392 3630 3possit
410 3558 438 3611 A
531 3556 658 3612 seculus
677 3557 714 3611 ΡΙ
809 3555 866 3609 'lsi
884 3556 905 3623 (i
922 3556 1095 3609 intrusam.
1109 3556 1137 3624 2)
1155 3555 1183 3609 P
1276 3556 1345 3611 tales

222 3647 259 3701 1²¹
360 3646 377 3700 8
395 3643 551 3699 retenebant
569 3643 605 3698 P¹
707 3644 723 3695 9
747 3641 822 3696 rem?
839 3657 901 3696 nsm
919 3642 958 3710 st]
977 3645 1095 3695 remanet
1113 3642 1151 3695 P·
1167 3642 1199 3694 s'ss
1216 3658 1274 3697 res.

219 3732 298 3801 illud]
316 3732 354 3785 Ρ
369 3732 401 3784 iss
417 3745 473 3785 ros.
567 3731 597 3784 11
617 3727 722 3783 iubenis
739 3728 767 3781 A
793 3728 903 3783 iunones
921 3728 959 3782 ΡΙ
1057 3728 1091 3781 12
1108 3727 1228 3781 iubenum
1248 3729 1276 3781 A

222 3817 563 3887 necestuosorum?
647 3814 767 3869 homines
779 3813 819 3870 Ρι
906 3815 938 3868 16
956 3812 1190 3883 cop.cxcvl1A
1211 3812 1346 3870 cunm

220 3905 249 3959 P
275 3902 368 3959 CCXV
393 3904 437 3958 Go
546 3904 577 3958 17
601 3903 762 3973 episcopum]
787 3917 838 3958 oss.
863 3902 917 3957 P¹o
1028 3901 1061 3955 18
1088 3900 1234 3970 pertransit
1259 3916 1277 3954 e

221 3990 254 4045 19
270 3990 396 4044 simeonis
413 3988 470 4044 ΑΡ
560 3993 647 4044 matre
664 3990 701 4044 Ρι
802 3990 838 4044 20
854 3989 928 4043 ouius
946 3986 1093 4056 exemplum
1111 3987 1140 4040 in
1157 3986 1211 4041 ulia
1229 3986 1348 4056 epistole

218 4109 236 4149 o
331 4092 364 4147 21
383 4093 456 4162 misi]
474 4093 577 4149 miros
672 4093 848 4149 uidebatnro
947 4092 982 4146 22
999 4092 1111 4146 ceterum
1129 4089 1156 4144 A
1255 4075 1348 4144 nisum

219 4217 248 4271 A
349 4186 472 4270 soranis
487 4214 516 4269 A
