2760 4814
319 296 481 366 Excerpts
498 312 534 350 ex
551 312 620 367 opp.
637 297 663 352 S„
681 296 870 365 Augustini
893 295 970 352 (Μ
988 295 1082 352 coxi
1199 299 1265 368 565

179 483 260 552 Sane
281 503 388 552 rursus
409 488 568 571 udmomo,
598 488 680 570 quod
703 491 824 573 oportet
845 487 1023 556 meminisse
1044 488 1202 570 leuiorem,
1223 507 1264 555 ne

135 587 197 654 teli
228 588 442 655 admonitione
474 589 657 673 saepissime
689 591 840 676 indigeat,
874 590 945 657 eliis
978 592 1071 676 utque
1104 591 1175 658 aliis
1196 611 1264 658 ser·

134 708 265 757 monum
286 710 415 758 suorum
436 692 514 759 louis
536 693 699 760 dominum
720 695 785 761 ium
800 692 903 760 multa
923 695 1063 774 iterasse,
1086 713 1164 779 quoe
1186 695 1264 762 alibi

134 794 266 875 dixerut,
298 814 337 861 ne
358 796 438 861 forte
459 797 599 879 ipsorum
622 797 761 863 looorum
783 801 865 876 ordo,
894 816 967 863 oum
989 817 1025 864 ex
1046 799 1108 865 ulio
1130 817 1264 885 euange-

116 896 212 964 slistu
240 916 302 964 non
333 898 488 977 oonuenit,
521 900 615 965 alicui
640 920 746 966 eorum
768 900 841 966 hino
862 903 952 987 putet
974 919 1042 968 esse
1063 903 1262 985 eontrarium,

134 1019 209 1066 oum
231 1000 414 1085 intellegere
436 1000 550 1070 debeat
570 1005 687 1070 iterum
702 1002 778 1071 olibi
793 1002 855 1069 diui
871 1004 953 1087 quod
971 1005 1034 1069 ism
1051 1003 1127 1071 olibi
1143 1004 1262 1071 dietum

135 1104 213 1180 erat,
247 1123 305 1170 nee
332 1105 457 1171 tentum
480 1106 519 1173 de
547 1106 641 1172 dietis
671 1126 781 1173 uorum
809 1108 907 1173 etium
929 1107 968 1173 de
989 1107 1081 1174 festis
1104 1107 1263 1173 obsemari

134 1204 259 1272 debere.
290 1205 370 1273 nihil
392 1208 475 1274 enim
497 1209 640 1292 prohibet
661 1209 721 1275 hoe
742 1210 827 1276 idem
849 1209 965 1275 iterum
987 1209 1107 1276 suetum
1128 1213 1260 1277 eredere.

135 1308 322 1376 calumniosi
354 1316 459 1378 sutem
489 1312 664 1398 euangelio,
694 1316 770 1381 dum
798 1332 861 1379 non
883 1312 982 1380 eredit
1003 1314 1119 1380 iterum
1140 1316 1260 1380 foetum

104 1410 368 1583 oquodtaiterum
400 1412 469 1480 fieri
502 1435 564 1482 non
597 1416 735 1501 potuisse
770 1412 879 1483 nemo
895 1416 1058 1496 oonrrinoit,
1091 1417 1261 1503 sacrilegae

135 1517 211 1584 ueni
245 1517 287 1583 tis
310 1521 367 1583 est.

635 1777 757 1864 GLXI.

131 1967 180 2014 Ex
198 1968 319 2016 EODEM
336 1968 440 2017 LIBRO
454 1970 501 2017 DE
517 1969 689 2019 CONSENSV
704 1968 1016 2018 mvsmummsmvm
1030 1972 1066 2018 11.
1094 1970 1260 2031 Qvouono

132 2070 229 2131 Qvon
251 2071 455 2122 miumvs
477 2073 520 2120 ΕΤ
542 2072 678 2122 MARCVS
695 2073 824 2122 Dicvrss
841 2073 924 2121 Posi
942 2073 1005 2122 SEX
1022 2073 1101 2122 DIES
1122 2075 1260 2124 PAUPVH

98 2186 123 2226 15
473 2177 581 2224 LVCAS
603 2177 697 2225 merl*
718 2176 802 2224 Posi·
823 2175 921 2224 ocio.

177 2309 325 2395 Sequitur
346 2313 542 2380 Matthaeus:
574 2331 684 2380 umen
715 2315 802 2380 dioo
829 2313 957 2391 uobis,
988 2317 1080 2378 sunt
1101 2314 1332 2395 quidsmlld

131 2413 178 2481 de
206 2414 271 2481 hio
299 2415 517 2499 stantibus,
546 2418 612 2499 qui
642 2436 715 2483 non
745 2415 968 2501 gustabunt
989 2420 1168 2496 mortem,
1197 2418 1260 2482 do·

131 2536 205 2584 noo
235 2520 404 2585 uideant
435 2519 574 2585 filium
607 2520 777 2587 hominis
810 2520 1037 2586 uenientem
1069 2521 1110 2586 in
1141 2537 1260 2605 regno

132 2639 212 2690 suo.
252 2622 290 2686 ei
321 2624 413 2706 post
444 2624 529 2690 dies
562 2640 629 2689 sex
661 2624 851 2690 assumsit
884 2624 997 2690 Iesus
1030 2621 1190 2690 Petrum
1222 2622 1262 2689 ot

94 2723 314 2794 solueobum
343 2727 382 2792 et
404 2726 615 2792 Iohannem
649 2728 814 2793 fratrom
842 2726 931 2792 eius
960 2726 1000 2791 et
1027 2725 1139 2792 duxit
1167 2725 1261 2793 illos

131 2829 172 2895 in
194 2829 365 2894 montem
387 2829 585 2895 excelsum
607 2847 786 2897 seorsum
807 2831 841 2897 et
862 2833 966 2897 cetere
988 2847 1085 2913 usque
1106 2828 1147 2896 ed
1168 2828 1260 2909 illud,

132 2930 189 2996 ubi
226 2932 290 2997 uit:
327 2931 473 2997 nemini
510 2932 698 2999 dixeritis
733 2933 946 3016 uisionem,
984 2931 1106 2997 donee
1140 2930 1262 2998 iilius

133 3034 308 3101 hominis
329 3052 349 3099 e
370 3035 541 3102 mortuis
562 3038 758 3121 resurget
790 3037 865 3104 huso
879 3037 960 3102 nisio
973 3036 1090 3102 domini
1105 3035 1138 3100 in
1153 3036 1261 3101 monte

134 3155 238 3204 oorsm
255 3137 357 3203 tribus
372 3136 543 3222 discipulis,
558 3137 663 3218 Petro,
682 3139 794 3205 Iooobo
812 3142 843 3204 et
858 3139 1006 3216 Iohanne,
1028 3137 1082 3203 ubi
1104 3137 1200 3203 etium
1222 3137 1261 3202 de

92 3242 216 3310 „melo
238 3240 288 3306 illi
309 3241 524 3308 testimonium
546 3243 692 3326 putemne
712 3243 798 3309 uoois
820 3240 1010 3327 perhibitum
1033 3243 1091 3321 est,
1114 3260 1132 3307 u
1154 3239 1257 3306 tribus

236 3445 270 3502 16
285 3444 388 3503 lluttls.
407 3447 448 3512 16,
465 3445 622 3516 28-17,9
656 3445 782 3514 lime,
801 3445 868 3501 1-9
901 3444 965 3501 Luc„
982 3446 1008 3513 9,
1026 3444 1129 3502 27-86

181 3630 200 3687 2
223 3630 362 3702 nepisino
380 3635 407 3702 (e
423 3648 443 3687 u
458 3634 542 3699 oud)
565 3632 592 3687 V
691 3633 709 3688 5
732 3632 888 3689 conuenerit
909 3631 1010 3690 AoPo
1110 3637 1173 3704 post
1194 3648 1258 3688 oon·

131 3719 208 3776 uenit
233 3719 356 3791 spatium
380 3723 540 3776 ΜΗ
564 3720 617 3776 litt.
643 3720 675 3776 in
702 3720 729 3776 V
824 3722 906 3791 puers
933 3721 1001 3779 0¹1>
1100 3721 1118 3776 6
1145 3719 1258 3776 dsbesnt

132 3807 176 3863 (lu
271 3805 445 3862 ‘Iobserurrs
464 3806 598 3864 GMPVo
691 3807 888 3863 ileslumniure
906 3806 998 3863 0¹1&
1087 3805 1258 3877 ouungsliorir

129 3895 159 3949 A
263 3894 295 3949 11
312 3894 466 3964 ostloouo
568 3893 842 3966 limeum
869 3892 1020 3950 CLXXVII
1036 3890 1258 3972 Rcuxxvm

132 3980 177 4038 Gn
279 3979 314 4035 14
329 3979 414 4050 quod]
431 3979 545 4035 erardo
562 3981 590 4036 P
692 3979 727 4036 1‘1
743 3979 891 4036 oustsbuui
906 3981 936 4036 Δ
1036 3981 1151 4035 mortem
1168 3979 1222 4048 (em
1238 3994 1258 4033 u

130 4065 490 4138 nominenumine?
552 4065 824 4123 dissidium·
892 4066 1112 4122 ilmuntemd
1208 4064 1256 4134 ud]

129 4152 273 4210 mose
362 4151 641 4224 iddominilmliu
731 4152 968 4211 amanam:
995 4151 1192 4209 eorumAMV

129 4240 241 4298 bienni
258 4241 287 4295 A
