2760 4814
173 313 237 379 416
656 307 820 377 Eugippii

172 500 252 566 setis
277 502 387 564 notum
409 498 459 562 eet
479 498 563 562 reete
579 496 776 562 erodentibus
792 494 845 561 uel
861 494 957 562 etiem
973 495 1010 559 ut
1023 495 1155 579 possunt
1177 493 1306 560 intelle·

172 601 329 686 gentibus,
363 602 396 666 et
428 601 509 666 illud
540 599 610 666 ideo
636 599 757 665 dietum
786 617 851 665 enee
879 601 917 665 de
945 601 1052 680 petro:
1085 598 1169 680 ipse
1203 597 1306 663 faoit

171 724 306 790 opere,
333 705 416 788 quod
438 704 477 770 eb
499 702 556 768 illo
578 702 622 768 eit
645 703 730 786 origo
753 702 849 767 etiem
872 719 1009 785 operum
1032 719 1132 785 equo
1153 702 1202 767 eet
1223 702 1305 768 exei-

171 809 287 876 stontie
308 808 539 893 cooperantium
560 824 771 890 personarum,
801 809 873 889 quie
901 809 933 871 et
960 805 1045 872 filine
1067 807 1105 871 de
1133 803 1188 870 ilio
1210 808 1305 871 notus

170 913 273 978 estet
295 913 423 995 spiritns
453 914 580 976 sanetus
609 909 825 993 prinoipeliter
851 910 888 975 de
918 909 973 974 illo
1001 908 1149 991 procedit,
1180 910 1340 990 dequeo

169 1018 262 1080 natue
292 1015 342 1079 est
370 1011 454 1078 fitius
477 1015 509 1077 et
531 1030 601 1077 enm
625 1030 686 1094 quo
715 1012 765 1077 illi
788 1013 962 1077 eommunis
985 1014 1033 1077 est
1052 1011 1137 1076 idom
1160 1010 1302 1094 spiritus.

169 1117 244 1183 hino
266 1114 420 1199 estquod
442 1116 587 1180 dominns
602 1114 689 1179 Iesus
711 1115 745 1179 in
767 1114 882 1199 spiritu
904 1115 1012 1181 saneto
1027 1114 1192 1182 deamones
1215 1114 1303 1182 eioit.

169 1238 269 1303 neque
304 1220 444 1285 enimet
473 1219 557 1284 solus
583 1217 641 1283 hoo
672 1217 804 1302 implere
834 1236 896 1283 non
926 1219 1050 1303 poteret
1080 1222 1175 1300 etqne
1206 1218 1305 1285 illum

168 1322 358 1389 adiutorium
380 1323 543 1403 tamqnam
565 1319 637 1386 huie
661 1323 747 1403 operi
773 1340 835 1387 non
852 1321 1010 1388 sufficiens
1026 1323 1223 1400 assumebot3
1246 1326 1303 1392 red

170 1426 317 1507 spiritum
340 1424 479 1490 diuisum
501 1425 533 1489 in
553 1425 772 1507 semetipsum
789 1443 823 1491 eo
839 1425 953 1508 spiritu
969 1425 1162 1511 congruebat
1177 1427 1303 1510 expelli,
1313 1450 1339 1490 ro

169 1545 262 1610 quom
291 1528 379 1611 poter
401 1528 433 1592 et
461 1525 545 1592 filins
575 1545 635 1593 non
659 1527 797 1593 diuisum
825 1527 859 1593 in
883 1529 1070 1611 semetipso
1092 1530 1304 1597 communiter

168 1629 296 1696 hebent.

210 1750 262 1818 Sio
284 1754 316 1816 et
337 1757 475 1834 peooote,
499 1754 572 1835 quie
599 1756 723 1837 praeter
745 1753 909 1819 eooleeiom
936 1772 998 1820 non
1020 1753 1236 1840 dimittuntur,
1267 1755 1303 1822 in

169 1871 205 1918 eo
228 1854 341 1939 spiritu
363 1855 484 1921 dimitti
499 1857 669 1939 oportebat,
693 1874 754 1938 quo
776 1857 808 1922 in
824 1875 922 1922 unum
938 1858 1066 1923 eooleeie
1082 1859 1300 1943 congregetur.

167 1957 300 2041 deniqne
332 1960 358 2024 si
391 1977 579 2043 quemquem
602 1960 689 2025 extra
711 1959 875 2026 eooleeiern
899 1978 1025 2025 suorum
1047 1961 1209 2044 poenitent
1230 1979 1338 2045 per-rr

168 2061 310 2127 entornm
339 2063 370 2128 et
398 2062 491 2128 huius
521 2062 603 2129 tenti
625 2065 755 2148 peooeti,
789 2065 870 2147 qnod
892 2063 1014 2130 olienos
1037 2066 1086 2129 eet
1107 2064 1146 2129 ab
1168 2065 1302 2133 eoelesie

167 2163 226 2250 dei,
250 2183 303 2231 eor
324 2167 533 2249 impaenitens
554 2167 679 2246 habent,
711 2166 786 2250 quid
809 2169 838 2233 ei
860 2167 988 2251 prodest
1012 2167 1070 2234 illo
1090 2166 1300 2250 peonitentia,

166 2286 238 2334 oum
266 2270 328 2335 isto
355 2271 422 2337 eolo
452 2271 583 2336 uerbum
612 2270 697 2336 dieat
726 2272 834 2336 contre
859 2269 1007 2355 spiritum
1030 2274 1185 2349 sonetum,
1216 2272 1301 2352 qnod

165 2374 329 2438 extranens
363 2375 412 2437 eet
445 2372 484 2438 ob
518 2373 657 2452 eooloeie,
691 2392 770 2458 quoe
800 2374 921 2456 eooepit
952 2374 1011 2439 hoo
1038 2374 1165 2451 donum,
1196 2374 1235 2437 ut
1266 2374 1302 2439 in

165 2475 279 2557 spiritu
305 2477 411 2541 oenoto
441 2475 498 2542 fiet
526 2477 669 2543 remissio
697 2477 921 2561 peecatorum?
957 2494 1053 2559 quam
1081 2475 1336 2542 remissionem„

166 2595 238 2642 oum
268 2576 395 2643 trinitas
425 2577 529 2662 feriet,
559 2579 682 2662 proprie
711 2580 818 2645 tomen
840 2579 881 2645 od
910 2579 1058 2664 spiritum
1080 2581 1221 2646 sonetum
1248 2580 1300 2645 in·

165 2677 328 2763 tellegitur
349 2681 513 2764 pertinere.
544 2681 610 2766 ipse
632 2683 716 2749 enim
735 2683 864 2765 spiritus
886 2682 1064 2766 adoptionis
1086 2682 1233 2766 tiliorum,
1256 2683 1298 2747 in

165 2800 240 2864 qno
263 2784 497 2850 olemenrne:
530 2785 628 2851 ebba
648 2789 778 2869 poter,
810 2791 846 2851 nt
869 2787 899 2852 ei
920 2785 1075 2870 possimus
1097 2784 1214 2852 dicere:
1243 2788 1299 2854 di·

165 2885 282 2952 mitte
303 2889 415 2954 nobis
437 2888 576 2955 debite
604 2890 751 2956 nostre.
788 2890 827 2954 et
854 2889 894 2954 in
917 2888 988 2955 hoo
1009 2889 1298 2973 cognoscimus,

164 2987 247 3054 siout
268 2989 422 3057 Iohannes
445 2993 602 3075 apostolus
625 2991 680 3070 eit,
704 2992 885 3075 quoniam
907 2991 1094 3058 Christus
1117 2993 1159 3058 in
1179 2991 1334 3059 nebien

165 3096 299 3159 menet
321 3099 358 3159 et
380 3098 423 3161 de
446 3096 617 3179 spiritu,
642 3113 755 3178 quem
778 3094 886 3161 dedit
907 3096 1029 3161 nobis.
1067 3097 1151 3180 ipse
1174 3095 1299 3178 epiri-

165 3196 227 3261 tus
249 3199 518 3264 testimoninm
541 3198 679 3264 reddet
697 3199 865 3280 spiritui
884 3204 1033 3284 nostro,
1057 3201 1145 3282 quie
1163 3216 1298 3265 eumne

267 3418 396 3486 21o14,
411 3420 443 3475 10
520 3419 770 3488 rer.nuo.11,2o
848 3422 883 3476 22
901 3422 1016 3488 1101118,
1031 3423 1064 3477 15
1140 3420 1175 3476 23
1192 3421 1297 3476 naeth.

163 3503 241 3568 o,12
344 3504 463 3561 25ΙῙο.
483 3504 560 3569 1124
662 3504 833 3572 renone,
853 3508 885 3561 16

214 3708 329 3763 inetur
347 3711 409 3777 (om.
426 3711 526 3778 eettT
610 3714 722 3782 spiritus
746 3713 796 3769 Vo:
823 3712 987 3768 ohrietneT
1076 3711 1226 3767 'ieieeite

162 3796 180 3848 9
206 3795 372 3850 adiutorium
399 3796 452 3850 Vo:
482 3798 516 3852 od
543 3799 708 3855 adiutorium
737 3800 764 3855 1*
865 3799 900 3854 10
925 3816 955 3855 oo
981 3801 1018 3855 V:
1048 3816 1078 3854 eo
1101 3799 1160 3868 ipro
1185 3799 1226 3854 To

165 3883 196 3937 ll
214 3884 302 3952 iprum
321 3883 401 3938 P¹To
495 3884 529 3939 14
546 3885 688 3956 eooleeieo
787 3888 820 3942 16
838 3886 927 3958 huius]
945 3887 1009 3941 huie
1025 3904 1043 3941 o
1137 3884 1210 3955 qnod
1230 3885 1298 3941 TV:

162 3984 249 4038 quoe
353 3970 464 4040 elienor]
484 3970 655 4058 eligennmo
758 3973 791 4026 lt
810 3974 987 4043 impoenitenr
1006 3980 1030 4040 (e
1047 3991 1066 4026 a
1083 3989 1117 4026 oo
1135 3974 1156 4025 2
1172 3973 1205 4026 tn
1222 3975 1295 4042 rae.)

164 4073 191 4127 T
285 4071 322 4142 ei]
339 4088 424 4129 oneo
523 4075 556 4129 18
573 4075 657 4130 istum
675 4077 796 4131 solome
886 4076 965 4146 qnod]
984 4091 1072 4146 qnoo
1170 4075 1204 4130 19
1222 4078 1296 4133 eooi-

162 4160 249 4230 pito
344 4159 378 4213 22
396 4160 538 4230 pertinere]
556 4163 726 4231 poenitoreo
823 4163 879 4233 ipoe
896 4163 994 4218 P¹Vo:
1021 4164 1079 4233 ipre
1097 4166 1140 4216 ert
1158 4163 1226 4217 ΡΨ

161 4246 376 4315 230110m.1‘¹
479 4247 514 4302 26
532 4248 654 4304 etP¹V2
681 4265 732 4304 om.
750 4251 832 4306 ΡΨ)
933 4249 967 4304 27
985 4248 1108 4305 reddito
