2760 4814
244 354 411 426 Excerpta
428 372 464 410 ax
481 371 549 426 opp.
567 356 594 409 S.
611 356 802 427 Augustini
824 356 1009 413 ccxcvlln.
1133 359 1195 426 967

55 550 117 625 sia,
141 549 178 613 nt
200 546 314 629 quibus
336 548 375 612 ad
398 547 462 612 ista
483 548 596 614 desunt
618 550 762 629 parentes
781 552 836 612 sut
858 547 917 613 filii
933 552 988 613 aut
1003 547 1190 632 quicumque

56 649 186 736 cognati
211 651 262 715 uel
284 651 387 728 amici,
411 653 450 718 ab
471 669 537 716 nna
552 652 597 717 eis
613 650 817 717 exhibeantur
833 652 886 733 pia
904 652 1005 719 matre
1021 655 1190 720 communi.

56 757 87 821 si
116 756 223 820 antem
255 754 397 819 deessent
427 754 506 820 istae
534 754 789 837 supplicationes,
821 772 899 836 qnae
920 754 1001 820 fiunt
1024 757 1111 821 recta
1132 755 1192 822 fide

57 876 97 923 ac
125 855 243 939 pietate
273 875 328 939 pro
350 859 491 936 mortuis,
523 857 608 940 puto,
640 857 721 939 quod
748 856 828 922 nihil
849 857 1008 941 prodesset
1031 859 1193 941 spiritibus

32 978 179 1038 aeorum,
204 959 379 1042 quamlibet
400 960 476 1025 locis
499 960 616 1025 sanctis
638 960 780 1025 exanima
803 977 931 1042 corpora
952 964 1149 1042 ponerentur.

104 1078 184 1145 Cum
206 1097 279 1163 ergo
301 1078 403 1146 fidelis
426 1080 528 1145 mater
549 1078 649 1144 fidelis
671 1078 729 1143 filii
752 1079 892 1145 defuncti
908 1098 1019 1164 corpus
1036 1082 1193 1147 desidera-

58 1184 110 1249 uit
131 1183 165 1248 in
187 1182 320 1249 basilica
342 1182 489 1266 martyris
511 1184 595 1265 poni,
619 1183 646 1248 si
669 1182 792 1267 quidem
817 1184 950 1250 credidit
972 1185 1039 1251 eius
1053 1186 1191 1250 animam

57 1287 183 1355 meritis
213 1288 361 1372 martyris
392 1286 543 1364 adunari,
574 1287 633 1351 hoc
667 1287 747 1370 qnod
781 1286 827 1352 ita
852 1287 984 1352 credidit
1005 1289 1193 1371 supplicatio

59 1392 215 1476 quaedam
246 1390 318 1470 fnit,
349 1393 380 1454 et
409 1390 485 1455 haec
513 1389 641 1472 proluit,
670 1390 697 1454 si
727 1390 801 1472 quid
831 1388 958 1471 proluit.
994 1395 1025 1454 et
1048 1393 1129 1474 qnod
1149 1394 1190 1457 -ad
1294 1388 1300 1401 '

19 1494 144 1559 midam
180 1493 383 1575 sepulchrum
418 1493 553 1558 recurrit
588 1493 692 1558 animo
723 1495 755 1557 et
784 1492 886 1558 lilium
915 1493 1060 1574 preoibns
1093 1494 1192 1580 magis

56 1598 223 1683 magisque
255 1596 463 1675 commendat,
494 1596 624 1661 adiuuat
655 1597 796 1661 defuncti
818 1597 965 1680 spiritum
989 1615 1051 1661 non
1074 1598 1191 1663 mortui

58 1702 196 1785 corporis
229 1702 324 1780 locus,
359 1700 411 1765 sed
443 1719 478 1764 ex
512 1700 573 1765 loci
606 1700 757 1764 memoria
786 1701 879 1765 uinus
910 1701 1022 1765 matris
1052 1701 1189 1767 affectus.

57 1805 157 1871 simul
186 1807 269 1870 onim
300 1806 332 1870 et
361 1805 430 1886 quis
461 1808 493 1868 et
523 1803 573 1868 cui
604 1802 838 1869 commendatus
862 1804 906 1868 sit
928 1822 989 1869 non
1012 1805 1120 1886 utique
1142 1806 1191 1870 in·

56 1911 218 1976 fructuose
232 1907 412 1991 religiosam
427 1908 568 1972 mentem
583 1906 738 1989 precantis
755 1906 897 1990 attingit.
929 1926 1003 1972 narn
1020 1908 1052 1972 ot
1066 1908 1190 1972 orantes

21 2015 97 2078 nde
121 2013 270 2077 membris
293 2012 341 2076 sui
365 2010 502 2092 corporis
526 2010 647 2076 faciunt
662 2010 742 2092 quod
767 2009 1017 2092 supplicantibus
1034 2008 1188 2094 congruit,

57 2135 132 2182 cum
160 2132 263 2199 genua
291 2113 400 2198 figunt,
424 2132 497 2179 cnm
527 2114 699 2178 extendunt
722 2131 834 2177 manus
857 2115 908 2177 uel
931 2113 1028 2177 etiam
1051 2116 1188 2195 proster-

57 2221 178 2284 nuntur
200 2217 265 2283 solo
289 2220 320 2282 et
342 2217 370 2281 si
386 2217 461 2299 quid
477 2215 563 2280 aliud
579 2215 703 2282 faciunt
718 2215 897 2300 risibiliter,
921 2216 1065 2299 quamuis
1081 2233 1188 2282 eornm

56 2319 229 2386 inuisibilis
251 2321 397 2386 uoluntas
419 2324 452 2384 et
475 2320 577 2385 cordis
600 2320 733 2385 intentio
751 2320 807 2385 deo
830 2323 904 2385 nota
926 2319 969 2385 sit
985 2338 1041 2385 nec
1063 2320 1118 2385 ille
1140 2321 1188 2385 in-

56 2426 165 2509 digeat
186 2424 238 2489 hia
260 2424 393 2497 indiciis,
422 2424 458 2489 ut
482 2423 605 2488 animus
628 2423 656 2486 ei
679 2421 836 2504 pandatur
858 2424 1023 2488 humanus.
1060 2423 1116 2488 sed
1139 2422 1190 2490 hic

22 2531 160 2613 armagis
183 2545 218 2592 se
239 2530 343 2609 ipsum
367 2528 483 2592 excitat
506 2527 598 2591 homo
621 2528 659 2592 ad
682 2527 836 2591 orandum
859 2528 1107 2608 gemendumque
1129 2526 1189 2590 hu·

56 2632 168 2698 milins
199 2632 294 2712 atqua
324 2630 508 2707 feruentius,
543 2632 575 2694 et
609 2629 710 2695 nescio
740 2629 904 2714 quomodo,
938 2648 1009 2695 cum
1031 2631 1063 2695 hi
1086 2633 1189 2695 motus

56 2736 194 2819 corporis
217 2734 284 2799 fieri
306 2734 367 2799 nisi
391 2736 480 2798 motu
503 2732 600 2798 animi
621 2733 823 2815 praecedente
840 2750 900 2798 non
918 2735 1049 2814 possint,
1073 2732 1189 2798 eisdem

56 2857 166 2903 rursus
188 2838 323 2903 exterius
346 2836 516 2903 nisibiliter
539 2836 631 2901 factis
655 2836 710 2901 ille
725 2834 856 2902 interior
877 2836 1046 2902 inuisibilis
1067 2838 1120 2920 qui
1137 2856 1189 2902 ecs

55 2941 134 3009 lacit
162 2943 302 3026 augetur,
331 2960 367 3007 ac
389 2961 443 3024 per
467 2941 524 3006 hoc
546 2940 647 3005 cordis
670 2939 809 3014 effectus,
839 2940 902 3023 qui,
927 2943 963 3003 ut
984 2938 1094 3004 fierent
1116 2941 1188 3018 ista,

23 3044 237 3128 epraeceesit,
261 3044 335 3126 quia
358 3043 441 3109 facta
464 3045 547 3125 sunt,
571 3044 689 3109 crescit.
729 3061 839 3107 uerum
863 3046 968 3107 tamen
990 3043 1017 3107 si
1040 3061 1074 3107 eo
1096 3044 1187 3108 modo

55 3149 188 3232 quisque
216 3150 359 3213 teneatur
388 3146 440 3211 uel
463 3147 557 3212 etiarn
580 3147 706 3229 ligetur,
730 3150 765 3211 ut
788 3145 865 3210 haec
887 3147 924 3210 de
947 3144 1013 3209 suis
1035 3146 1185 3211 membris

55 3252 159 3316 tacere
182 3254 325 3333 nequeat,
350 3269 410 3315 non
435 3252 504 3315 ideo
527 3268 587 3314 non
611 3254 678 3314 orat
701 3248 833 3314 interior
855 3248 948 3313 homo
971 3249 1004 3312 et
1025 3252 1096 3314 ante
1112 3266 1186 3314 ocu·

54 3355 102 3420 los
127 3354 178 3419 dei
199 3353 232 3419 in
254 3354 462 3420 secretissimo
485 3353 591 3432 cubili,
615 3353 670 3418 ubi
693 3352 924 3438 compungitur,
947 3352 1115 3417 sternitur:
1142 3353 1188 3416 ita

54 3458 164 3541 etiam,
196 3477 268 3524 oum
297 3457 467 3541 plurimum
498 3456 631 3539 intersit,
660 3455 713 3521 ubi
743 3458 839 3539 ponat
866 3473 975 3538 corpus
998 3454 1114 3518 mortui
1137 3456 1186 3520 sni

23 3562 110 3646 ecqui
132 3579 189 3644 pro
211 3561 323 3644 spiritu
346 3561 413 3625 eins
435 3564 491 3626 deo
514 3562 680 3642 supplicat,
701 3559 775 3642 quia
798 3563 829 3622 et
851 3558 1036 3641 praecedens
1060 3557 1186 3623 affectus

54 3664 161 3728 locum
184 3663 280 3747 elegit
301 3670 446 3728 sanctum
475 3665 507 3727 et
537 3662 602 3728 illic
630 3681 754 3744 corpore
776 3660 878 3744 posito
901 3661 1077 3726 recordatus
1100 3661 1186 3726 locus

55 3771 185 3833 sanctus
219 3786 289 3831 eum
323 3768 377 3849 qui
419 3767 628 3848 praecesserat
665 3768 796 3830 renouat
829 3769 860 3829 et
895 3769 989 3848 auget
1027 3763 1185 3841 affectum,

106 4038 350 4095 texhibeantnro:
369 4039 525 4094 exhibeatur
533 4039 585 4093 PV
592 4039 670 4107 (εΗ).
677 4040 737 4102 755,
746 4040 770 4092 3.
781 4041 895 4105 968,16,·
904 4037 1046 4104 nomme
1054 4040 1115 4101 435)

54 4128 89 4181 10
107 4126 259 4195 sepulcrum
282 4125 335 4179 GP
419 4126 506 4179 filiurn
526 4125 592 4180 GP:
622 4124 742 4178 fidelium
764 4123 790 4178 V
882 4123 914 4177 13
931 4123 1130 4177 commendatus
1149 4119 1186 4175 P¹

57 4212 94 4269 V:
124 4211 354 4267 commendaturus
373 4212 411 4266 P²
498 4213 530 4266 14
549 4211 651 4265 orantis
670 4211 697 4265 P
781 4210 815 4264 24
832 4210 899 4264 lacit
918 4210 952 4263 V:
979 4208 1044 4262 fecit
1063 4208 1118 4263 GP

51 4314 83 4353 ao
105 4296 142 4351 V:
172 4296 224 4350 hac
241 4297 269 4352 P
366 4298 400 4351 29
418 4300 501 4366 ponat
518 4297 556 4351 P:
585 4313 666 4367 poena
689 4296 715 4351 V
809 4296 844 4350 30
861 4296 924 4365 qnia
940 4312 972 4349 o:
998 4294 1044 4363 qni
1063 4293 1119 4348 ΡΥ
