2760 4814
243 324 408 396 Excerpts
425 343 461 381 ex
479 342 547 396 opp.
567 328 594 383 S.
612 327 801 397 Augustini
819 326 1024 383 CCCXXXVII.
1117 329 1201 399 1013

112 513 188 580 Tale
209 515 328 599 aliquid
357 515 447 581 uobis
477 515 675 581 insinuatum
704 519 753 581 eet
782 515 820 580 de
841 516 1020 600 patriarche
1039 517 1146 587 Dauid
1165 520 1200 587 iu
1263 567 1266 571 -

65 619 150 685 libro
177 617 364 703 Regnorum,
394 619 433 684 ad
462 637 554 703 quem
581 619 732 702 propheta
754 638 826 685 cum
852 622 968 685 missus
998 624 1081 687 esset
1109 620 1200 709 eique

66 725 195 805 propter
218 723 390 806 peccatum,
415 722 498 806 quod
518 723 699 803 admiserat,
719 726 873 789 euentura
887 723 974 789 mala
988 743 1025 790 ex
1038 724 1200 794 iracundia

65 825 120 891 dei
141 826 395 905 comminaretur,
423 825 614 892 confessione
643 827 765 911 peccati
786 828 912 893 ueniam
934 828 1051 894 meruit
1072 848 1199 915 respou-

40 930 161 995 edente
189 930 351 1013 propheta,
381 933 461 1012 quod
491 928 572 994 illud
596 929 625 994 ei
646 929 805 1014 flagitium
827 929 1011 1013 facinusque
1034 933 1199 999 remissum

64 1032 134 1119 eet3
166 1038 199 1098 et
227 1035 335 1099 tamen
364 1038 529 1099 consecuta
550 1036 626 1097 sunt
649 1051 728 1116 quae
751 1033 829 1098 deus
851 1035 953 1099 iuerat
975 1037 1197 1119 comminatus,

65 1137 171 1202 uteie
193 1135 413 1202 humiliaretur
436 1153 455 1202 a
476 1136 552 1201 filio.
591 1154 685 1218 quare
708 1137 741 1201 et
760 1136 813 1201 hic
836 1155 897 1202 uon
919 1138 1049 1204 dicitur:
1071 1140 1100 1204 si
1121 1141 1198 1206 deus

64 1244 194 1322 propter
216 1244 379 1323 peccatum
400 1239 481 1305 illud
504 1240 607 1305 fuerat
622 1240 839 1319 comminatus,
856 1259 910 1306 cur
926 1242 1056 1308 dimisse
1072 1247 1197 1327 peceato

65 1345 148 1428 quod
179 1348 247 1410 erat
276 1345 417 1408 minatus
445 1342 614 1425 impleuit?
642 1342 704 1408 uisi
727 1342 800 1426 quia
822 1344 1004 1422 rectissime,
1028 1345 1057 1410 ei
1078 1344 1198 1412 dictum

25 1448 174 1525 soluerit,
208 1446 447 1531 respondebitur
478 1447 693 1512 remissionem
726 1447 818 1512 illam
850 1449 971 1530 peccati
1001 1448 1127 1529 laeum,
1158 1460 1220 1517 ne'

64 1552 159 1617 homo
182 1571 201 1618 a
222 1551 423 1634 percipienda
438 1550 505 1616 uita
521 1551 727 1634 impediretur
744 1551 883 1627 aeterua,
905 1553 1108 1618 subsecutum
1122 1572 1196 1620 uero

64 1656 153 1722 illiue
176 1655 425 1721 comminationis
447 1655 634 1736 exemplum,
652 1656 688 1718 ut
702 1654 804 1737 pietas
818 1654 955 1721 hominis
969 1655 1004 1721 iu
1018 1655 1075 1722 illa
1090 1656 1196 1722 hnmi-

63 1761 156 1827 litate
184 1763 375 1826 exeroeretur
401 1758 496 1842 atque
523 1757 719 1841 prebaretur.
765 1758 871 1825 sicet
900 1764 1036 1826 mortem
1059 1760 1197 1843 eorporis

64 1869 98 1930 et
125 1867 253 1948 propter
281 1863 448 1947 peccatum
471 1862 545 1927 deus
571 1861 691 1927 homiui
712 1862 828 1928 inflixit
849 1867 881 1928 et
904 1868 975 1946 pest
995 1867 1195 1945 peccatorum

27 1970 280 2035 premissionem
302 1970 429 2051 propter
450 1965 651 2032 exercendam
674 1965 828 2031 iustitiam
850 1984 912 2032 nou
934 1964 1064 2035 ademit.

106 2090 278 2156 Teneamue
323 2107 397 2171 ergo
433 2088 504 2153 fidei
540 2086 796 2153 indeclinabilem
833 2086 1068 2153 confessionem.
1112 2086 1197 2157 solus

61 2212 144 2260 unus
177 2194 226 2259 eet
258 2193 311 2275 qui
344 2194 410 2258 siue
432 2194 559 2275 peccato
588 2196 684 2256 natus
715 2191 826 2256 estin
853 2190 1062 2256 similitudine
1095 2189 1197 2257 carme

60 2297 192 2382 peccati,
214 2297 279 2362 sine
307 2299 434 2379 peccato
457 2295 536 2360 uixit
564 2296 596 2360 iu
619 2312 712 2358 carne
732 2295 814 2359 inter
837 2293 942 2360 aliena
963 2297 1102 2377 peccata,
1128 2295 1195 2359 eine

61 2406 189 2486 peceato
217 2401 359 2466 mortuus
387 2401 437 2464 est
465 2398 592 2481 propter
613 2399 721 2462 uestra
742 2401 881 2481 peccata.
918 2413 979 2462 neu
1003 2397 1196 2462 declinemus

26 2508 102 2573 sein
125 2505 301 2571 dextram
324 2503 392 2569 aut
415 2502 636 2568 sinistram.
662 2502 694 2566 iu
711 2500 853 2566 dextram
869 2498 1126 2567 enimdeeliuare
1149 2505 1197 2564 est

62 2629 96 2676 se
130 2612 234 2692 ipsum
263 2608 403 2690 decipere
426 2606 554 2672 dicendo
576 2625 610 2671 ee
633 2624 700 2670 cese
722 2606 790 2670 siue
811 2606 955 2689 peooato;
978 2604 1012 2670 in
1035 2602 1196 2669 sinistrum

61 2713 170 2777 antem
196 2730 251 2795 per
278 2711 379 2776 nescio
409 2728 503 2792 quam
529 2727 709 2792 perueream
733 2711 765 2774 et
786 2726 918 2790 prauam
941 2706 1142 2773 securitatem
1164 2724 1196 2770 se

60 2824 225 2901 tamquam
254 2815 383 2898 impune
410 2814 484 2879 dare
506 2812 653 2896 peccatis.
693 2811 781 2877 uiae
803 2811 925 2895 enim,
948 2828 1087 2894 quasa
1109 2807 1196 2875 der·

61 2922 142 2987 trie
164 2922 277 2999 sunt,
306 2919 420 2983 nouit
443 2916 639 2991 dominuS,
670 2916 724 2998 qui
746 2915 832 2980 solus
855 2917 923 2980 siue
946 2914 1071 2998 peceato
1092 2913 1143 2977 est
1164 2915 1196 2977 et

22 3023 169 3092 semestra
183 3027 287 3105 petest
301 3024 404 3087 delere
419 3021 561 3103 peccata,
584 3038 798 3104 peruersae
817 3021 947 3085 autem
965 3020 1077 3093 sunt,
1100 3035 1195 3099 quae

59 3145 80 3192 a
107 3126 303 3203 sinistris,
337 3124 496 3191 amicitiae
529 3142 602 3189 cum
636 3123 783 3206 peccatis.
822 3122 902 3189 tales
932 3123 1029 3188 etiam
1057 3120 1109 3187 illi
1135 3118 1196 3185 XX

60 3246 217 3295 annorum
247 3228 475 3294 adulescentuli
501 3227 635 3312 liguram
656 3227 730 3292 noui
751 3226 858 3310 populi
879 3226 1117 3309 praemiserunt,
1141 3224 1195 3307 qui

58 3332 95 3398 iu
124 3332 241 3397 terram
269 3331 482 3414 promissionis
509 3329 678 3406 intrarunt,
702 3331 755 3413 qui
781 3329 893 3395 necin
917 3330 1057 3395 desuem
1080 3345 1138 3393 ueo
1160 3329 1192 3392 iu

59 3434 224 3503 sinistram
254 3436 331 3501 dieti
359 3439 433 3501 suut
462 3434 642 3499 declinasse.
686 3433 862 3499 nonenim
891 3437 923 3499 et
951 3433 1011 3499 XX
1041 3450 1195 3499 annorum

20 3543 150 3609 arsetas
179 3541 386 3622 comparanda
414 3540 462 3604 eet
489 3537 684 3603 innocentiae
706 3537 917 3621 paruulorum,
947 3541 1010 3617 sed,
1033 3537 1068 3603 ui
1090 3532 1195 3609 fallor,

59 3642 115 3709 hic
141 3661 290 3708 uumerus
318 3645 488 3727 mysticum
517 3642 636 3725 aliquid
660 3640 829 3707 adumbrat
859 3643 891 3706 et
923 3644 1058 3707 resonat.
1103 3639 1194 3704 uetus

166 3846 483 3916 acl.11Reg.12,13
574 3845 609 3900 20
627 3847 666 3914 (et
683 3846 729 3912 23)
746 3844 827 3901 Pron.
845 3845 870 3911 4,
889 3844 922 3898 27
1010 3842 1043 3897 27
1062 3841 1096 3898 cf.
1113 3840 1195 3896 Num

61 3933 104 4001 14,
123 3932 157 3987 29
170 3947 228 4003 sqq.
331 3932 366 3986 28
384 3932 417 3988 ci.
436 3931 488 3986 los.
506 3930 586 3997 aas

114 4104 131 4157 3
158 4101 312 4158 ammiserat
343 4101 371 4155 V
470 4104 487 4157 5
513 4100 593 4171 illud]
621 4101 700 4155 illum
731 4100 758 4155 V
857 4101 874 4155 6
900 4103 942 4155 est
973 4101 1009 4155 V:
1044 4101 1084 4156 sit
1109 4116 1128 4153 u

59 4189 218 4258 &propter-l
238 4203 334 4258 proper
357 4187 383 4241 V
471 4186 541 4241 illud
560 4204 592 4240 o:
620 4185 698 4241 illum
720 4185 747 4240 V
836 4186 895 4241 lsi
912 4187 1016 4242 dictum
1034 4203 1066 4240 u:
1092 4184 1195 4238 dictum

60 4280 124 4347 (om.
143 4275 227 4340 si)V
320 4275 352 4329 11
371 4273 566 4343 subsequutum
581 4274 609 4330 V
701 4274 734 4329 21
754 4274 893 4330 sinistram
911 4290 943 4329 c:
973 4271 1128 4329 sinistraV

114 4377 209 4435 VIIII.
1056 4376 1096 4429 tet
