2760 4814
283 367 448 437 llxoerpta
464 383 501 422 er
517 382 587 438 opp.
605 368 631 422 S.
649 369 837 439 Augustini
854 367 1040 425 ccxcvnlr.
1057 368 1129 427 000.
1206 369 1271 437 969

136 557 192 624 uel
221 558 317 624 stiam
346 556 378 622 id
408 559 489 639 quod
520 555 664 622 futurum
687 559 735 622 est
756 557 1041 640 praenuntiantem,
1066 576 1136 625 oum
1157 559 1190 624 id
1213 577 1270 644 ogo

136 678 265 745 prorsus
292 662 434 744 ignorem
466 661 498 725 et
527 660 652 726 omnino
681 677 807 742 prorsus
838 678 898 726 non
933 680 1039 727 eurem
1075 681 1136 729 non
1167 662 1269 728 solum

137 766 215 850 qnid
229 764 285 830 ille
299 764 444 843 somniet,
460 765 515 830 aed
537 768 644 832 utrum
664 763 837 830 dormiente
859 783 909 829 me
932 765 1048 849 uigilet
1061 785 1102 832 an
1117 765 1269 849 uigilaute

139 887 192 934 me
215 866 352 934 dormiat
374 885 414 933 an
443 887 505 935 nno
531 869 699 950 aedemque
729 873 869 952 tempore
899 870 1066 954 uigilemua
1089 871 1180 936 ambo
1202 872 1270 936 siue

108 971 340 1050 edormiamus,
371 973 495 1054 quaudo
525 972 581 1037 ille
608 972 764 1038 somnium
792 972 879 1039 uidet
902 974 933 1038 st
954 973 988 1038 in
1010 992 1070 1056 quo
1092 992 1143 1039 me
1165 973 1269 1039 uidet:

139 1073 216 1157 qnid
237 1074 363 1154 mirum,
385 1077 414 1141 si
436 1076 609 1143 nesoientes
637 1075 752 1142 mortui
776 1095 832 1141 neo
861 1076 908 1141 ita
930 1078 1097 1142 sentientes
1120 1078 1226 1142 tamur
1250 1093 1270 1141 a

137 1176 320 1244 uiuentibus
345 1178 500 1271 'uidentur
528 1180 561 1243 in
591 1178 709 1244 somnis
736 1182 768 1244 et
790 1177 910 1262 aliquid
933 1179 1042 1244 dieunt
1065 1177 1146 1261 quod
1168 1178 1269 1264 suigi-

136 1279 240 1345 lanies
268 1299 379 1348 uerum
406 1301 474 1348 esse
497 1285 707 1366 cognoscant?
739 1281 889 1367 angelicis
911 1282 1011 1366 igitur
1033 1281 1268 1365 operationibus

136 1382 205 1448 fieri
235 1384 429 1464 crediderim,
458 1388 524 1452 siue
553 1386 757 1469 permittatur
786 1387 918 1469 desuper
948 1387 1015 1452 siue
1045 1387 1201 1465 iubeatur,
1232 1392 1269 1451 ut

93 1513 125 1552 ιο
136 1486 258 1569 aliquid
280 1488 379 1556 dioere
401 1490 440 1557 de
462 1490 646 1574 sepeliendis
662 1489 840 1574 corporibus
855 1490 922 1556 suis
937 1490 1105 1557 uideantur
1126 1490 1160 1554 in
1182 1507 1268 1555 som·

136 1588 199 1668 nis,
231 1609 303 1658 oum
332 1594 365 1660 id
394 1594 521 1676 penitus
550 1594 695 1659 nesciant
724 1611 855 1676 quorum
886 1593 942 1659 illa
963 1596 1039 1658 sunt
1061 1611 1198 1677 oorpora.
1236 1594 1268 1658 id

135 1694 244 1759 autem
273 1695 439 1778 aliquando
470 1696 593 1763 utiliter
621 1696 658 1761 fit
687 1695 755 1761 siue
786 1696 826 1762 ad
856 1696 1002 1762 uiuorum
1038 1697 1266 1780 qualeoumque

135 1793 300 1878 solacium,
338 1802 377 1866 ad
415 1817 492 1882 quos
528 1798 686 1883 pertinent
716 1798 767 1865 illi
789 1799 916 1882 mortui,
951 1818 1083 1882 quorum
1117 1802 1270 1884 apparent

136 1899 292 1983 imagines
314 1902 554 1982 somniantibus,
577 1903 645 1968 siue
669 1906 704 1967 ut
727 1900 776 1967 his
797 1902 1063 1968 admonitionibus
1087 1902 1193 1987 generi
1210 1903 1268 1967 hu·

95 2019 230 2068 mmano
251 2006 431 2087 sepulturae
445 2005 682 2072 oommendetur
695 2006 889 2083 humanitas,
911 2024 1000 2088 quaa,
1020 2006 1094 2071 lieet
1111 2006 1268 2072 defunctis

134 2124 198 2172 non
220 2109 402 2191 opituletur,
426 2110 581 2194 eulpenda
602 2113 709 2175 tamen
731 2110 968 2194 inreligiositate
989 2109 1178 2193 neglegitur.
1209 2109 1266 2173 ali-

135 2210 262 2293 qnando
293 2219 398 2278 eutem
428 2212 596 2279 fallaeibus
618 2213 696 2278 nisa
718 2212 859 2279 homines
883 2212 915 2278 in
938 2230 1069 2296 magnos
1093 2212 1268 2277 mittuntur

134 2330 266 2393 errores,
289 2333 368 2398 quos
390 2316 467 2381 talia
481 2315 601 2399 perpeti
617 2317 737 2381 iustum
752 2320 810 2381 est.
834 2316 922 2381 uelut
934 2315 962 2380 si
976 2315 1143 2399 quisquam
1158 2314 1266 2380 uideat

134 2417 171 2482 in
200 2420 316 2485 somnis
339 2420 420 2502 quod
442 2422 565 2486 Aeneas
595 2419 711 2486 uidisse
744 2423 821 2503 aput
843 2418 958 2485 inferos
981 2419 1104 2502 poetioa
1126 2417 1268 2483 salsitate

96 2523 294 2603 aonnnatur,
325 2526 358 2589 et
386 2524 415 2589 ei
438 2523 614 2607 cuiuspiam
636 2543 697 2592 non
720 2523 836 2608 sepulti
859 2528 1008 2608 appareat
1030 2524 1136 2605 imago
1158 2521 1266 2604 loqua-

135 2628 251 2708 turque
280 2625 368 2707 talis,
398 2627 505 2710 qualia
532 2628 667 2694 refertur
696 2628 821 2694 loeutus
843 2627 892 2694 illi
913 2627 1008 2693 luisse
1030 2627 1198 2693 Palinurus
1221 2629 1265 2703 et,

136 2744 211 2793 enm
240 2728 452 2814 euig'lauerit,
481 2731 526 2797 ibi
556 2748 665 2813 eorpus
689 2730 755 2797 eius
784 2732 935 2807 inueniat,
963 2730 1017 2796 ubi
1048 2731 1151 2796 iaoere
1173 2729 1266 2795 inhu-

135 2835 271 2910 matum,
287 2850 359 2899 oum
375 2833 552 2909 somniaret,
568 2833 701 2917 audiuit,
716 2833 896 2900 admonitus
919 2836 951 2899 et
969 2833 1110 2918 rogatus,
1127 2834 1163 2898 ut
1177 2851 1265 2915 sepe·

137 2934 214 3001 liret
241 2936 416 3016 inuentum,
446 2940 479 3003 et
504 2938 576 3021 quia
605 2939 638 3004 id
660 2957 771 3003 uerum
793 2956 860 3004 esse
883 2938 1042 3021 comperit,
1067 2936 1175 3001 eredat
1197 2937 1268 3000 ideo

98 3042 276 3105 semortuos
306 3040 441 3123 sepeliri,
469 3046 506 3106 ut
535 3060 643 3107 eorum
674 3043 795 3107 animae
824 3043 864 3107 ad
892 3041 961 3107 looa
987 3042 1162 3116 transeant,
1186 3038 1267 3102 unde

134 3142 366 3226 insepultorum
388 3144 509 3210 animas
531 3143 654 3209 inferna
675 3144 830 3227 prohiberi
853 3144 922 3228 lege
943 3143 1129 3210 somniauit:
1164 3159 1268 3207 nonus

135 3247 200 3312 iata
221 3247 348 3313 medens
370 3247 542 3330 plurimum
566 3267 585 3313 a
607 3248 736 3314 tramite
760 3249 906 3314 ueritatis
929 3246 1105 3314 exorbitat?

180 3347 233 3414 Sia
256 3353 362 3415 autem
377 3349 548 3416 infirmitas
565 3349 703 3417 hnmana
716 3369 786 3417 sese
808 3351 914 3429 hebet,
937 3355 984 3425 ut,
1012 3368 1083 3416 oum
1100 3348 1134 3413 in
1149 3349 1266 3414 somnis

134 3450 268 3536 quisque
291 3451 407 3519 uiderit
428 3456 598 3532 mortuum,
621 3454 721 3538 ipsius
743 3455 883 3521 animam
905 3473 938 3520 se
961 3454 1068 3520 uidere
1085 3451 1267 3530 arbitretur,

240 3630 273 3686 19
290 3631 324 3686 of.
343 3634 408 3687 Aen.
429 3632 476 3697 vl,
493 3633 544 3687 337
555 3648 612 3703 sqq.

189 3795 203 3848 1
222 3793 347 3850 etiamid
369 3795 404 3851 V:
432 3797 515 3852 etiam
531 3798 587 3854 GP
655 3799 777 3853 loturum
797 3798 864 3854 GP:
891 3798 1022 3853 iacturum
1046 3797 1073 3852 V
1140 3798 1268 3865 2ριοιιι

134 3879 258 3949 ignorem
276 3884 301 3947 (r
312 3880 378 3938 odd.
390 3898 426 3936 ιιι.
439 3885 467 3949 2)
485 3882 511 3937 V
599 3885 617 3938 3
634 3884 783 3940 dormiente
794 3900 837 3938 me
849 3883 947 3954 uigilet
963 3884 999 3939 V:
1026 3883 1201 3938 dormientem
1214 3883 1268 3936 eui·

133 3964 257 4036 giletP
358 3968 640 4039 betlnquoPV=
668 3971 805 4039 iuquoo
907 3970 988 4025 dita
1011 3969 1079 4025 PV:
1104 3970 1201 4025 istao

134 4054 170 4107 12
186 4051 221 4107 fit
235 4050 300 4108 GP:
330 4053 396 4108 iaoit
415 4053 442 4109 V
542 4055 574 4109 14
592 4057 683 4125 generi
696 4056 813 4110 humano
833 4056 901 4111 61²2
930 4056 1035 4126 generis
1047 4056 1202 4111 bumaniV

133 4138 170 4193 15
190 4138 344 4207 sepulturae
364 4136 431 4195 01³:
463 4143 600 4211 sepultura
621 4141 648 4197 V
749 4142 780 4196 ll
803 4141 949 4197 mittantur
965 4143 994 4212 (a
1011 4158 1045 4197 en
1063 4159 1080 4196 n
1098 4158 1167 4198 corr.
1185 4157 1220 4197 os
1238 4143 1268 4208 2)

133 4223 164 4281 P
248 4223 468 4281 sistaturve
495 4225 647 4282 aaofertur
665 4227 694 4283 P
776 4228 819 4282 illi
838 4228 918 4284 P²V:
944 4229 992 4284 ille
1010 4229 1048 4284 Ρ·
1135 4229 1268 4298 pilinnrus

136 4309 166 4366 V
266 4309 300 4365 22
318 4311 473 4366 inueniatur
492 4313 520 4367 P
620 4313 653 4368 25
671 4316 762 4369 anima
779 4315 807 4368 P
