2760 4814
217 331 380 400 llxoerpta
397 346 433 383 ex
451 346 520 399 opp.
541 329 568 385 S.
585 328 772 398 Augustini
796 328 1052 387 cxcv-cxcvn.
1133 329 1198 398 655

71 520 170 603 igitur
184 518 280 603 gladii
294 519 418 584 nomine
434 518 644 601 significatam
660 537 725 584 esse
740 519 886 586 credibile
901 525 960 600 est,
980 538 1040 604 quo
1055 521 1196 586 materna

70 623 178 688 anima
199 623 364 688 uulnerata
385 624 433 687 est
455 622 570 687 doloris
594 622 719 689 affeetu.
759 622 826 704 ipse
856 622 918 688 snit
943 623 1066 709 gladius
1089 623 1196 688 inore

69 727 316 808 persecutorum,
339 727 376 791 de
399 725 512 808 quibus
542 725 576 790 in
598 725 717 809 psalmo
740 724 871 792 dieitur:
902 730 943 792 et
972 725 1134 811 gladius
1155 725 1196 791 in

69 846 136 893 ore
169 847 306 894 eornm.
351 829 410 911 ipsi
445 828 530 894 eninr
564 829 654 893 erant
689 828 778 894 filii
813 829 1025 908 hominum,
1063 847 1194 913 qnorum

46 931 209 997 edentes
232 950 335 997 arma
364 932 403 995 et
427 930 621 1013 sagittae,
652 935 690 996 et
719 932 859 1017 lingna
881 951 1012 998 eorum
1034 932 1193 1015 gladius

69 1037 218 1101 acutus.
256 1052 329 1098 nam
351 1035 383 1098 et
409 1034 535 1110 ferrum,
566 1034 647 1117 qnod
677 1033 882 1115 pertransiuit
910 1037 1048 1101 animam
1069 1035 1192 1118 Ioseph,

68 1157 125 1222 pro
155 1138 232 1203 dura
262 1136 463 1202 tribulatione
493 1138 629 1219 positum
659 1137 776 1203 sermm
804 1137 884 1203 mihi
913 1138 1048 1203 uidetur.
1087 1138 1195 1221 aperte

69 1243 196 1327 quidem
232 1241 365 1305 dieitur:
409 1239 555 1305 ferrum
598 1241 842 1322 pertransiit
878 1241 1052 1307 animam
1089 1241 1193 1319 eius,

68 1347 191 1412 donea
214 1344 375 1409 ueniret
397 1342 563 1408 uerbum
586 1343 688 1421 eius,
718 1342 751 1408 id
773 1348 820 1408 est
842 1345 964 1412 tamdiu
986 1345 1048 1411 fuit
1069 1345 1103 1410 in
1125 1344 1196 1410 dira

34 1448 281 1530 attitulatione,
312 1445 409 1512 doneo
438 1446 525 1511 lieret
555 1447 637 1529 quod
662 1447 822 1529 praedixit.
857 1448 930 1513 hine
954 1448 1039 1514 enim
1061 1465 1193 1531 magnus

69 1549 198 1616 babitus
228 1551 260 1614 et
289 1551 328 1616 ab
361 1548 418 1615 illa
453 1549 656 1615 tribulatione
689 1549 851 1616 liberatus.
889 1551 943 1616 sed
972 1570 1010 1617 ne
1038 1551 1192 1618 humanae

69 1654 241 1738 sapientiae
262 1653 452 1718 tribueretur
475 1654 556 1735 quod
581 1653 667 1718 uenit
689 1653 821 1719 uerbum
843 1654 920 1733 eiua,
943 1655 976 1721 id
1002 1654 1191 1721 estfactum

69 1761 118 1823 est
148 1757 228 1841 qnod
259 1758 419 1840 praedixit,
449 1775 533 1822 more
566 1775 621 1821 suo
651 1757 807 1839 seriptura
835 1761 944 1823 sanota
965 1757 1022 1823 deo
1044 1758 1117 1823 inde
1139 1757 1194 1823 dat

68 1860 202 1944 gloriam
235 1864 267 1925 et
296 1860 441 1926 continuo
472 1859 654 1943 subiungit:
689 1860 889 1943 eloquium
920 1860 1064 1926 domini
1092 1861 1194 1946 igni-

38 1963 133 2028 unit
156 1983 249 2028 eum.

548 2218 715 2304 oxovfl.

71 2411 116 2458 EX
139 2410 242 2458 LIBRO
265 2410 370 2458 PRIMO
398 2412 443 2457 DII
471 2410 650 2458 BAP'I'INMO.
685 2411 852 2472 Qvonobo
873 2411 944 2459 NON
966 2411 1018 2459 ⁸1¹1*
1041 2409 1194 2460 CONTRA·

72 2515 175 2562 Rivis:
213 2515 283 2574 QV1
319 2512 461 2560 uncvbl
489 2513 571 2562 NON
594 2513 682 2572 ES'I',
717 2514 880 2563 CONTRA
912 2514 966 2561 nult
997 2514 1085 2577 ES'I',
1122 2515 1192 2575 QVI

217 2617 379 2664 CONTRA
401 2617 476 2664 VOS
497 2616 581 2666 NON
602 2616 1047 2679 nsr,1²130vonlsnsr.

41 2779 65 2820 n
112 2754 263 2820 Dominus
286 2756 318 2820 in
340 2755 502 2840 euangelio
532 2754 629 2820 dicit:
659 2757 723 2837 qui
751 2773 825 2819 non
854 2755 912 2819 est
940 2773 1103 2835 meeum,
1127 2740 1264 2826 aad-alb

71 2877 224 2924 norsum
244 2879 300 2923 me
323 2862 395 2938 ost,
419 2859 544 2943 etqui
567 2877 710 2925 meeum
733 2876 805 2923 non
828 2857 998 2942 colligit,
1021 2860 1192 2942 spargit.

71 2963 187 3041 Omen,
211 2980 281 3028 oum
304 2963 344 3028 ad
365 2982 436 3027 eum
459 2961 606 3044 discipuli
628 2962 821 3028 rettulissent
843 2961 959 3027 uidisse
980 2981 1012 3026 se
1034 2962 1190 3044 quendam

70 3062 103 3130 in
125 3067 191 3130 aius
213 3066 338 3130 nomine
366 3064 534 3147 pellentem
558 3065 718 3130 daemonia
740 3065 773 3129 et
793 3063 998 3146 prohibuisse,
1023 3066 1097 3147 quia
1118 3085 1190 3131 eum

70 3166 136 3233 illis
159 3187 230 3234 eum
253 3186 314 3233 non
336 3168 539 3250 sequebatur:
570 3167 711 3248 nolite,
734 3168 847 3251 inquit,
873 3166 1098 3253 prohibere;
1127 3171 1192 3253 qui

40 3275 209 3341 soontra
232 3288 301 3336 uos
323 3290 395 3336 non
419 3272 493 3350 est,
517 3289 582 3352 pro
606 3272 716 3337 uobis
738 3274 807 3337 est.
841 3289 914 3335 non
935 3271 1068 3353 potest
1089 3272 1192 3337 enim

168 3474 373 3541 auseae
498 3473 708 3540 ernost
833 3474 1123 3546 8Ps.104,18sq.

71 3561 103 3614 18
120 3563 159 3628 (et
176 3558 221 3627 20)
241 3558 452 3627 brullato
555 3561 587 3615 19
606 3563 645 3628 (et
661 3561 706 3627 24)
724 3560 805 3615 Nare
823 3560 849 3627 9,
867 3562 949 3630 39sq.

119 3750 336 3821 laigniiioatum
356 3753 384 3807 P
475 3754 617 3807 damulus
636 3752 684 3821 (g‘l
699 3757 766 3820 ras.)
785 3753 813 3807 P
906 3753 1063 3823 pertransiit
1078 3754 1124 3809 Aa

66 3836 86 3889 8
111 3835 219 3905 quidem
245 3837 320 3893 MV:
355 3838 451 3908 quippe
477 3838 549 3894 APo
669 3838 758 3892 anima
784 3840 811 3892 A
930 3839 947 3892 9
972 3836 1029 3893 dira
1050 3837 1087 3895 V:
1124 3838 1192 3894 dura

67 3921 140 3978 APo
273 3924 305 3977 11
329 3930 392 3994 post
418 3923 548 3978 liberatus
574 3926 696 3993 epatium
720 3940 840 3979 aeneum
865 3928 883 3980 3
909 3925 961 3981 litt.
993 3924 1019 3980 V
1147 3926 1191 3995 ne]

67 4023 116 4064 nar
133 4011 161 4063 A
266 4010 297 4065 13
321 4011 382 4064 inde
399 4008 456 4079 dat]
475 4010 610 4067 indidito
712 4010 745 4064 16
767 4026 826 4079 esp.
844 4007 983 4066 CXCVIII
999 4012 1027 4064 A
1053 4010 1146 4068 CCXV
1163 4010 1193 4066 P

68 4094 177 4151 ccxvl
191 4096 233 4151 Ge
319 4097 351 4151 11
368 4096 511 4166 baptismo]
530 4097 556 4151 b.
573 4099 645 4152 inter
662 4100 748 4151 estora
759 4097 929 4153 stadiorum
948 4099 974 4151 A
1059 4096 1191 4168 quomodo

68 4182 145 4238 MV:
175 4197 256 4251 agens
279 4181 311 4236 de
327 4181 461 4252 baptismo
479 4183 589 4253 exponit
607 4182 739 4253 quomodo
760 4183 859 4238 AGPo
960 4184 994 4238 18
1016 4184 1063 4253 qni
1085 4183 1189 4253 oenus]

67 4271 99 4322 st
114 4268 162 4336 qui
180 4269 274 4322 eontra
290 4267 332 4325 Po
433 4267 467 4322 22
484 4269 640 4323 retulissent
657 4268 700 4323 Po
801 4267 979 4322 adnotetur
