2760 4814
289 352 455 422 Excerpta
472 369 507 408 ex
525 370 594 424 opp.
614 355 640 408 S.
659 355 849 426 Augustini
871 354 988 412 com.
1141 358 1202 426 707

73 565 218 622 mnnem;
241 565 302 612 non
325 548 407 611 enim
431 546 476 610 sic
499 545 747 611 communicatur
769 546 861 631 culpa
875 565 930 630 per
945 546 1075 613 alteriue
1091 550 1203 614 uolun-

73 652 186 731 tatem,
215 648 477 733 quemadmodum
500 648 745 714 communicatur
766 651 868 733 gratia
889 650 1058 732 persancti
1074 650 1206 735 spiritns

74 753 238 820 unitatem.
276 754 380 835 potest
402 751 485 818 enim
508 753 595 817 etin
618 752 677 818 hoc
698 757 731 818 et
757 752 791 817 in
812 753 868 818 illo
890 751 1015 819 homine
1037 772 1103 820 esse
1125 773 1205 820 unus

73 857 206 939 spiritus
240 860 376 939 sanctus,
411 858 506 922 etiam
540 857 566 921 si
600 856 736 922 inuicem
769 857 911 922 nesciant
943 875 998 939 per
1036 875 1129 939 quem
1162 857 1206 923 eit

51 958 240 1042 nutriusque
262 961 368 1042 gratia
390 959 575 1026 communis.
612 977 674 1025 non
701 963 807 1025 autem
830 962 932 1042 potest
954 958 1082 1042 spiritus
1104 959 1206 1025 homi·

75 1067 125 1130 nis
149 1082 216 1128 ease
239 1067 273 1128 et
294 1063 386 1130 huius
409 1065 442 1129 et
463 1062 561 1139 illiue,
585 1081 639 1144 per
661 1081 754 1145 quem
777 1062 924 1146 peccante
942 1065 1041 1129 altero
1058 1066 1091 1129 et
1105 1064 1205 1130 altero

75 1185 139 1231 non
161 1167 311 1249 peccante
333 1167 377 1231 sit
406 1167 513 1232 tamm
536 1165 630 1249 culpa
651 1165 843 1249 communis3
877 1183 914 1232 ae
943 1185 998 1249 per
1021 1166 1080 1233 hoo
1101 1170 1207 1249 potest

76 1270 226 1353 pannulus
264 1271 363 1336 aemel
397 1288 433 1333 ex
469 1268 636 1350 parentam
673 1285 765 1333 carne
801 1272 969 1352 generatus
1006 1269 1056 1335 dei
1093 1270 1206 1354 spirita

76 1372 263 1458 regenerari,
287 1374 324 1438 ut
345 1390 381 1438 er
402 1372 469 1438 illie
492 1371 644 1455 obligatio
659 1373 818 1438 contracta
833 1371 986 1437 soluatur.
1017 1389 1080 1437 non
1103 1377 1206 1456 potest

39 1479 185 1542 roautem
221 1476 318 1541 semel
355 1476 406 1540 dei
447 1476 562 1558 spiritu
598 1475 802 1557 regeneratus
839 1492 875 1539 er
911 1476 1078 1556 parentum
1115 1494 1207 1544 carne

77 1579 264 1662 regenerari,
289 1579 326 1644 ut
347 1578 509 1663 obligatio,
536 1596 613 1661 qnae
636 1579 738 1643 soluta
761 1577 819 1662 eat,
848 1578 965 1643 iterum
988 1577 1207 1664 contrahatur3

77 1686 111 1747 et
133 1682 202 1747 ideo
226 1683 321 1747 semel
344 1685 521 1765 perceptam
543 1679 693 1763 paruulus
709 1678 827 1746 christi
843 1680 981 1765 gratiam
1002 1699 1064 1747 non
1086 1682 1209 1749 amitt't

76 1785 140 1851 nisi
163 1786 287 1868 propria
308 1785 481 1868 impietate,
511 1784 539 1849 si
561 1784 674 1848 aetatis
697 1800 823 1849 accessu
845 1783 911 1849 tam
936 1785 1038 1849 malus
1061 1787 1208 1852 euaserit.

76 1892 156 1954 tune
185 1888 269 1953 enim
301 1890 396 1953 etiam
418 1887 550 1971 propria
579 1887 711 1971 incipiet
739 1886 856 1953 habere
878 1888 1016 1971 peecata,
1047 1908 1126 1971 quae
1148 1908 1207 1956 non

41 2015 67 2054 a
77 1993 314 2075 regeneratione
336 1992 526 2072 auferantur,
550 1991 605 2056 sed
629 1991 693 2057 alia
715 1991 874 2056 curatione
897 1993 1057 2056 sanentur.

123 2093 241 2159 Verum
270 2101 377 2161 tamen
408 2099 493 2160 recte
514 2096 662 2163 dicuntur
683 2097 828 2176 parentes
851 2094 902 2160 uel
925 2095 1113 2178 quicumque
1136 2113 1205 2162 ma-

77 2199 161 2264 iores
193 2197 274 2264 filios
306 2218 360 2264 eeu
393 2198 552 2281 quoslibet
585 2198 733 2281 paruulos
766 2196 940 2280 baptizatos
973 2196 1204 2264 daemoniorum

77 2301 245 2386 sacrilegio
274 2302 414 2386 obligare
443 2303 592 2367 conantes
627 2300 813 2384 spiritaliter
842 2299 1028 2367 homicidae.
1070 2319 1142 2365 nam
1173 2301 1208 2365 in

78 2403 145 2470 illis
168 2403 294 2486 quidem
316 2403 566 2471 interfectionem
588 2421 648 2468 non
668 2401 794 2480 faciunt,
817 2404 880 2481 aed,
903 2407 1055 2486 quantum
1078 2404 1109 2472 in
1133 2403 1210 2487 ipeie

40 2512 138 2585 meet,
171 2507 382 2573 interfectores
416 2507 505 2572 fiunt.
545 2509 627 2571 recte
660 2505 726 2570 illis
762 2505 886 2581 dieitur,
920 2510 1042 2589 quando
1076 2507 1115 2573 ab
1149 2508 1208 2574 hoc

79 2612 199 2678 scelere
232 2610 453 2692 prohibentur:
487 2608 584 2674 nolite
617 2609 754 2674 occidere
784 2608 930 2690 paruulos
959 2612 1097 2694 nostros3
1132 2610 1211 2676 dicit

79 2716 167 2781 enim
189 2715 360 2796 apostolum
389 2712 579 2795 spiritum
611 2711 741 2778 nolite
764 2711 1018 2796 extinguere,
1053 2732 1116 2780 non
1138 2715 1212 2797 quia

80 2818 137 2885 ille
161 2816 300 2900 extingui
322 2817 435 2899 potest
457 2818 521 2894 aed,
546 2816 696 2898 quantum
719 2815 918 2897 inimicent,
941 2815 1128 2882 extinctores
1144 2817 1211 2884 eino

84 2922 199 2987 merito
222 2921 379 2999 dicuntur,
403 2919 457 3002 qui
479 2919 525 2985 sic
547 2922 657 3003 agunt,
680 2922 715 2983 ut
738 2919 910 2984 extinctum
933 2920 1042 2985 uelint.

42 3098 71 3138 ¹⁵
511 3085 615 3132 mnan
641 3084 784 3132 CETERA.

126 3180 160 3248 Si
183 3180 266 3246 enim
289 3184 484 3244 sacramenta
513 3179 671 3262 quandam
700 3177 943 3243 similitudinem
969 3196 1073 3243 rerum
1095 3194 1211 3260 earnm,

83 3303 216 3369 quarum
246 3287 441 3348 sacramenta
471 3283 555 3360 eunt,
585 3299 645 3347 non
674 3281 834 3361 haberent,
864 3281 990 3346 omnino
1020 3281 1213 3346 sacramenta

186 3471 220 3524 22
242 3470 256 3524 1
275 3469 366 3524 These.
385 3471 409 3534 5,
428 3470 461 3523 19

133 3640 225 3712 iper]
244 3657 295 3696 om.
313 3657 330 3696 o
424 3639 536 3708 spiritua
554 3639 676 3694 sanctio
769 3637 944 3693 inritatae
1035 3637 1095 3708 hoc]
1113 3638 1175 3693 hooi
1193 3640 1213 3705 (i

82 3745 135 3800 dei
152 3748 234 3811 m)
257 3743 283 3798 V
382 3743 400 3797 4
424 3743 544 3812 nanctae]
562 3758 613 3796 om.
631 3742 659 3795 A
761 3741 936 3810 iutrimque
953 3741 994 3795 A:
1024 3711 1176 3810 utrumque·
1192 3740 1219 3796 V

81 3831 237 3899 utrinqueo
340 3827 453 3898 spiritua
470 3830 594 3896 poteatv
694 3826 712 3880 6
729 3841 786 3880 aeae
803 3825 884 3880 huius
903 3831 965 3891 (om.
983 3828 1022 3894 et)
1040 3823 1065 3880 o'
1156 3842 1213 3896 poe·

82 3934 171 4004 mute]
189 3934 301 4003 peceant
322 3930 349 3987 V
431 3915 543 4017 elterom
561 3933 589 3984 et
606 3932 634 3986 A
726 3929 742 3983 'i
761 3929 824 3998 non]
841 3944 926 3984 ooao
1011 3928 1058 4000 ait]
1076 3928 1100 3983 ai
1122 3928 1149 3983 V

82 4039 100 4092 8
118 4036 245 4107 paruolae
262 4037 290 4091 A
394 4034 427 4089 10
445 4049 522 4089 carne
541 4038 584 4098 (ne
601 4032 666 4088 cdd.
684 4049 719 4088 m.
732 4037 749 4087 1
764 4034 797 4087 in
814 4037 875 4104 mg.)
895 4032 921 4087 V
1022 4033 1054 4088 11
1072 4016 1215 4102 regeneri*¹

85 4125 118 4188 (ri
131 4122 193 4179 acu
208 4139 243 4180 aa
256 4127 282 4191 1)
296 4122 333 4176 V:
353 4120 475 4193 generari
487 4121 558 4175 APo
647 4118 680 4174 12
692 4118 817 4190 paruolae
829 4121 857 4175 A
944 4119 978 4175 15
989 4121 1147 4173 mnanturo

84 4212 117 4266 17
135 4208 259 4279 paruoloa
277 4209 305 4263 A
401 4207 432 4262 21
453 4206 583 4278 pamulae
600 4207 628 4261 A
723 4205 759 4260 25
776 4204 848 4259 inter
865 4207 952 4260 cetera
969 4203 1045 4259 MV:
1075 4218 1125 4258 oon
1145 4203 1218 4258 01³0

83 4299 150 4352 item
168 4295 240 4351 intor
256 4311 278 4350 c.
297 4296 325 4350 A

1056 4392 1112 4447 452
