2760 4814
165 282 229 349 382
652 279 815 352 Eugippii

166 469 194 535 ei
223 468 298 536 telis
321 473 385 553 est3
420 470 559 553 loquItnr
580 488 651 556 ergo
682 470 737 535 ille
759 470 892 537 interius
914 471 947 536 et
968 469 1046 536 ‹iioit
1068 475 1099 536 et
1121 470 1301 536 noneolatur

165 573 265 639 filiam
286 590 376 638 suem
401 573 494 639 huius
516 573 602 640 modi
625 573 746 640 uerbis:
772 574 829 656 „de
851 574 973 640 iniuriis
988 574 1051 641 uiri
1064 572 1113 639 tui
1127 574 1301 657 torqueris;

166 674 242 759 qnid
271 674 332 741 tibi
361 676 445 741 enim
467 674 552 753 feeit,
586 675 672 754 dole;
707 674 761 742 sed
782 677 886 758 ipsum
909 675 975 741 noli
997 675 1128 755 imitari,
1157 677 1195 743 ut
1216 677 1301 744 mnle

166 777 272 859 boios,
308 779 362 845 sed
391 780 458 863 ipse
488 783 520 845 te
549 778 693 845 imitetur
714 778 748 844 in
771 779 859 855 bono.
899 798 972 847 mm
1002 779 1034 844 in
1057 798 1093 844 eo
1116 778 1197 862 qnod
1219 782 1302 847 mele

167 880 244 948 inuit
276 882 341 948 noli
374 901 446 948 eum
478 886 589 968 putere
613 882 708 967 onput
736 885 837 961 tuum,
871 884 924 949 sed
947 880 1028 949 me“.
1066 883 1189 947 nemsi
1212 889 1245 948 et
1267 883 1338 950 ius

166 1002 202 1048 eo
237 983 318 1068 qnod
351 984 434 1051 mule
468 985 543 1051 feeit
573 987 666 1067 oopnt
697 987 753 1064 est,
784 987 966 1050 secuturum
993 984 1041 1049 eet
1070 1000 1182 1065 eorpus
1205 990 1302 1068 eaput

166 1106 277 1165 euum;
299 1092 375 1154 eunt
398 1089 489 1156 ambo
511 1106 744 1173 perpraeceps.
774 1089 811 1152 ut
833 1089 940 1152 eutem
963 1104 1025 1151 non
1040 1085 1188 1170 sequetur
1205 1093 1304 1171 onput

167 1191 286 1256 molum
307 1208 409 1270 suum,
433 1192 542 1257 teneat
563 1190 651 1256 seed
674 1193 768 1274 eaput
790 1190 940 1258 ecelesiae
955 1187 1127 1268 Christum,
1150 1187 1224 1255 huie
1246 1193 1302 1258 de·

166 1294 242 1360 bene
264 1294 440 1360 castitatem
469 1311 569 1378 suem,
601 1292 675 1359 hnic
705 1292 846 1359 deferens
873 1292 1022 1359 honorem
1046 1310 1149 1358 sunm.
1187 1292 1302 1359 absens

167 1395 211 1461 sit
233 1397 290 1476 uir,
320 1414 466 1481 praesens
488 1397 529 1461 eit
550 1397 619 1461 uir:
649 1410 717 1462 non·
732 1399 842 1481 penest
863 1396 931 1479 ille,
962 1394 1036 1479 quie
1057 1413 1231 1478 numquam
1251 1398 1339 1464 estre

167 1499 279 1565 absens
303 1499 354 1564 oui
377 1501 478 1577 debet,
502 1517 540 1564 ne
561 1500 675 1581 peeoet.

672 1788 797 1873 ΝΜ

167 1978 403 2028 TESTIMONIVM
446 1981 493 2028 DE
536 1979 626 2028 LEGE
670 1980 901 2030 mumolus
954 1980 1122 2030 Annorum
1167 1983 1303 2032 CONTRA

168 2081 434 2130 EXCVSATIONEM
466 2082 671 2131 mumuouvu
699 2083 1005 2132 Anvnuunnru'nvm.
1042 2084 1090 2132 EX
1119 2086 1224 2135 umbo
1255 2089 1302 2135 DE

314 2187 544 2235 nnvnuumms
571 2185 779 2236 comvunsvs
800 2187 849 2234 AD
874 2188 1097 2237 Pouuuumvu
1118 2190 1157 2242 11.
1313 2196 1339 2234 15

99 2309 162 2375 123
215 2306 384 2373 Christiani
398 2307 546 2374 audiunt:
569 2310 687 2390 onpnt
703 2307 890 2372 mulieris
908 2308 985 2386 uir;
1009 2306 1065 2373 ubi
1080 2327 1114 2373 ee
1128 2310 1302 2392 agnoscunt

170 2409 274 2490 dunen,
307 2410 380 2475 illes
414 2415 520 2475 nutem
553 2409 685 2474 comites
719 2428 786 2474 esee
820 2411 940 2477 debere.
975 2413 1006 2475 et
1035 2413 1104 2477 ideo
1127 2413 1301 2477 uouendum

169 2513 238 2578 uiro
267 2513 342 2582 ilino
368 2514 412 2578 ire
434 2510 578 2591 uiuendo,
601 2529 663 2594 que
685 2511 787 2591 timet,
811 2532 851 2578 ne
873 2531 948 2578 uxor
969 2515 1118 2596 sequetur
1139 2512 1302 2580 imitando.

169 2616 225 2680 sed
260 2615 332 2681 istis
366 2614 478 2699 quibus
512 2614 667 2697 nienhem,
700 2618 737 2679 ut
769 2615 852 2680 inter
886 2617 990 2681 uirum
1022 2619 1056 2682 et
1084 2634 1211 2683 uxorem
1245 2636 1305 2700 per

169 2719 340 2803 pudicitiae
362 2720 464 2785 formu
485 2723 638 2796 seruetur,
662 2719 695 2783 ot
717 2719 821 2801 potius
835 2719 968 2801 eligunt,
985 2719 1180 2802 maximeque
1196 2718 1227 2783 in
1242 2717 1340 2785 hanso

170 2839 272 2900 onnon,
295 2823 406 2888 mundi
428 2821 551 2906 legibue
573 2821 692 2887 subditi
714 2840 780 2887 esse
802 2840 896 2906 quum
912 2821 1040 2902 Christi,
1063 2821 1212 2906 quonism
1233 2823 1305 2889 iure

170 2926 306 2992 forensis
334 2945 394 2992 non
425 2926 539 2992 eisdem
568 2923 681 3009 quibus
710 2924 845 2990 feminee
874 2924 1043 3009 pudinitise
1065 2925 1194 2992 nexibus
1217 2926 1304 2992 uiros

170 3028 320 3095 indentur
347 3029 557 3113 obstringere:
586 3027 695 3112 legent
723 3027 798 3110 qnid
826 3026 996 3111 imperator
1018 3028 1206 3107 Antoninus,
1238 3046 1302 3093 uon

171 3133 279 3216 utiqnb
301 3131 499 3212 christianus,
523 3131 561 3197 de
575 3132 633 3197 boo
648 3150 683 3197 re
699 3131 916 3215 constituerim
939 3130 995 3196 ubi
1018 3130 1153 3196 meritus
1176 3149 1304 3197 uxorem

171 3237 209 3302 de
239 3236 386 3303 adulterii
420 3237 548 3301 erimine
581 3251 726 3300 eoousnre
755 3251 816 3300 non
845 3232 969 3317 sinitur,
1004 3232 1053 3299 oui
1074 3232 1216 3300 moribus
1238 3235 1339 3298 enisos

171 3358 233 3406 non
254 3341 402 3425 praebuit
425 3339 583 3406 eastitatis
605 3339 791 3421 exemplum,
815 3338 860 3403 ite
882 3338 919 3402 nt
940 3336 1032 3402 umbo
1054 3336 1252 3415 damnentur,
1277 3336 1304 3400 si

274 3526 491 3595 umen

225 3695 305 3750 lille
326 3694 364 3750 V:
392 3695 502 3750 om.1b
600 3695 617 3749 2
636 3693 700 3766 uiri]
718 3710 769 3748 oon
789 3695 815 3749 T
910 3695 966 3748 tun
987 3695 1012 3749 T
1105 3692 1216 3762 liquid]
1235 3692 1308 3761 qnod

170 3799 188 3838 o
280 3780 494 3850 tmolelmeleo
580 3781 680 3837 ieeito
775 3780 926 3850 iprneoeps
939 3782 1307 3849 (preeam.2nupr.eero.)

174 3869 200 3924 T
294 3866 396 3922 mnlnm
413 3870 496 3938 oepnt
514 3869 555 3923 To
656 3867 674 3921 8
691 3867 781 3937 snum]
799 3882 889 3921 meum
906 3881 923 3921 o
1021 3866 1058 3934 ee]
1077 3864 1122 3920 sed
1144 3863 1185 3920 Vo
1203 3865 1232 3932 (d
1249 3881 1307 3920 ras

170 3955 203 4009 in
224 3951 260 4022 V)
362 3952 405 4022 nd]
428 3956 495 4009 eto
598 3951 747 4007 obristnso
849 3950 928 4006 debet
946 3952 986 4006 To
1090 3953 1121 4007 11
1140 3951 1183 4020 ne]
1202 3953 1235 4004 nt
1252 3966 1308 4006 non

170 4042 211 4097 To
313 4039 347 4094 12
364 4055 423 4108 οφ.
441 4038 543 4095 CXVII
564 4039 590 4094 Τ
613 4037 731 4094 cunm
749 4039 777 4094 P
802 4036 936 4094 cmm
956 4038 999 4094 Ge
1100 4038 1133 4092 16
1151 4042 1308 4106 ngnneonnt

175 4124 211 4181 V¹
282 4126 314 4181 18
330 4125 403 4196 ilinc]
422 4124 471 4180 illo
488 4141 505 4180 o
576 4123 608 4178 19
624 4124 696 4192 istis]
715 4141 755 4179 oo
769 4123 847 4180 emb.
864 4122 935 4178 inti?
1006 4123 1040 4179 22
1058 4123 1189 4179 foeminas
1212 4124 1239 4179 V

171 4213 207 4271 25
224 4212 268 4286 de]
286 4229 371 4270 nono
