2760 4814
185 280 248 348 194
668 281 831 352 Eusirnii

184 471 327 554 quamuis
350 490 419 536 eam
442 474 529 537 casta
551 472 583 536 et
604 475 686 539 bona
707 473 776 538 iura
796 472 979 556 nuptiarum
1003 492 1063 539 non
1080 475 1185 539 sinant
1199 475 1315 553 ualere,

184 574 246 641 nisi
276 579 427 661 quantum
458 597 495 642 eu
523 595 559 642 ea
589 582 719 661 possunt
748 578 853 661 generi
884 578 1099 644 substituendo
1131 581 1315 663 prospicere.

184 696 245 745 non
268 683 375 745 antem
398 682 430 744 et
451 679 506 745 ille
528 680 573 745 ibi
595 681 768 745 decimatus
789 682 837 746 ost
857 681 946 746 euius
975 699 1046 746 caro
1073 679 1230 746 iudanon
1253 680 1315 747 ier·

184 800 292 847 uorem
314 783 464 860 uulneris,
487 785 543 848 sed
564 784 729 849 materiem
751 782 969 850 medicaminis
998 784 1105 848 traxit.
1144 802 1217 848 nam
1242 803 1316 850 cnm

183 886 251 970 ipsa
272 886 440 953 decimatio
455 888 493 952 ad
516 885 782 971 praefigurandam
800 886 990 951 medicinam
1013 886 1209 970 pertinuerit,
1233 887 1314 954 illud
1337 909 1351 950 a

182 990 218 1055 in
241 988 383 1056 Abrahae
405 1008 497 1055 carne
513 989 728 1055 decimabatur
742 990 824 1073 quod
840 989 1021 1066 curabatur,
1044 1007 1105 1054 non
1128 989 1208 1056 illud
1231 994 1315 1057 unde

182 1094 360 1161 curabatur.
405 1092 513 1159 eadem
548 1112 680 1179 namque
713 1111 783 1159 caro
818 1113 878 1158 non
913 1091 1056 1159 Abrahae
1090 1094 1225 1167 tantum.
1259 1094 1314 1160 sed

182 1196 281 1281 ipsius
303 1196 398 1282 primi
420 1198 598 1281 terrenique
621 1196 759 1261 hominis
781 1196 876 1261 simul
892 1194 1028 1261 habebat
1043 1198 1075 1261 et
1089 1197 1205 1262 uulnus
1221 1216 1314 1282 prae·

182 1301 383 1367 caricationis
399 1302 431 1366 et
445 1301 712 1367 medicamentum
728 1300 884 1366 uulneris:
903 1300 1017 1366 uulnus
1034 1302 1314 1384 praeuaricationis

182 1405 215 1469 in
238 1403 307 1489 lege
327 1404 539 1469 membrorum
560 1405 757 1488 repugnante
780 1403 843 1490 legi
866 1405 990 1482 mentis,
1013 1401 1100 1488 quae
1113 1422 1168 1487 per
1189 1423 1351 1469 omnemne

182 1507 255 1572 inde
275 1509 480 1592 propagatam
502 1525 626 1573 carnem
648 1506 793 1572 seminali
820 1508 942 1572 ratione
964 1506 1053 1589 quasi
1076 1505 1314 1591 transcribitur3

183 1611 448 1677 medicamentum
481 1612 586 1676 autem
619 1610 758 1676 uulneris
787 1610 820 1675 in
851 1629 886 1674 eo
920 1611 1001 1695 quod
1029 1607 1102 1674 inde
1127 1610 1194 1675 sine
1223 1627 1316 1692 opere

182 1713 458 1799 concupiscentiali
486 1713 519 1778 in
549 1712 617 1779 sola
649 1715 779 1779 materie
812 1713 961 1797 corporali
990 1733 1044 1797 per
1072 1713 1210 1779 diuinam
1240 1730 1314 1779 con·

182 1817 333 1902 captionis
367 1817 622 1901 formationisque
655 1818 807 1882 rationem
836 1820 873 1883 de
906 1818 1027 1900 uirgine
1060 1818 1236 1884 assumtum
1266 1817 1316 1881 est

182 1923 311 2008 propter
343 1923 455 1988 mortis
488 1923 554 1988 sine
587 1920 753 2005 iniquitate
788 1922 977 1986 consortium
1011 1922 1043 1986 et
1075 1922 1142 1985 sine
1174 1918 1351 1988 faleratos

183 2027 417 2093 resurrectionis
440 2025 625 2109 exemplum.
660 2023 859 2108 [quapropter
880 2025 962 2107 quod
986 2023 1092 2090 anima
1113 2021 1230 2089 christi
1252 2040 1315 2088 non

181 2126 227 2195 sit
260 2149 296 2194 ex
330 2128 457 2195 traduce
491 2131 613 2194 animae
645 2110 732 2194 illius
766 2127 884 2210 primae
917 2124 1203 2211 praeuaricatriois,
1236 2128 1314 2208 puto

181 2232 266 2319 quod
281 2232 377 2299 etiam
392 2232 454 2318 ipsi
469 2234 522 2315 qui
537 2231 713 2298 animarum
729 2230 890 2297 traducem
906 2229 1078 2295 defendunt
1093 2228 1313 2295 consentiant:

182 2355 238 2420 per
259 2355 364 2401 semen
388 2338 502 2421 quippe
524 2334 756 2401 concumbentis
779 2335 877 2419 patris
899 2331 1079 2398 transfundi
1095 2333 1191 2398 etiam
1207 2351 1314 2399 semen

182 2439 306 2505 animae
328 2438 449 2518 uolunt,
472 2458 566 2522 aquo
588 2459 700 2523 genere
723 2439 931 2524 conceptionis
947 2436 1090 2506 Christus
1106 2436 1225 2503 alienus
1247 2440 1352 2511 estne

182 2547 215 2606 ot
237 2543 318 2626 quod
340 2542 373 2606 in
396 2540 556 2607 Abraham
578 2543 607 2608 si
630 2542 800 2608 secundum
823 2542 960 2608 animam
982 2542 1102 2622 suisset,
1126 2540 1224 2605 etiam
1245 2541 1314 2621 ipse

183 2644 353 2710 decimatus
376 2649 472 2710 esset:
496 2665 556 2710 non
580 2664 646 2710 esse
668 2650 773 2710 autem
790 2645 981 2710 decimatum
998 2643 1150 2727 scriptura
1165 2642 1313 2720 testatur,

184 2766 262 2831 quae
297 2746 371 2812 hino
407 2764 527 2832 quoque
563 2749 773 2813 sacerdotium
812 2748 877 2813 eius
915 2767 934 2813 a
969 2747 1096 2813 leuitico
1139 2744 1314 2811 sacerdotio

181 2848 362 2936 distinguit.
701 2845 711 2860 '

219 2949 279 3020 'An
303 2952 383 3021 sorte
406 2953 524 3021 dicent:
550 2955 649 3042 „sicut
671 2958 773 3038 potuit
795 2953 839 3022 ibi
858 2972 925 3021 esse
939 2954 1109 3021 seeundum
1132 2970 1259 3018 carnem
1283 2955 1352 3018 stae

183 3056 281 3144 (non)
304 3058 461 3138 decimari,
495 3076 551 3124 our
572 3076 632 3124 non
657 3060 751 3124 etiam
773 3058 945 3125 secundum
966 3058 1103 3123 animam
1136 3056 1203 3122 sine
1232 3055 1315 3123 deoi-

183 3163 322 3231 matione
344 3161 523 3248 potuerit?“
547 3160 600 3228 hic
614 3162 825 3248 respondetur,
845 3163 918 3246 qnia
932 3162 1039 3246 utique
1054 3162 1228 3246 simplicem
1245 3162 1316 3226 ani-

285 3349 320 3403 22
338 3348 372 3402 cf.
390 3348 458 3405 Heb.
477 3349 501 3415 7,
519 3349 536 3404 6

237 3522 302 3574 loa
322 3516 364 3574 Vs
460 3523 537 3574 castet
552 3522 581 3573 et
597 3518 668 3574 bona
685 3520 714 3575 Ρ
811 3519 968 3574 nubtiarum
989 3520 1023 3574 Ρ
1122 3519 1213 3575 sinent
1228 3536 1247 3575 o

180 3605 262 3661 silli
280 3605 309 3660 P
391 3604 627 3660 bdaclimotioT
710 3605 914 3674 praefiguranda
925 3605 1098 3661 madicinaP
1181 3605 1317 3661 thabrao

184 3690 213 3745 P
324 3690 395 3760 quod
412 3690 747 3746 curabatur-curabatur
763 3707 814 3746 ooo
835 3691 868 3746 P
989 3692 1133 3746 semrom
1153 3693 1180 3746 Τ
1211 3691 1317 3747 eadem

181 3792 237 3846 qne
253 3780 316 3843 (om.
327 3781 400 3845 nam)
419 3777 462 3832 Po
552 3777 569 3830 9
586 3781 614 3831 et
626 3777 1131 3847 medicamentum-praeuaricationis
1148 3794 1199 3833 om.
1221 3777 1249 3831 V

182 3862 377 3918 medicamento
404 3863 433 3918 P
544 3865 779 3932 praeuaritationis
807 3864 832 3918 Τ
945 3864 979 3919 10
1004 3867 1198 3933 repugnantem
1224 3863 1318 3936 legem

183 3949 212 4003 P
294 3949 327 4003 11
344 3952 522 4019 propagatum
541 3949 569 4003 P
653 3950 686 4004 13
700 3949 905 4019 conpiscentiali
918 3950 945 4004 P
1029 3951 1157 4004 materiae
1173 3949 1247 4005 PVo

183 4048 233 4103 per
246 4033 368 4089 diuinam
381 4037 631 4105 apeoeeemcar
650 4052 700 4090 om.
721 4035 764 4092 Ga
856 4036 888 4090 lo
906 4051 978 4104 quoe
994 4037 1107 4090 mosao
1123 4036 1227 4090 tacturi
1241 4037 1320 4093 aolus

181 4122 291 4176 achabet
312 4122 339 4177 T
440 4124 473 4177 19
489 4122 626 4178 uenatndi
647 4124 722 4194 Tpr.
823 4123 978 4178 26nono:
1000 4122 1097 4178 aar
1197 4124 1320 4181 animam

181 4223 214 4261 a:
242 4209 334 4264 anima
352 4210 378 4263 T
