2760 4814
217 541 281 608 992
700 535 864 605 Euaineii

220 728 344 811 sionem,
374 743 433 808 quo
463 726 521 791 sub
551 725 676 790 nomine
705 726 865 792 seruitutis
888 725 937 791 dei
959 725 1086 809 decipit.
1111 726 1169 808 qui
1193 746 1269 811 crgo
1290 727 1342 791 im-

221 831 380 895 moderato
403 829 489 893 cultu
514 829 649 912 corporis
672 832 765 910 atquo
790 830 923 894 uestitus
954 830 1004 894 nel
1034 834 1215 896 ceterarum
1247 849 1341 896 rerum

219 936 319 998 nitore
347 932 531 1017 praefulget,
571 931 660 997 facile
689 932 886 996 conuincitur
919 930 1010 997 rebus
1044 932 1124 1015 ipsis
1162 951 1341 1016 pomparum

218 1038 333 1103 saeculi
366 1054 431 1101 esse
464 1036 599 1100 sectator
631 1052 688 1098 nec
722 1053 908 1117 quemqnam
942 1034 1025 1099 fallit
1065 1036 1178 1102 dolosa
1211 1038 1342 1121 imagine

219 1137 405 1205 sanctitatis.
442 1138 495 1219 qui
518 1141 623 1202 antem
651 1137 684 1200 in
713 1137 900 1219 professione
928 1137 1175 1204 christianitatis
1200 1140 1364 1205 inusitatos

220 1241 361 1324 squalore
386 1259 421 1305 ac
442 1239 585 1305 sordibus
607 1242 743 1305 intentos
766 1241 798 1305 in
813 1259 846 1305 se
863 1241 1022 1305 bominum
1040 1243 1148 1307 oculos
1164 1242 1254 1321 tacit,
1278 1262 1341 1307 curn

222 1345 255 1409 id
289 1344 451 1408 uoluntate
483 1344 588 1426 faciet,
627 1361 685 1407 non
720 1345 906 1409 necessitate
935 1343 1084 1424 patiatur,
1131 1347 1249 1411 ceteris
1281 1345 1340 1411 eins

225 1448 367 1532 oporibus
389 1448 492 1530 potest
520 1446 629 1524 conici,
660 1451 766 1510 utrum
794 1447 852 1510 troo
879 1450 1039 1512 contemtu
1067 1448 1222 1529 superflui
1247 1447 1342 1513 cultus

224 1571 262 1617 an
286 1551 457 1616 ambitione
479 1548 583 1631 alique
605 1549 711 1624 faeiat,
741 1549 813 1632 quia
835 1553 867 1614 et
889 1549 946 1615 sub
970 1552 1062 1615 onina
1084 1550 1170 1632 pelle
1194 1554 1341 1616 canendos

224 1657 312 1737 lupos
335 1653 479 1719 dominus
501 1653 665 1733 praeeipit;
697 1652 750 1717 sed
774 1672 815 1717 en
836 1653 1050 1731 fructibus,
1081 1655 1197 1735 inquit,
1221 1668 1365 1719 eorumu

223 1757 476 1838 cognoscetis
500 1773 569 1820 eos.
594 1776 666 1820 eum
689 1756 774 1821 enim
797 1757 952 1838 coeperint
975 1756 1133 1838 aliquibus
1150 1756 1342 1822 temtationi·

222 1858 281 1923 bus
304 1877 340 1922 ea
367 1860 436 1940 ipse
466 1858 530 1921 illis
558 1858 700 1923 subtrahi
730 1862 781 1922 uel
803 1860 908 1941 negari
931 1877 1009 1941 quae
1032 1859 1091 1923 isto
1114 1860 1277 1924 uelamine
1298 1859 1341 1924 nel

220 1962 375 2026 consecuti
400 1962 473 2025 sunt
496 1962 547 2026 uel
570 1962 713 2044 consequi
731 1962 869 2043 cupiunt,
892 1963 968 2027 tunc
983 1980 1106 2027 necesse
1123 1964 1175 2028 est
1189 1964 1339 2047 appareat,

220 2066 326 2128 utrum
359 2064 450 2147 lupus
485 2064 517 2128 in
547 2064 639 2128 ouina
666 2065 746 2146 pelle
775 2064 817 2128 sit
845 2084 884 2129 an
914 2067 980 2128 ouis
1009 2064 1041 2129 in
1071 2082 1139 2129 sua.
1179 2069 1339 2131 nonenim

221 2167 382 2249 propterea
416 2172 527 2231 ornatu
557 2167 708 2249 superfluo
738 2168 828 2233 debet
856 2169 995 2249 aspectus
1022 2167 1188 2233 bominum
1211 2169 1363 2235 mulereo

221 2269 418 2347 christianus,
443 2272 515 2352 quia
536 2270 627 2334 illum
649 2288 778 2353 parcum
800 2271 942 2337 habitum
965 2290 1001 2336 ac
1019 2270 1237 2337 necessarium
1253 2273 1340 2337 etiarn

219 2372 416 2436 simulatores
450 2390 540 2456 saepe
573 2378 735 2455 usurpant,
769 2375 806 2437 ut
839 2373 980 2439 incautos
1009 2374 1179 2455 decipiant,
1215 2378 1289 2457 qnia
1312 2377 1339 2437 et

218 2474 290 2539 illac
323 2492 395 2538 oues
425 2493 484 2539 non
513 2475 627 2539 habent
656 2477 805 2559 deponere
827 2476 924 2557 pelles
946 2494 1029 2555 suas,
1056 2476 1083 2541 si
1107 2477 1281 2559 aliqnando
1301 2476 1338 2541 eis

218 2577 283 2660 lupi
306 2596 338 2641 se
360 2580 538 2661 contegunt.

261 2679 373 2759 Quaeri
397 2698 468 2763 ergo
487 2681 575 2756 solet,
593 2681 665 2763 quid
681 2682 723 2745 sit
739 2680 820 2763 quod
836 2681 897 2745 ait:
920 2698 987 2746 uos
1010 2685 1141 2746 antem
1165 2682 1362 2748 ieiunans

217 2784 278 2847 tes
304 2782 468 2865 unguite
492 2783 622 2864 capite
645 2789 780 2848 uestra
802 2786 840 2848 et
861 2784 987 2849 facies
1011 2786 1174 2850 uestras
1197 2786 1337 2859 lanato,

219 2904 264 2950 ne
286 2885 506 2949 uideamini
528 2886 762 2952 bominibus
792 2887 1030 2953 ieiunantes.
1063 2905 1124 2953 non
1149 2889 1235 2953 enim
1260 2889 1338 2971 qnis-

217 2989 303 3071 piam
325 2991 409 3053 recte
431 2990 629 3071 praeceperit,
652 2989 795 3072 quamuis
819 2990 930 3055 faciem
950 2991 1105 3055 cotidiana
1120 2990 1337 3056 consuetudine

216 3092 368 3171 tenemus,
383 3093 484 3158 unctis
496 3095 590 3159 etiam
603 3094 765 3177 capitibus,
781 3114 852 3159 cnm
866 3094 1050 3172 ieiunemus,
1068 3113 1123 3160 nos
1139 3114 1207 3161 esse
1223 3096 1336 3162 debere

217 3195 298 3277 qnod
327 3196 354 3260 si
385 3195 605 3277 turpissimum
636 3216 742 3262 omnes
769 3195 918 3279 fatentur,
949 3198 1193 3282 intellegendum
1218 3203 1269 3263 est
1288 3198 1362 3261 boos

215 3301 413 3381 praeceptum
437 3300 595 3384 unguendi
625 3306 719 3384 capnt
750 3303 781 3366 et
804 3300 915 3367 faciem
938 3301 1064 3366 lauandi
1093 3302 1134 3365 ad
1162 3301 1337 3366 interiorem

215 3399 370 3465 hominem
393 3402 558 3482 pertinere.
590 3421 728 3486 unguere
751 3421 825 3486 ergo
848 3404 940 3486 caput
962 3402 1001 3466 ad
1023 3402 1180 3467 laetitiam
1195 3402 1336 3483 pertinet,

217 3503 320 3568 lauare
343 3505 449 3568 autem
472 3504 586 3570 faciem
607 3506 647 3569 ad
670 3505 883 3585 munditiam„
899 3508 930 3570 et
953 3506 1020 3570 ideo
1044 3506 1139 3587 capnt
1161 3502 1336 3589 unguitqni

218 3605 352 3671 laetatur
374 3607 505 3672 interius
528 3609 632 3671 mente
660 3610 753 3690 atque
775 3608 903 3673 ratione.
927 3607 984 3673 boc
1006 3606 1089 3671 enim
1118 3608 1204 3672 recte
1229 3606 1336 3689 accipi·

217 3728 287 3773 mus
311 3712 414 3793 caput,
451 3710 531 3792 quod
554 3713 584 3775 in
608 3711 714 3775 anima
743 3712 915 3793 praeminet
943 3712 976 3774 et
997 3728 1056 3793 quo
1080 3715 1184 3775 cetera
1206 3708 1361 3775 hominisa

216 3813 283 3897 regi
305 3817 337 3877 et
360 3813 529 3897 gubernari
553 3814 756 3879 manifestum
779 3819 841 3897 est;
871 3816 903 3879 et
924 3813 983 3878 hoc
1005 3814 1082 3879 facit
1103 3812 1158 3895 qui
1181 3832 1245 3879 non
1267 3812 1334 3879 foris

317 3948 351 4001 10
368 3947 465 4002 Meton.
486 3949 510 4015 7,
530 3949 562 4002 15
572 3963 612 4017 sq.

265 4065 282 4118 8
300 4067 436 4119 contemtu
454 4084 486 4121 a:
516 4070 655 4122 contentus
674 4068 729 4122 PV
828 4070 845 4123 9
863 4058 1004 4124 ambition⁰
1021 4074 1046 4133 (e
1063 4068 1129 4124 add.
1148 4072 1228 4138 1112)
1252 4069 1278 4125 V

215 4150 249 4204 10
260 4152 393 4219 praecepit
406 4152 433 4206 P
518 4156 548 4210 11
562 4156 727 4225 cognoscetis
739 4155 818 4209 PV²:
837 4157 1000 4226 cognoscitis
1015 4156 1048 4210 V¹
1136 4158 1170 4211 18
1181 4158 1283 4213 babent
1293 4152 1335 4225 ie!-

214 4234 324 4290 Roma
333 4236 350 4290 l.
360 4252 382 4291 c.
391 4254 420 4306 p.
432 4243 485 4293 447
490 4245 557 4310 sqq.)
571 4241 606 4295 V:
625 4241 720 4296 debent
732 4241 786 4297 ΟΡ
851 4241 884 4296 21
895 4244 990 4312 ungite
1000 4242 1065 4297 PV‘
1133 4243 1170 4300 23
1178 4242 1337 4314 praeceperit

213 4320 266 4377 1³²:
291 4323 448 4391 praeciperit
464 4325 490 4379 V
512 4331 681 4396 praeceperat
699 4327 735 4381 Ρι
823 4326 915 4382 faciem
928 4328 1007 4383 PV‘:
1032 4327 1100 4383 iacis
1117 4327 1153 4383 V¹
1244 4330 1279 4385 26
1294 4344 1337 4383 un·

212 4407 307 4476 gaendi
320 4409 470 4479 (uros-W
546 4412 580 4465 21
598 4428 710 4482 ιιιιςιοτο
728 4412 755 4467 V
830 4413 866 4468 28
882 4414 977 4482 unguit
990 4416 1098 4482 (uras.)
1116 4413 1144 4467 V
1222 4416 1338 4485 oopus

213 4494 312 4549 eminet
330 4494 357 4548 P
451 4496 484 4549 31
502 4495 647 4565 gnbcmari
660 4498 698 4553 P:
715 4512 864 4567 gunemars
880 4498 917 4552 V¹
934 4497 1083 4569 gnbernare
1098 4498 1135 4554 V‘
