2760 4814
199 295 283 363 lm
681 289 848 360 mwi

198 484 284 552 enim
315 483 540 551 testamentum
573 483 606 548 in
634 480 772 564 quinque
800 478 904 564 Moysi
930 478 1020 546 libris
1050 479 1190 562 excellit,
1223 498 1333 548 nounn

197 589 305 656 numm
334 587 404 653 1111
430 585 666 667 euangeliorum
695 582 882 650 auctoritate
902 581 1093 668 praefulget
1133 582 1189 666 qni
1214 584 1333 650 numeri

196 710 253 776 per
279 708 313 756 se
344 689 550 773 multiplicati
579 687 620 755 nd
653 687 846 754 uicenerium
876 685 1078 771 perueniunt3
1108 690 1227 770 qnater
1256 689 1336 755 euin

199 793 287 876 quini
322 793 376 859 uel
413 791 577 876 quinquies
614 791 758 875 quaterni
795 789 856 855 XX
888 790 972 855 sunt
1009 789 1085 856 tnlie
1120 790 1271 875 populns,
1303 794 1336 857 nt

198 895 348 980 praedixi,
386 895 527 961 eruditus
563 894 597 959 in
629 911 725 976 regno
759 894 914 959 coelorum
949 912 1003 976 per
1036 892 1097 959 dno
1133 897 1361 976 testamentus

199 1001 292 1066 notus
315 1001 348 1065 et
374 1017 500 1080 nonum,
523 1015 586 1063 non
608 997 770 1062 declinans
792 996 828 1061 in
850 996 993 1063 dextram
1015 995 1153 1079 superbe
1174 1015 1333 1080 praesum·

199 1104 285 1170 tione
317 1102 460 1169 iustitiae
495 1120 594 1185 neque
622 1102 655 1167 in
683 1101 845 1166 sinistram
877 1119 988 1166 secure
1015 1099 1187 1167 dilectione
1217 1101 1334 1184 peccati

201 1205 234 1273 in
255 1208 374 1273 terrem
395 1206 482 1273 illius
504 1204 719 1290 promissionis
741 1203 883 1288 introbit,
905 1204 961 1270 ubi
975 1204 1038 1271 iem
1054 1206 1187 1287 peccate
1202 1205 1332 1272 ulterim

199 1327 258 1377 nec
283 1310 372 1377 nobis
400 1309 556 1375 domando,
577 1308 724 1390 optemus
747 1325 806 1377 nec
828 1309 971 1374 innotis
993 1307 1154 1390 punienda
1176 1308 1334 1387 timemus,

200 1415 239 1480 ab
266 1413 323 1479 illo
351 1413 527 1478 redemtore
557 1410 695 1494 liberati,
727 1412 871 1495 quinon
899 1411 1096 1477 uennndetns
1126 1411 1187 1477 sub
1210 1414 1362 1496 peccctoo

201 1515 333 1581 redemit
361 1515 483 1580 Israhel
511 1514 551 1579 ab
583 1514 728 1580 omnibus
757 1513 977 1597 iniquitatibus
1009 1515 1074 1579 eins
1107 1513 1176 1580 siue
1212 1515 1335 1600 propris

199 1618 383 1701 cuiusquam
409 1618 478 1684 nitu
498 1619 674 1686 commissis
696 1620 762 1684 sine
784 1617 979 1703 originaliter
1000 1617 1125 1684 trectis.

242 1738 315 1805 Non
347 1741 430 1805 enim
457 1758 569 1823 parurn
591 1738 771 1805 diuinorum
792 1739 1019 1824 scripturarum
1041 1740 1232 1807 auctoritati
1255 1741 1331 1808 neui-

200 1842 321 1927 tutique
344 1847 515 1923 cesserunt,
539 1844 603 1927 qni,
626 1843 687 1910 etsi
709 1843 877 1909 noluerunt
892 1843 1007 1909 litteris
1021 1843 1085 1909 snio
1108 1848 1220 1928 aperte
1235 1846 1333 1930 expri-

201 1964 286 2011 mere
312 1947 453 2029 pnruulis
483 1948 699 2013 remissionom
726 1947 935 2013 necessarium
956 1948 1163 2030 peccatorum,
1188 1948 1361 2017 redemti-n

199 2068 257 2116 one
290 2050 396 2116 tomen
429 2050 474 2117 eis
506 2069 583 2134 opus
617 2069 685 2116 esse
713 2051 847 2117 confossi
876 2054 961 2117 sunt.
996 2051 1057 2116 elio
1086 2053 1204 2136 quippe
1231 2052 1330 2136 umbo,

201 2152 298 2217 etiam
334 2152 402 2236 ipso
439 2153 478 2220 de
511 2154 682 2220 christiano
716 2154 889 2220 eruditione
922 2154 1091 2238 deprenso,
1129 2155 1217 2222 nihil
1249 2155 1330 2223 eliud

200 2255 326 2322 omnino
354 2256 511 2325 dixerunt
548 2277 605 2323 nec
634 2256 845 2323 dubitandum
870 2262 918 2324 est
940 2259 986 2323 eis
1008 2258 1063 2341 qni
1085 2258 1199 2324 diuina
1221 2261 1333 2343 scripte

199 2359 334 2426 fideliter
355 2361 474 2444 legunt,
497 2360 633 2427 fideliter
656 2361 800 2441 audiunt,
823 2360 958 2428 fideliter
980 2364 1097 2442 teuent,
1122 2364 1208 2445 quod
1224 2363 1265 2431 nb
1278 2362 1332 2429 ills

200 2480 301 2541 cerne,
336 2482 416 2547 quoe
447 2464 532 2549 prius
565 2464 730 2531 uoluntate
759 2465 878 2548 peccati
911 2465 995 2532 lecte
1023 2468 1072 2530 est
1099 2483 1172 2532 curo
1201 2466 1361 2553 peccetis

200 2566 344 2650 deinceps
366 2586 422 2651 per
454 2571 682 2635 successionem
704 2571 885 2635 transeunte
906 2572 940 2636 in
962 2588 1069 2635 omues
1090 2570 1333 2653 transcriptione

199 2668 378 2755 iniquitatis
400 2672 435 2737 et
461 2673 571 2738 mortis
600 2691 671 2738 cero
692 2674 735 2740 sit
756 2675 926 2758 propagate
947 2674 1077 2758 peceati,
1101 2672 1251 2760 (excepto
1271 2692 1331 2740 uns

198 2773 406 2842 similitudine
428 2775 529 2841 cernis
552 2775 701 2864 peccati>
724 2795 801 2860 quoe
830 2782 1019 2843 tamennon
1049 2779 1143 2858 esset,
1166 2778 1232 2844 nisi
1253 2781 1333 2844 esset

198 2895 270 2945 cero
296 2878 425 2961 peccat.

241 2984 287 3048 De
310 2983 417 3048 enimc
439 3001 524 3068 uero,
546 2986 655 3048 utrum
678 2985 710 3049 et
731 2987 798 3068 ipse
816 2985 923 3050 eodem
938 2985 1030 3051 modo
1044 2989 1222 3071 propagate
1235 2989 1361 3066 rectus

198 3085 253 3168 qni
276 3087 304 3152 ei
327 3087 518 3167 dimittetur,
541 3088 693 3154 obstricta
715 3089 814 3153 sit-
830 3088 1029 3171 nequeenim
1047 3106 1215 3170 possumus
1231 3090 1330 3157 dicere

196 3190 294 3255 solem
323 3207 449 3257 curnem
477 3191 612 3274 paruuli,
636 3210 697 3257 non
719 3193 816 3257 etiem
838 3194 976 3259 animam
997 3192 1141 3277 indigere
1163 3194 1331 3261 saluatoris

198 3297 229 3357 et
250 3293 435 3360 redemtoris
458 3295 572 3361 auxilio
593 3295 790 3379 alienamque
810 3314 875 3361 esse
898 3296 937 3361 ab
953 3314 990 3361 ee
1003 3296 1182 3381 gratiarnm
1196 3299 1330 3373 notione.

196 3414 275 3477 quoe
291 3397 324 3461 in
338 3398 469 3480 psalmis
486 3399 543 3477 est,
558 3397 615 3464 nbi
629 3399 763 3483 legimns
778 3403 810 3465 et
823 3400 973 3465 dicimus:
997 3399 1184 3481 benedic,
1199 3402 1331 3468 animo

196 3516 293 3580 mea,
323 3499 540 3582 dominnm,
570 3503 609 3567 et
631 3503 713 3569 noli
740 3502 929 3570 obliuisci
958 3521 1089 3569 omnes
1112 3504 1360 3572 retributio

195 3619 284 3666 ones
306 3603 408 3685 eius,
438 3606 504 3689 qui
526 3606 727 3689 propitius
750 3607 802 3671 fit
824 3608 1006 3674 omnibns
1029 3607 1330 3690 iniquitatibus

196 3704 290 3788 tuis,
320 3708 388 3789 qui
415 3711 529 3774 senat
557 3727 687 3775 omnes
710 3710 902 3794 langores
931 3714 1036 3790 tuos,
1064 3711 1134 3793 qui
1159 3713 1332 3778 redimet

295 3891 561 3966 mmm&

244 4058 402 4116 8intrnbit
423 4080 454 4118 c:
490 4066 608 4122 intrauit
634 4068 661 4122 V
761 4068 796 4122 22
819 4070 1060 4139 excepto-cernis
1082 4070 1189 4138 peccati
1213 4088 1246 4125 a:
1282 4087 1333 4128 oon

192 4145 258 4203 MV
357 4149 391 4204 27
410 4152 528 4207 enimam
546 4172 577 4209 a:
604 4156 696 4210 enimn
718 4156 745 4211 V
845 4157 880 4212 28
898 4157 1002 4211 notione
1019 4173 1051 4211 a:
1080 4157 1216 4212 actionem
1239 4157 1269 4215 V

191 4232 227 4286 32
244 4232 359 4290 redimet
377 4236 413 4290 V:
442 4239 552 4294 redimit
571 4257 589 4294 o
608 4247 662 4312 (qr.
679 4239 880 4317 λυτρούμενον)
