2760 4814
173 324 239 392 250
655 318 819 391 Eugippii

174 516 227 577 tue
261 511 317 577 eat.
354 511 441 576 eexto
475 509 526 575 die
557 508 592 574 iu
614 506 729 575 Generi
761 507 916 574 formatur
945 507 1037 573 homo
1067 508 1107 572 ad
1128 506 1299 592 imaginem

173 613 240 681 dei:
273 615 361 681 sexta
388 616 491 680 aetate
520 612 638 679 aaoouli
670 611 892 679 manifestatur
919 611 1100 677 reformatio
1129 617 1237 677 nostra
1267 614 1301 678 in

173 717 313 783 nouitate
345 717 460 783 mentia
493 715 662 782 seeundum
695 715 864 799 imaginem
898 715 965 781 eine
999 715 1054 798 qui
1082 716 1202 782 creauit
1231 734 1299 794 noe,

172 820 256 887 siout
288 818 368 886 dioit
400 818 568 903 apostolus.
605 819 642 884 lit
670 818 737 884 uiro
770 818 940 884 dormienti
970 818 1101 883 coniunx
1123 818 1161 883 de
1183 820 1298 884 latere:

171 921 210 990 fit
231 921 355 990 (thrieto
377 922 522 989 morienti
546 921 677 989 eoeleeia
698 922 736 987 de
756 923 949 988 eaeremento
979 920 1150 1004 sanguinis,
1183 922 1238 1004 qui
1261 923 1299 989 de
1321 949 1336 992 e

172 1026 270 1094 latere
300 1026 419 1093 mortui
450 1025 607 1108 produxit.
644 1029 774 1092 uooetur
802 1024 870 1090 hina
902 1025 978 1104 uite,
1013 1025 1114 1090 mater
1141 1024 1297 1107 uiuorum,

172 1147 251 1213 quae
278 1130 317 1195 de
346 1127 409 1194 uiri
431 1127 482 1195 oui
503 1128 602 1195 latere
625 1126 708 1194 faeta
730 1130 793 1192 eet:
823 1132 856 1192 et
878 1127 956 1193 dieit
978 1127 1123 1193 domium
1144 1127 1178 1193 in
1200 1146 1298 1194 euan-

170 1231 268 1317 gelio:
299 1232 332 1299 oi
362 1233 449 1315 quie
481 1250 553 1298 non
585 1232 885 1299 manduoenerit
918 1249 1074 1298 earnem
1107 1249 1229 1297 meam
1260 1235 1300 1297 et

170 1332 321 1403 hiberit
343 1335 575 1420 sangninem
596 1354 735 1414 meum,
759 1353 833 1402 non
854 1334 1018 1402 habebit
1038 1335 1078 1400 in
1100 1352 1141 1400 ee
1163 1337 1298 1402 uitam.

171 1440 204 1504 et
236 1439 351 1517 omnia,
385 1456 462 1520 quae
496 1438 562 1504 illio
590 1438 828 1521 intelleguntur,
858 1439 1019 1505 enucleate
1051 1439 1298 1521 minutatimque
1308 1467 1336 1508 ro

170 1542 346 1620 traotanda,
375 1540 537 1608 Christum
562 1543 595 1607 et
616 1541 781 1608 eooleeiem
810 1541 1032 1624 preeloouutur
1061 1542 1128 1608 eine
1148 1543 1183 1607 in
1205 1541 1298 1609 honie

170 1643 346 1711 christianis
368 1646 434 1710 elue
455 1645 489 1710 in
509 1644 610 1712 malis.
648 1665 748 1729 neque
769 1649 854 1712 enim
875 1646 994 1713 frustra
1014 1646 1096 1713 dixit
1119 1647 1297 1731 apostolus:

169 1748 303 1824 Adam,
341 1748 406 1831 qui
443 1748 504 1814 eet
541 1745 668 1813 forma
704 1748 852 1832 futuri3
889 1754 921 1815 et
957 1749 1054 1814 illud:
1091 1749 1297 1832 relinquet

169 1849 280 1916 homo
302 1851 454 1933 petrem
477 1851 516 1916 et
536 1854 698 1916 matrem
723 1855 762 1916 et
783 1851 1024 1918 adhaerebit
1055 1852 1166 1918 uxori
1188 1870 1297 1930 suae,

169 1956 208 2019 et
237 1956 353 2019 erunt
387 1952 459 2018 dno
490 1954 529 2018 in
557 1970 677 2020 earne
710 1973 797 2020 una.
835 1959 1150 2033 recrementum,
1180 1955 1337 2040 iuquitre

168 2055 241 2125 hoo
270 2073 453 2141 magnum
483 2057 559 2138 eet,
589 2075 658 2142 ego
684 2061 815 2123 autem
837 2057 927 2124 dieo
948 2058 990 2124 in
1011 2056 1174 2127 Christo
1195 2062 1233 2127 ot
1255 2060 1298 2126 in

169 2159 352 2229 ecelesia
390 2159 461 2244 quis
489 2160 573 2227 enim
602 2180 664 2227 nou
693 2165 841 2245 agnorant
863 2160 1023 2228 Christum
1049 2179 1084 2227 eo
1106 2160 1198 2228 modo
1219 2161 1298 2229 reli·

168 2264 272 2348 quisse
293 2267 423 2346 patrem,
455 2282 524 2347 qno,
554 2283 639 2330 oum
660 2264 701 2330 in
722 2266 847 2331 forme
868 2264 928 2331 dei
951 2265 1074 2342 eeaet,
1097 2281 1170 2330 non
1192 2265 1299 2347 rapi·

167 2384 253 2432 nam
282 2367 509 2434 arbitratus
543 2370 603 2434 est
633 2385 716 2433 esee
747 2366 926 2452 aequalis
956 2367 1038 2447 deo,
1074 2367 1142 2434 eed
1170 2370 1298 2434 semet

166 2470 296 2553 ipsum
317 2469 543 2536 exinaniuit
565 2469 727 2536 sormam
748 2472 859 2536 serui
882 2469 1111 2556 accipiens?
1133 2469 1335 2555 reliquissem

167 2572 262 2637 etiam
283 2576 427 2651 matrem,
447 2589 635 2658 synagogam
650 2572 837 2640 Iudaeomm
855 2574 953 2639 ueteri
975 2573 1165 2639 testamento
1185 2591 1296 2640 oerne-

166 2675 241 2741 liter
261 2673 485 2759 inhaerentem,
507 2680 539 2741 et
560 2675 738 2744 adhaesisse
767 2679 854 2743 urori
884 2695 958 2743 suae
987 2682 1114 2743 sanotae
1135 2677 1296 2762 eeclesiae,

166 2780 203 2844 ut
224 2795 300 2863 paoe
321 2778 395 2844 noui
424 2779 604 2845 testamenti
627 2783 731 2846 essent
753 2779 812 2846 duo
833 2778 868 2845 in
889 2798 982 2846 carne
1004 2782 1094 2847 uua?
1124 2779 1197 2866 quie
1224 2797 1297 2846 oum

166 2879 210 2946 eit
241 2879 315 2975 deuo
348 2881 430 2964 opud
466 2883 599 2966 patrem,
635 2901 703 2976 per
722 2900 814 2965 quem
848 2882 925 2950 laeti
957 2901 1076 2962 sumus,
1112 2882 1215 2949 faetus
1248 2884 1297 2949 eet

163 3002 220 3068 per
253 3000 376 3050 earnem
408 2984 562 3069 partioepe
594 2988 708 3061 noster,
744 2988 782 3052 nt
814 2985 899 3052 illine
932 2986 1043 3070 eapitie
1079 3004 1189 3071 eorpus
1227 3004 1334 3056 essere

164 3104 328 3172 posermuo.

268 3273 336 3330 lod.
354 3272 420 3332 (ion.
440 3275 464 3339 1,
481 3273 515 3327 27
600 3273 667 3332 dol.
686 3272 832 3342 ceroma,
852 3275 886 3331 10
975 3275 1047 3330 dol.
1064 3273 1131 3332 (den.
1147 3276 1173 3345 2,
1191 3275 1228 3332 22

164 3358 427 3424 aculonem
528 3358 721 3426 eleeto
825 3360 1072 3428 marmure
1172 3363 1297 3434 Epiri),

163 3445 197 3501 31
207 3460 248 3516 oq.
351 3445 386 3501 18
401 3443 519 3515 Philipp.
537 3445 562 3513 2,
580 3445 644 3516 deq.

216 3615 388 3673 loetooae
472 3615 658 3672 dnouitatem
675 3617 748 3673 DPo
833 3618 934 3674 menti·
947 3622 1050 3690 (orae.)
1063 3619 1092 3674 P
1177 3620 1295 3677 deiouti

163 3701 193 3756 D
295 3701 364 3770 uiro]
386 3716 448 3757 uero
470 3701 597 3758 D¹M¹V¹
705 3703 853 3758 dormiente
874 3705 921 3759 Du
1027 3705 1123 3761 ooniux
1143 3705 1230 3762 DPP

163 3786 378 3843 dmorienteDo
464 3788 648 3859 dprodixitT
725 3790 845 3860 uooeturl
858 3790 1019 3847 uoeauitD¹
1105 3791 1177 3861 det]
1195 3795 1224 3847 et
1242 3809 1297 3848 non

162 3871 237 3943 DPo
327 3873 561 3953 luminumque
580 3874 608 3930 P
698 3876 729 3931 11
748 3881 799 3948 xpo
816 3876 857 3931 12¹
942 3877 1155 3948 praeloquuntur
1170 3878 1229 3933 Μ’

163 3957 197 4013 13
213 3957 251 4028 at]
270 3960 347 4015 utT
437 3960 472 4016 14
487 3976 567 4016 uxore
583 3960 614 4016 D
704 3962 737 4018 15
754 3960 822 4017 duae
839 3962 867 4018 P
951 3962 1001 4019 hoo
1018 3962 1109 4033 inquit
1124 3963 1225 4022 DPTo

163 4063 197 4118 re
213 4077 266 4132 quo
276 4062 474 4120 rummare:
497 4063 544 4134 qur
554 4061 633 4119 one
718 4050 841 4133 nprnah
854 4065 892 4132 <m
904 4065 955 4121 aer.
967 4068 1045 4135 aa)
1062 4066 1093 4122 υ
1186 4068 1220 4123 re
1237 4083 1299 4124 eree

163 4146 363 4218 reeequaleP
447 4147 837 4207 lamheamrherieeee
922 4151 1011 4206 reah
1094 4151 1297 4207 PltnortriD¹

162 4233 232 4288 ΡΨ
330 4234 365 4290 26
382 4250 517 4307 poeaemue
534 4233 633 4292 DPTo
