2760 4814
615 295 779 364 Eugippii

610 517 778 603 OOXXV.

131 709 226 769 QVOD
249 709 456 758 VNIGENITVS
478 710 537 756 DEI
559 708 671 758 marvo
692 709 850 757 PROPTER
866 708 1011 756 FORMAM
1031 707 1131 755 seicvl
1148 708 1264 757 molt

132 813 244 860 Perae:
272 813 433 877 DICATVR,
466 813 527 873 QVI
554 813 592 860 m
620 812 737 861 FORMA
767 813 827 859 DEI
856 810 1025 872 AEQVALIS
1054 809 1116 857 EST
1145 811 1262 860 PATRI.

203 914 251 961 EX
272 914 375 963 LIBRO
398 915 444 962 Du
466 914 650 962 TRINITATE
672 914 781 962 SVPRA
803 912 956 974 SCRIPTO,
980 912 1106 961 TITVLO
1128 913 1192 962 vn.

75 1057 139 1123 244
183 1052 254 1138 [His
276 1055 308 1118 et
330 1052 446 1119 talibus
463 1053 642 1118 diuinarum
664 1052 893 1135 scripturarum
915 1051 1115 1129 testimoniis,
1137 1049 1264 1134 quibus,
1287 1068 1302 1110 s

137 1158 173 1219 nt
207 1155 287 1234 dixi,
325 1157 442 1238 priores
475 1156 627 1240 copiosius
665 1155 712 1222 usi
746 1160 1002 1240 expugnauerunt
1034 1152 1264 1220 haereticorum

137 1259 217 1324 tales
247 1257 417 1324 calumnias
441 1258 491 1323 uel
514 1276 640 1338 errores,
663 1257 840 1324 insinuatur
861 1259 931 1325 fidei
955 1258 1077 1324 nostrae
1099 1257 1209 1322 unitae
1232 1257 1264 1320 et

139 1362 310 1445 aequalitas
325 1361 487 1428 trinitatis.
509 1361 577 1445 sed]
608 1362 682 1444 quia
705 1362 806 1426 multa
827 1361 861 1426 in
884 1362 1000 1426 sanctis
1022 1359 1113 1426 libris
1136 1362 1265 1443 propter

134 1463 380 1529 incarnationem
414 1464 501 1529 uerbi
535 1467 593 1543 dei,
627 1484 706 1547 quae
739 1482 793 1548 pro
827 1464 928 1528 salute
959 1465 1065 1529 nostra
1088 1462 1265 1545 reparanda

136 1567 218 1632 tauta
251 1570 308 1644 est,
342 1568 378 1632 ut
406 1566 557 1632 mediator
586 1567 635 1632 dei
658 1570 690 1632 et
712 1567 873 1632 hominum
897 1570 978 1632 esset
1003 1567 1094 1631 homo
1118 1565 1264 1632 christus
1273 1589 1300 1630 ro

136 1667 233 1749 Iesus,
263 1669 308 1735 ita
336 1670 489 1748 dicuntur,
519 1676 554 1735 ut
584 1671 734 1735 maiorem
763 1669 827 1735 iiiio
856 1672 976 1753 patrem
1003 1668 1181 1753 significent
1211 1668 1263 1733 uel

138 1771 234 1837 etiam
264 1773 456 1854 apertissime
478 1776 658 1838 ostendant:
689 1777 873 1837 errauerunt
896 1772 1037 1837 hominos
1059 1773 1164 1837 minus
1189 1773 1263 1838 dili·

138 1876 255 1960 gentes,
278 1878 450 1941 scrutantes
466 1874 517 1940 uel
531 1875 689 1941 intuentes
704 1876 882 1941 uniuersam
897 1877 1010 1941 seriem
1024 1874 1263 1957 scripturarum,

139 1980 171 2044 et
192 1995 328 2060 eaquae
350 1980 387 2044 de
404 1978 528 2045 Christo
550 1978 622 2043 Iesu
644 1981 812 2045 secundum
835 1979 994 2044 hominem
1020 1978 1104 2045 diota
1126 1983 1202 2044 sunt
1225 1978 1266 2045 ad

139 2082 205 2147 eius
227 2082 449 2161 substantiam,
472 2100 551 2166 quae
574 2086 648 2148 ante
670 2084 916 2149 incarnationem
932 2082 1122 2165 sempiterna
1141 2086 1211 2148 erat
1233 2086 1299 2150 stu

139 2185 326 2270 sempiterna
348 2190 404 2273 est,
434 2186 600 2253 transferre
622 2187 724 2252 conati
746 2187 830 2253 sunt.
868 2187 899 2252 et
929 2185 978 2250 iili
1001 2185 1129 2269 quidem
1152 2185 1264 2251 dicunt

139 2288 292 2356 minorem
321 2309 387 2355 esse
417 2289 526 2368 tilium,
549 2309 644 2372 quam
665 2291 755 2374 pater
776 2293 833 2370 est,
856 2289 929 2372 quia
951 2289 1102 2372 scriptum
1126 2290 1176 2354 est
1196 2290 1263 2372 ipso

140 2394 263 2459 domino
307 2394 444 2460 dicente:
487 2393 600 2476 pater
635 2394 757 2458 maior
792 2411 850 2458 me
887 2395 957 2457 est.
1004 2391 1120 2457 ueritas
1159 2394 1265 2458 antem

141 2497 277 2562 ostendit
313 2498 484 2563 secundum
520 2496 618 2563 istum
651 2496 777 2562 modum
810 2497 907 2561 etiam
939 2514 973 2561 se
1006 2495 1075 2579 ipso
1111 2496 1264 2562 minorem

140 2597 258 2676 filium;
291 2599 444 2682 quomodo
473 2601 557 2665 onim
586 2619 648 2665 non
677 2600 773 2665 etiam
800 2618 833 2666 se
867 2599 933 2683 ipso
956 2597 1059 2665 minor
1087 2599 1189 2666 factus
1217 2605 1297 2668 estro

142 2700 196 2785 qui
226 2702 354 2769 semet
381 2703 507 2785 ipsum
537 2703 762 2770 exinaniuit
792 2704 955 2769 formam
983 2705 1093 2768 serui
1117 2706 1265 2790 accipi·

143 2809 234 2871 ens?
256 2824 352 2889 neque
375 2805 458 2871 enim
481 2806 525 2873 sic
547 2807 667 2892 accepit
690 2806 822 2873 formam
843 2806 935 2887 serui,
959 2807 995 2873 ut
1017 2809 1181 2873 amitteret
1203 2808 1265 2874 for·

142 2927 224 2976 mam
250 2909 309 2988 dei,
332 2911 365 2975 in
387 2927 448 2992 qua
469 2914 536 2976 erat
558 2911 696 2993 aequalis
726 2912 819 2995 patri.
856 2912 883 2976 si
906 2929 978 2995 ergo
1001 2910 1047 2976 ita
1069 2915 1198 2994 accepta
1219 2916 1266 2976 est

143 3013 244 3078 forma
265 3013 357 3097 serui,
387 3017 424 3078 ut
445 3032 506 3079 nou
527 3014 725 3079 amitteretur
746 3013 848 3080 forma
870 3014 929 3098 dei,
961 3032 1032 3079 cum
1055 3017 1087 3079 et
1109 3015 1144 3081 in
1167 3015 1267 3081 iorma

144 3117 227 3184 serui
249 3119 282 3183 et
303 3117 336 3182 iu
358 3116 459 3183 forma
481 3117 532 3182 dei
554 3116 637 3182 idem
656 3118 721 3200 ipse
736 3119 778 3184 sit
794 3119 876 3183 filius
894 3117 1072 3202 unigenitus
1088 3118 1140 3183 dei
1155 3118 1299 3200 patriae

144 3221 177 3285 in
199 3222 300 3287 forma
329 3221 379 3287 dei
410 3221 548 3304 aequalis
577 3221 669 3304 patri,
700 3221 732 3286 in
760 3221 861 3286 forma
882 3221 964 3287 serui
988 3221 1141 3286 mediator
1165 3222 1215 3287 dei
1236 3226 1268 3286 et

144 3325 317 3405 hominum,
340 3325 432 3391 homo
455 3324 596 3392 Christus
619 3327 722 3391 Iesus:
753 3324 822 3407 quis
845 3343 906 3391 non
927 3324 1105 3408 intellegat,
1129 3325 1213 3408 quod
1234 3325 1268 3391 in

249 3510 530 3577 mammae
622 3508 824 3577 mmmm
918 3508 1168 3578 awmmau

198 3683 292 3752 lcap.
311 3680 459 3737 CCXXVII
477 3682 505 3735 A
534 3678 685 3736 CCXLIIII
702 3679 731 3733 P
758 3677 873 3734 CCXLV
892 3679 934 3734 Ga
1036 3681 1111 3750 401]
1131 3697 1161 3735 ex
1179 3681 1273 3737 codem

146 3767 246 3823 AGPo
330 3783 411 3836 snpra
428 3767 536 3836 scripto]
553 3782 603 3822 om.
622 3766 722 3821 AGPo
806 3764 890 3820 titulo
903 3765 966 3836 VII]
985 3782 1035 3821 om.
1053 3767 1081 3820 A
1167 3767 1274 3837 faucae

146 3853 258 3908 uncinis
281 3853 382 3907 iactari
404 3867 456 3907 om.
478 3851 542 3907 MV
648 3852 664 3906 6
688 3851 865 3906 hereticorum
888 3852 961 3908 AGo
1064 3853 1079 3905 7
1106 3853 1273 3924 insinuatur]

146 3940 175 3993 et
191 3939 328 3993 insinuate
346 3939 388 3992 est
407 3938 461 3994 (Ρη
564 3939 598 3992 12
614 3938 754 3993 ostendent
774 3938 802 3994 V
899 3937 1043 4007 diligentes
1059 3937 1096 3992 V:
1126 3938 1275 4009 diligenter

146 4025 191 4078 Ao
290 4024 323 4078 13
340 4022 513 4079 uniuersaV
614 4025 646 4079 14
663 4039 731 4094 qnae
748 4024 832 4079 Ado:
859 4039 909 4078 om.
931 4022 959 4078 V
1059 4024 1092 4078 17
1110 4024 1201 4080 tilium
1218 4042 1276 4082 esse

148 4130 193 4185 Ao
277 4131 354 4198 poter
372 4132 414 4182 est
432 4126 499 4181 AV:
526 4131 663 4195 pstremo
750 4129 782 4182 18
800 4110 932 4213 dicentem
950 4129 977 4181 A
1065 4128 1097 4182 19
1115 4129 1274 4200 secundum]

148 4249 177 4288 se
190 4229 376 4287 secundumV
459 4228 494 4282 20
510 4229 607 4299 minor]
625 4245 710 4285 omo
796 4229 830 4283 25
847 4230 932 4298 patris
949 4229 1017 4284 AV:
1043 4228 1130 4297 patris
1143 4232 1171 4284 et
1188 4249 1207 4287 o
