<?xml version="1.0" encoding="UTF-8"?>
<!DOCTYPE html PUBLIC "-//W3C//DTD XHTML 1.0 Transitional//EN"
    "http://www.w3.org/TR/xhtml1/DTD/xhtml1-transitional.dtd">
<html xmlns="http://www.w3.org/1999/xhtml" xml:lang="en" lang="en">
 <head>
  <title>
</title>
<meta http-equiv="Content-Type" content="text/html;charset=utf-8" />
  <meta name='ocr-system' content='tesseract 3.04.00' />
  <meta name='ocr-capabilities' content='ocr_page ocr_carea ocr_par ocr_line ocrx_word'/>
</head>
<body>
  <div class='ocr_page' id='page_1' title='image "./evgippiiexcerpt00kngoog/evgippiiexcerpt00kngoog_0176.png"; bbox 0 0 2760 4814; ppageno 0'>
   <div class='ocr_carea' id='block_1_1' title="bbox 334 534 1216 606">
    <p class='ocr_par' dir='ltr' id='par_1_1' title="bbox 334 534 1216 606">
     <span class='ocr_line' id='line_1_1' title="bbox 334 534 1216 606; baseline 0.005 -15"><span class='ocrx_word' id='word_1_1' title='bbox 334 535 501 606; x_wconf 81' lang='lat' dir='ltr'><strong>llrcerpta</strong></span> <span class='ocrx_word' id='word_1_2' title='bbox 516 551 552 590; x_wconf 89' lang='lat' dir='ltr'><strong>er</strong></span> <span class='ocrx_word' id='word_1_3' title='bbox 569 550 639 605; x_wconf 93' lang='lat' dir='ltr'><strong>opp.</strong></span> <span class='ocrx_word' id='word_1_4' title='bbox 657 535 684 591; x_wconf 80' lang='lat' dir='ltr'><strong>S.</strong></span> <span class='ocrx_word' id='word_1_5' title='bbox 702 535 894 606; x_wconf 76' lang='lat' dir='ltr'><strong>Augustini</strong></span> <span class='ocrx_word' id='word_1_6' title='bbox 913 534 963 590; x_wconf 75' lang='lat' dir='ltr'><strong>XI.</strong></span> <span class='ocrx_word' id='word_1_7' title='bbox 1153 539 1216 606; x_wconf 80' lang='lat'><strong>135</strong></span> 
     </span>
    </p>
   </div>
   <div class='ocr_carea' id='block_1_2' title="bbox 42 724 1215 3510">
    <p class='ocr_par' dir='ltr' id='par_1_2' title="bbox 42 724 1215 3510">
     <span class='ocr_line' id='line_1_2' title="bbox 76 724 1214 811; baseline 0 -18"><span class='ocrx_word' id='word_1_8' title='bbox 76 727 251 793; x_wconf 73' lang='lat' dir='ltr'><strong>creabilem</strong></span> <span class='ocrx_word' id='word_1_9' title='bbox 280 725 448 792; x_wconf 86' lang='lat' dir='ltr'><strong>materiam</strong></span> <span class='ocrx_word' id='word_1_10' title='bbox 477 725 557 791; x_wconf 84' lang='lat' dir='ltr'><strong>caeli</strong></span> <span class='ocrx_word' id='word_1_11' title='bbox 584 728 617 789; x_wconf 92' lang='lat' dir='ltr'><strong>et</strong></span> <span class='ocrx_word' id='word_1_12' title='bbox 647 724 749 790; x_wconf 87' lang='lat' dir='ltr'><strong>terrae</strong></span> <span class='ocrx_word' id='word_1_13' title='bbox 777 725 823 789; x_wconf 91' lang='lat' dir='ltr'><strong>sio</strong></span> <span class='ocrx_word' id='word_1_14' title='bbox 845 743 911 790; x_wconf 91' lang='lat' dir='ltr'><strong>esse</strong></span> <span class='ocrx_word' id='word_1_15' title='bbox 934 725 1033 791; x_wconf 85' lang='lat' dir='ltr'><strong>credit</strong></span> <span class='ocrx_word' id='word_1_16' title='bbox 1055 728 1214 811; x_wconf 89' lang='lat' dir='ltr'><strong>cognomi-</strong></span> 
     </span>
     <span class='ocr_line' id='line_1_3' title="bbox 76 827 1213 912; baseline 0 -15"><span class='ocrx_word' id='word_1_17' title='bbox 76 836 197 912; x_wconf 87' lang='lat' dir='ltr'><strong>natam,</strong></span> <span class='ocrx_word' id='word_1_18' title='bbox 228 828 309 894; x_wconf 87' lang='lat' dir='ltr'><strong>alins</strong></span> <span class='ocrx_word' id='word_1_19' title='bbox 338 828 405 894; x_wconf 93' lang='lat' dir='ltr'><strong>iam</strong></span> <span class='ocrx_word' id='word_1_20' title='bbox 426 827 576 894; x_wconf 85' lang='lat' dir='ltr'><strong>formatas</strong></span> <span class='ocrx_word' id='word_1_21' title='bbox 599 827 828 911; x_wconf 86' lang='lat' dir='ltr'><strong>distinctasque</strong></span> <span class='ocrx_word' id='word_1_22' title='bbox 850 830 989 911; x_wconf 70' lang='lat' dir='ltr'><strong>naturas,</strong></span> <span class='ocrx_word' id='word_1_23' title='bbox 1012 828 1094 895; x_wconf 87' lang='lat' dir='ltr'><strong>alins</strong></span> <span class='ocrx_word' id='word_1_24' title='bbox 1117 847 1213 897; x_wconf 86' lang='lat' dir='ltr'><strong>unam</strong></span> 
     </span>
     <span class='ocr_line' id='line_1_4' title="bbox 77 929 1213 1014; baseline 0.001 -16"><span class='ocrx_word' id='word_1_25' title='bbox 77 934 247 999; x_wconf 82' lang='lat' dir='ltr'><strong>formatam</strong></span> <span class='ocrx_word' id='word_1_26' title='bbox 269 932 461 1014; x_wconf 85' lang='lat' dir='ltr'><strong>eandemque</strong></span> <span class='ocrx_word' id='word_1_27' title='bbox 481 930 656 1014; x_wconf 83' lang='lat' dir='ltr'><strong>spiritalem</strong></span> <span class='ocrx_word' id='word_1_28' title='bbox 672 930 750 996; x_wconf 86' lang='lat' dir='ltr'><strong>caeli</strong></span> <span class='ocrx_word' id='word_1_29' title='bbox 771 931 907 1009; x_wconf 85' lang='lat' dir='ltr'><strong>nomine,</strong></span> <span class='ocrx_word' id='word_1_30' title='bbox 930 929 1026 997; x_wconf 91' lang='lat' dir='ltr'><strong>aliam</strong></span> <span class='ocrx_word' id='word_1_31' title='bbox 1048 932 1213 999; x_wconf 81' lang='lat' dir='ltr'><strong>informem</strong></span> 
     </span>
     <span class='ocr_line' id='line_1_5' title="bbox 77 1033 1214 1120; baseline 0 -17"><span class='ocrx_word' id='word_1_32' title='bbox 77 1037 249 1120; x_wconf 83' lang='lat' dir='ltr'><strong>corporalis</strong></span> <span class='ocrx_word' id='word_1_33' title='bbox 278 1034 430 1101; x_wconf 89' lang='lat' dir='ltr'><strong>materiae</strong></span> <span class='ocrx_word' id='word_1_34' title='bbox 457 1038 558 1100; x_wconf 85' lang='lat' dir='ltr'><strong>terrae</strong></span> <span class='ocrx_word' id='word_1_35' title='bbox 586 1035 723 1100; x_wconf 88' lang='lat' dir='ltr'><strong>nomine.</strong></span> <span class='ocrx_word' id='word_1_36' title='bbox 760 1033 814 1117; x_wconf 91' lang='lat' dir='ltr'><strong>qui</strong></span> <span class='ocrx_word' id='word_1_37' title='bbox 841 1037 946 1101; x_wconf 88' lang='lat' dir='ltr'><strong>antem</strong></span> <span class='ocrx_word' id='word_1_38' title='bbox 969 1036 1159 1120; x_wconf 85' lang='lat' dir='ltr'><strong>intellegunt</strong></span> <span class='ocrx_word' id='word_1_39' title='bbox 1180 1039 1214 1103; x_wconf 96' lang='lat' dir='ltr'><strong>in</strong></span> 
     </span>
     <span class='ocr_line' id='line_1_6' title="bbox 57 1137 1215 1226; baseline 0.004 -22"><span class='ocrx_word' id='word_1_40' title='bbox 57 1141 259 1206; x_wconf 77' lang='lat' dir='ltr'><strong>onominibus</strong></span> <span class='ocrx_word' id='word_1_41' title='bbox 287 1139 368 1205; x_wconf 89' lang='lat' dir='ltr'><strong>caeli</strong></span> <span class='ocrx_word' id='word_1_42' title='bbox 391 1143 423 1203; x_wconf 90' lang='lat' dir='ltr'><strong>ot</strong></span> <span class='ocrx_word' id='word_1_43' title='bbox 445 1139 547 1204; x_wconf 86' lang='lat' dir='ltr'><strong>terras</strong></span> <span class='ocrx_word' id='word_1_44' title='bbox 570 1138 675 1203; x_wconf 85' lang='lat' dir='ltr'><strong>adhue</strong></span> <span class='ocrx_word' id='word_1_45' title='bbox 697 1137 864 1202; x_wconf 86' lang='lat' dir='ltr'><strong>informem</strong></span> <span class='ocrx_word' id='word_1_46' title='bbox 886 1139 1061 1218; x_wconf 72' lang='lat' dir='ltr'>materiam,</span> <span class='ocrx_word' id='word_1_47' title='bbox 1089 1145 1127 1206; x_wconf 85' lang='lat' dir='ltr'><strong>ds</strong></span> <span class='ocrx_word' id='word_1_48' title='bbox 1151 1161 1215 1226; x_wconf 92' lang='lat' dir='ltr'><strong>qua</strong></span> 
     </span>
     <span class='ocr_line' id='line_1_7' title="bbox 76 1240 1213 1327; baseline 0.001 -18"><span class='ocrx_word' id='word_1_49' title='bbox 76 1246 267 1310; x_wconf 69' lang='lat' dir='ltr'><strong>formaretur</strong></span> <span class='ocrx_word' id='word_1_50' title='bbox 300 1240 425 1308; x_wconf 89' lang='lat' dir='ltr'><strong>caelum</strong></span> <span class='ocrx_word' id='word_1_51' title='bbox 453 1244 485 1307; x_wconf 90' lang='lat' dir='ltr'><strong>et</strong></span> <span class='ocrx_word' id='word_1_52' title='bbox 513 1242 607 1324; x_wconf 87' lang='lat' dir='ltr'><strong>terra,</strong></span> <span class='ocrx_word' id='word_1_53' title='bbox 640 1258 699 1307; x_wconf 89' lang='lat' dir='ltr'><strong>noo</strong></span> <span class='ocrx_word' id='word_1_54' title='bbox 727 1241 787 1323; x_wconf 87' lang='lat' dir='ltr'><strong>ipsi</strong></span> <span class='ocrx_word' id='word_1_55' title='bbox 810 1260 870 1307; x_wconf 91' lang='lat' dir='ltr'><strong>uno</strong></span> <span class='ocrx_word' id='word_1_56' title='bbox 893 1244 983 1307; x_wconf 92' lang='lat' dir='ltr'><strong>modo</strong></span> <span class='ocrx_word' id='word_1_57' title='bbox 1015 1245 1213 1327; x_wconf 85' lang='lat' dir='ltr'><strong>intellegunt,</strong></span> 
     </span>
     <span class='ocr_line' id='line_1_8' title="bbox 74 1345 1214 1431; baseline 0.001 -17"><span class='ocrx_word' id='word_1_58' title='bbox 74 1351 127 1414; x_wconf 82' lang='lat' dir='ltr'><strong>sed</strong></span> <span class='ocrx_word' id='word_1_59' title='bbox 173 1347 257 1412; x_wconf 89' lang='lat' dir='ltr'><strong>alins</strong></span> <span class='ocrx_word' id='word_1_60' title='bbox 299 1348 380 1411; x_wconf 88' lang='lat' dir='ltr'><strong>unde</strong></span> <span class='ocrx_word' id='word_1_61' title='bbox 424 1349 693 1411; x_wconf 75' lang='lat' dir='ltr'><strong>consummaretur</strong></span> <span class='ocrx_word' id='word_1_62' title='bbox 734 1345 952 1429; x_wconf 76' lang='lat' dir='ltr'><strong>intellegibilis</strong></span> <span class='ocrx_word' id='word_1_63' title='bbox 995 1347 1214 1431; x_wconf 79' lang='lat' dir='ltr'><strong>sensibilisque</strong></span> 
     </span>
     <span class='ocr_line' id='line_1_9' title="bbox 75 1448 1214 1533; baseline 0 -17"><span class='ocrx_word' id='word_1_64' title='bbox 75 1455 231 1533; x_wconf 75' lang='lat' dir='ltr'><strong>nectura,</strong></span> <span class='ocrx_word' id='word_1_65' title='bbox 253 1449 335 1514; x_wconf 87' lang='lat' dir='ltr'><strong>alius</strong></span> <span class='ocrx_word' id='word_1_66' title='bbox 357 1451 484 1514; x_wconf 88' lang='lat' dir='ltr'><strong>tantum</strong></span> <span class='ocrx_word' id='word_1_67' title='bbox 508 1449 589 1516; x_wconf 89' lang='lat' dir='ltr'><strong>unde</strong></span> <span class='ocrx_word' id='word_1_68' title='bbox 612 1448 769 1516; x_wconf 90' lang='lat' dir='ltr'><strong>sensibilis</strong></span> <span class='ocrx_word' id='word_1_69' title='bbox 785 1448 884 1514; x_wconf 86' lang='lat' dir='ltr'><strong>moles</strong></span> <span class='ocrx_word' id='word_1_70' title='bbox 906 1449 969 1514; x_wconf 89' lang='lat' dir='ltr'><strong>ista</strong></span> <span class='ocrx_word' id='word_1_71' title='bbox 983 1468 1128 1533; x_wconf 84' lang='lat' dir='ltr'><strong>corporea</strong></span> <span class='ocrx_word' id='word_1_72' title='bbox 1142 1452 1214 1517; x_wconf 90' lang='lat' dir='ltr'><strong>sinn</strong></span> 
     </span>
     <span class='ocr_line' id='line_1_10' title="bbox 75 1553 1213 1637; baseline 0.003 -18"><span class='ocrx_word' id='word_1_73' title='bbox 75 1556 188 1637; x_wconf 85' lang='lat' dir='ltr'><strong>grandi</strong></span> <span class='ocrx_word' id='word_1_74' title='bbox 211 1553 373 1619; x_wconf 86' lang='lat' dir='ltr'><strong>continens</strong></span> <span class='ocrx_word' id='word_1_75' title='bbox 394 1553 571 1637; x_wconf 86' lang='lat' dir='ltr'><strong>perspicuas</strong></span> <span class='ocrx_word' id='word_1_76' title='bbox 593 1556 795 1636; x_wconf 88' lang='lat' dir='ltr'><strong>promtasqne</strong></span> <span class='ocrx_word' id='word_1_77' title='bbox 822 1556 965 1636; x_wconf 88' lang='lat' dir='ltr'><strong>naturas;</strong></span> <span class='ocrx_word' id='word_1_78' title='bbox 1000 1573 1057 1620; x_wconf 90' lang='lat' dir='ltr'><strong>nec</strong></span> <span class='ocrx_word' id='word_1_79' title='bbox 1077 1555 1128 1620; x_wconf 93' lang='lat' dir='ltr'><strong>illi</strong></span> <span class='ocrx_word' id='word_1_80' title='bbox 1150 1572 1213 1622; x_wconf 94' lang='lat' dir='ltr'><strong>uno</strong></span> 
     </span>
     <span class='ocr_line' id='line_1_11' title="bbox 44 1641 1214 1740; baseline -0.001 -17"><span class='ocrx_word' id='word_1_81' title='bbox 44 1660 168 1723; x_wconf 70' lang='lat' dir='ltr'><strong>uomodo</strong></span> <span class='ocrx_word' id='word_1_82' title='bbox 208 1657 263 1739; x_wconf 92' lang='lat' dir='ltr'><strong>qni</strong></span> <span class='ocrx_word' id='word_1_83' title='bbox 302 1657 367 1722; x_wconf 81' lang='lat' dir='ltr'><strong>ism</strong></span> <span class='ocrx_word' id='word_1_84' title='bbox 400 1657 565 1739; x_wconf 85' lang='lat' dir='ltr'><strong>dispositas</strong></span> <span class='ocrx_word' id='word_1_85' title='bbox 598 1641 799 1740; x_wconf 80' lang='lat' dir='ltr'><strong>digestasque</strong></span> <span class='ocrx_word' id='word_1_86' title='bbox 832 1657 990 1723; x_wconf 85' lang='lat' dir='ltr'><strong>creaturas</strong></span> <span class='ocrx_word' id='word_1_87' title='bbox 1023 1657 1146 1723; x_wconf 82' lang='lat' dir='ltr'><strong>caelum</strong></span> <span class='ocrx_word' id='word_1_88' title='bbox 1181 1660 1214 1722; x_wconf 92' lang='lat' dir='ltr'><strong>et</strong></span> 
     </span>
     <span class='ocr_line' id='line_1_12' title="bbox 75 1759 1214 1845; baseline 0.001 -20"><span class='ocrx_word' id='word_1_89' title='bbox 75 1766 194 1825; x_wconf 82' lang='lat' dir='ltr'><strong>terram</strong></span> <span class='ocrx_word' id='word_1_90' title='bbox 226 1760 332 1825; x_wconf 88' lang='lat' dir='ltr'><strong>uocari</strong></span> <span class='ocrx_word' id='word_1_91' title='bbox 358 1760 417 1824; x_wconf 91' lang='lat' dir='ltr'><strong>hoc</strong></span> <span class='ocrx_word' id='word_1_92' title='bbox 445 1761 512 1825; x_wconf 90' lang='lat' dir='ltr'><strong>loco</strong></span> <span class='ocrx_word' id='word_1_93' title='bbox 541 1760 682 1845; x_wconf 86' lang='lat' dir='ltr'><strong>credunt,</strong></span> <span class='ocrx_word' id='word_1_94' title='bbox 710 1761 763 1825; x_wconf 88' lang='lat' dir='ltr'><strong>sed</strong></span> <span class='ocrx_word' id='word_1_95' title='bbox 792 1759 873 1825; x_wconf 89' lang='lat' dir='ltr'><strong>alius</strong></span> <span class='ocrx_word' id='word_1_96' title='bbox 902 1760 1096 1827; x_wconf 89' lang='lat' dir='ltr'><strong>inuisibilem</strong></span> <span class='ocrx_word' id='word_1_97' title='bbox 1119 1765 1214 1844; x_wconf 83' lang='lat' dir='ltr'><strong>atque</strong></span> 
     </span>
     <span class='ocr_line' id='line_1_13' title="bbox 74 1863 1212 1947; baseline 0 -18"><span class='ocrx_word' id='word_1_98' title='bbox 74 1863 247 1940; x_wconf 79' lang='lat' dir='ltr'><strong>nisibilem</strong></span> <span class='ocrx_word' id='word_1_99' title='bbox 276 1864 358 1929; x_wconf 89' lang='lat' dir='ltr'><strong>alius</strong></span> <span class='ocrx_word' id='word_1_100' title='bbox 385 1865 484 1929; x_wconf 91' lang='lat' dir='ltr'><strong>solam</strong></span> <span class='ocrx_word' id='word_1_101' title='bbox 514 1863 683 1943; x_wconf 79' lang='lat' dir='ltr'><strong>risibilem,</strong></span> <span class='ocrx_word' id='word_1_102' title='bbox 713 1865 746 1929; x_wconf 90' lang='lat' dir='ltr'><strong>in</strong></span> <span class='ocrx_word' id='word_1_103' title='bbox 776 1882 839 1947; x_wconf 87' lang='lat' dir='ltr'><strong>qua</strong></span> <span class='ocrx_word' id='word_1_104' title='bbox 867 1864 1061 1929; x_wconf 89' lang='lat' dir='ltr'><strong>luminosum</strong></span> <span class='ocrx_word' id='word_1_105' title='bbox 1090 1865 1212 1930; x_wconf 90' lang='lat' dir='ltr'><strong>eaelum</strong></span> 
     </span>
     <span class='ocr_line' id='line_1_14' title="bbox 74 1967 1073 2052; baseline 0.001 -20"><span class='ocrx_word' id='word_1_106' title='bbox 74 1968 262 2050; x_wconf 75' lang='lat' dir='ltr'><strong>suspicimus</strong></span> <span class='ocrx_word' id='word_1_107' title='bbox 284 1971 317 2032; x_wconf 89' lang='lat' dir='ltr'><strong>et</strong></span> <span class='ocrx_word' id='word_1_108' title='bbox 339 1971 456 2032; x_wconf 85' lang='lat' dir='ltr'><strong>terram</strong></span> <span class='ocrx_word' id='word_1_109' title='bbox 479 1967 681 2052; x_wconf 84' lang='lat' dir='ltr'><strong>caliginosam</strong></span> <span class='ocrx_word' id='word_1_110' title='bbox 704 1985 845 2051; x_wconf 89' lang='lat' dir='ltr'><strong>quaeque</strong></span> <span class='ocrx_word' id='word_1_111' title='bbox 866 1969 899 2033; x_wconf 94' lang='lat' dir='ltr'><strong>in</strong></span> <span class='ocrx_word' id='word_1_112' title='bbox 922 1968 968 2033; x_wconf 90' lang='lat' dir='ltr'><strong>eis</strong></span> <span class='ocrx_word' id='word_1_113' title='bbox 990 1969 1073 2033; x_wconf 90' lang='lat' dir='ltr'><strong>sunt.</strong></span> 
     </span>
     <span class='ocr_line' id='line_1_15' title="bbox 119 2071 1213 2156; baseline 0 -20"><span class='ocrx_word' id='word_1_114' title='bbox 119 2071 234 2137; x_wconf 77' lang='lat' dir='ltr'><strong>Atilio</strong></span> <span class='ocrx_word' id='word_1_115' title='bbox 251 2071 381 2154; x_wconf 90' lang='lat' dir='ltr'><strong>quinon</strong></span> <span class='ocrx_word' id='word_1_116' title='bbox 402 2073 495 2137; x_wconf 89' lang='lat' dir='ltr'><strong>aliter</strong></span> <span class='ocrx_word' id='word_1_117' title='bbox 515 2072 629 2156; x_wconf 84' lang='lat' dir='ltr'><strong>accipit</strong></span> <span class='ocrx_word' id='word_1_118' title='bbox 651 2072 690 2138; x_wconf 94' lang='lat' dir='ltr'><strong>in</strong></span> <span class='ocrx_word' id='word_1_119' title='bbox 711 2071 886 2155; x_wconf 91' lang='lat' dir='ltr'><strong>principi</strong></span> <span class='ocrx_word' id='word_1_120' title='bbox 896 2090 913 2137; x_wconf 92' lang='lat' dir='ltr'><strong>o</strong></span> <span class='ocrx_word' id='word_1_121' title='bbox 936 2072 1036 2137; x_wconf 87' lang='lat' dir='ltr'><strong>lecit</strong></span> <span class='ocrx_word' id='word_1_122' title='bbox 1065 2090 1160 2154; x_wconf 91' lang='lat' dir='ltr'><strong>quam</strong></span> <span class='ocrx_word' id='word_1_123' title='bbox 1185 2073 1213 2137; x_wconf 91' lang='lat' dir='ltr'><strong>si</strong></span> 
     </span>
     <span class='ocr_line' id='line_1_16' title="bbox 44 2174 1213 2260; baseline 0.002 -22"><span class='ocrx_word' id='word_1_124' title='bbox 44 2174 250 2241; x_wconf 80' lang='lat' dir='ltr'><strong>udicerstnr:</strong></span> <span class='ocrx_word' id='word_1_125' title='bbox 273 2175 375 2258; x_wconf 85' lang='lat' dir='ltr'><strong>primo</strong></span> <span class='ocrx_word' id='word_1_126' title='bbox 398 2175 482 2259; x_wconf 80' lang='lat' dir='ltr'><strong>feeit,</strong></span> <span class='ocrx_word' id='word_1_127' title='bbox 505 2195 567 2242; x_wconf 90' lang='lat' dir='ltr'><strong>non</strong></span> <span class='ocrx_word' id='word_1_128' title='bbox 588 2176 683 2242; x_wconf 90' lang='lat' dir='ltr'><strong>habet</strong></span> <span class='ocrx_word' id='word_1_129' title='bbox 705 2175 859 2259; x_wconf 84' lang='lat' dir='ltr'><strong>quomodo</strong></span> <span class='ocrx_word' id='word_1_130' title='bbox 874 2176 1029 2241; x_wconf 90' lang='lat' dir='ltr'><strong>ueraciter</strong></span> <span class='ocrx_word' id='word_1_131' title='bbox 1045 2175 1213 2260; x_wconf 87' lang='lat' dir='ltr'><strong>intellegat</strong></span> 
     </span>
     <span class='ocr_line' id='line_1_17' title="bbox 75 2276 1211 2363; baseline 0.001 -20"><span class='ocrx_word' id='word_1_132' title='bbox 75 2276 202 2344; x_wconf 85' lang='lat' dir='ltr'><strong>caelum</strong></span> <span class='ocrx_word' id='word_1_133' title='bbox 230 2281 264 2344; x_wconf 90' lang='lat' dir='ltr'><strong>et</strong></span> <span class='ocrx_word' id='word_1_134' title='bbox 292 2279 420 2357; x_wconf 84' lang='lat' dir='ltr'><strong>terrem,</strong></span> <span class='ocrx_word' id='word_1_135' title='bbox 449 2278 510 2344; x_wconf 92' lang='lat' dir='ltr'><strong>nisi</strong></span> <span class='ocrx_word' id='word_1_136' title='bbox 539 2280 704 2345; x_wconf 81' lang='lat' dir='ltr'><strong>materiam</strong></span> <span class='ocrx_word' id='word_1_137' title='bbox 733 2279 812 2345; x_wconf 89' lang='lat' dir='ltr'><strong>caeli</strong></span> <span class='ocrx_word' id='word_1_138' title='bbox 840 2282 874 2345; x_wconf 86' lang='lat' dir='ltr'><strong>et</strong></span> <span class='ocrx_word' id='word_1_139' title='bbox 904 2282 1005 2344; x_wconf 88' lang='lat' dir='ltr'><strong>terrae</strong></span> <span class='ocrx_word' id='word_1_140' title='bbox 1038 2278 1211 2363; x_wconf 85' lang='lat' dir='ltr'><strong>intellegat,</strong></span> 
     </span>
     <span class='ocr_line' id='line_1_18' title="bbox 73 2380 1210 2468; baseline 0.001 -22"><span class='ocrx_word' id='word_1_141' title='bbox 73 2381 225 2446; x_wconf 84' lang='lat' dir='ltr'><strong>uidelicet</strong></span> <span class='ocrx_word' id='word_1_142' title='bbox 246 2380 420 2459; x_wconf 85' lang='lat' dir='ltr'><strong>uniuersas,</strong></span> <span class='ocrx_word' id='word_1_143' title='bbox 443 2383 475 2447; x_wconf 86' lang='lat' dir='ltr'><strong>io</strong></span> <span class='ocrx_word' id='word_1_144' title='bbox 491 2385 539 2447; x_wconf 87' lang='lat' dir='ltr'><strong>est</strong></span> <span class='ocrx_word' id='word_1_145' title='bbox 553 2382 769 2468; x_wconf 87' lang='lat' dir='ltr'><strong>intellegibilis</strong></span> <span class='ocrx_word' id='word_1_146' title='bbox 785 2385 1016 2466; x_wconf 88' lang='lat' dir='ltr'><strong>corporalisque</strong></span> <span class='ocrx_word' id='word_1_147' title='bbox 1040 2383 1210 2448; x_wconf 90' lang='lat' dir='ltr'><strong>creaturae.</strong></span> 
     </span>
     <span class='ocr_line' id='line_1_19' title="bbox 73 2485 1212 2570; baseline 0 -20"><span class='ocrx_word' id='word_1_148' title='bbox 73 2487 210 2552; x_wconf 81' lang='lat' dir='ltr'><strong>sienim</strong></span> <span class='ocrx_word' id='word_1_149' title='bbox 243 2487 307 2551; x_wconf 89' lang='lat' dir='ltr'><strong>iam</strong></span> <span class='ocrx_word' id='word_1_150' title='bbox 340 2485 510 2551; x_wconf 82' lang='lat' dir='ltr'><strong>formatam</strong></span> <span class='ocrx_word' id='word_1_151' title='bbox 536 2486 614 2551; x_wconf 87' lang='lat' dir='ltr'><strong>uelit</strong></span> <span class='ocrx_word' id='word_1_152' title='bbox 646 2488 836 2570; x_wconf 88' lang='lat' dir='ltr'><strong>uniuersam,</strong></span> <span class='ocrx_word' id='word_1_153' title='bbox 870 2487 955 2551; x_wconf 89' lang='lat' dir='ltr'><strong>recte</strong></span> <span class='ocrx_word' id='word_1_154' title='bbox 984 2487 1023 2552; x_wconf 88' lang='lat' dir='ltr'><strong>ab</strong></span> <span class='ocrx_word' id='word_1_155' title='bbox 1046 2503 1081 2550; x_wconf 90' lang='lat' dir='ltr'><strong>ee</strong></span> <span class='ocrx_word' id='word_1_156' title='bbox 1104 2485 1212 2568; x_wconf 87' lang='lat' dir='ltr'><strong>quaeri</strong></span> 
     </span>
     <span class='ocr_line' id='line_1_20' title="bbox 73 2589 1213 2674; baseline -0.001 -18"><span class='ocrx_word' id='word_1_157' title='bbox 73 2593 203 2674; x_wconf 85' lang='lat' dir='ltr'><strong>poterit,</strong></span> <span class='ocrx_word' id='word_1_158' title='bbox 225 2589 254 2654; x_wconf 91' lang='lat' dir='ltr'><strong>si</strong></span> <span class='ocrx_word' id='word_1_159' title='bbox 277 2589 335 2654; x_wconf 90' lang='lat' dir='ltr'><strong>boo</strong></span> <span class='ocrx_word' id='word_1_160' title='bbox 355 2590 458 2672; x_wconf 92' lang='lat' dir='ltr'><strong>primo</strong></span> <span class='ocrx_word' id='word_1_161' title='bbox 481 2590 657 2670; x_wconf 76' lang='lat' dir='ltr'><strong>iccillum,</strong></span> <span class='ocrx_word' id='word_1_162' title='bbox 681 2590 756 2673; x_wconf 89' lang='lat' dir='ltr'><strong>quid</strong></span> <span class='ocrx_word' id='word_1_163' title='bbox 771 2589 884 2654; x_wconf 83' lang='lat' dir='ltr'><strong>fecerit</strong></span> <span class='ocrx_word' id='word_1_164' title='bbox 901 2590 1064 2672; x_wconf 81' lang='lat' dir='ltr'><strong>deinceps3</strong></span> <span class='ocrx_word' id='word_1_165' title='bbox 1088 2593 1213 2672; x_wconf 90' lang='lat' dir='ltr'><strong>etpost</strong></span> 
     </span>
     <span class='ocr_line' id='line_1_21' title="bbox 43 2692 1210 2777; baseline 0.003 -24"><span class='ocrx_word' id='word_1_166' title='bbox 43 2693 318 2761; x_wconf 82' lang='lat' dir='ltr'><strong>anniuersitatsm</strong></span> <span class='ocrx_word' id='word_1_167' title='bbox 345 2712 406 2758; x_wconf 93' lang='lat' dir='ltr'><strong>non</strong></span> <span class='ocrx_word' id='word_1_168' title='bbox 435 2693 577 2759; x_wconf 89' lang='lat' dir='ltr'><strong>inueniet</strong></span> <span class='ocrx_word' id='word_1_169' title='bbox 604 2712 640 2759; x_wconf 90' lang='lat' dir='ltr'><strong>ac</strong></span> <span class='ocrx_word' id='word_1_170' title='bbox 667 2712 722 2777; x_wconf 91' lang='lat' dir='ltr'><strong>per</strong></span> <span class='ocrx_word' id='word_1_171' title='bbox 751 2695 810 2758; x_wconf 87' lang='lat' dir='ltr'><strong>hoe</strong></span> <span class='ocrx_word' id='word_1_172' title='bbox 839 2692 947 2758; x_wconf 86' lang='lat' dir='ltr'><strong>audiet</strong></span> <span class='ocrx_word' id='word_1_173' title='bbox 968 2692 1105 2758; x_wconf 89' lang='lat' dir='ltr'><strong>inuitus:</strong></span> <span class='ocrx_word' id='word_1_174' title='bbox 1135 2709 1210 2777; x_wconf 89' lang='lat' dir='ltr'><strong>quo-</strong></span> 
     </span>
     <span class='ocr_line' id='line_1_22' title="bbox 72 2795 1210 2881; baseline -0.002 -18"><span class='ocrx_word' id='word_1_175' title='bbox 72 2800 165 2863; x_wconf 81' lang='lat' dir='ltr'><strong>modo</strong></span> <span class='ocrx_word' id='word_1_176' title='bbox 189 2796 272 2861; x_wconf 88' lang='lat' dir='ltr'><strong>illud</strong></span> <span class='ocrx_word' id='word_1_177' title='bbox 292 2798 403 2880; x_wconf 88' lang='lat' dir='ltr'><strong>primo,</strong></span> <span class='ocrx_word' id='word_1_178' title='bbox 431 2797 459 2862; x_wconf 91' lang='lat' dir='ltr'><strong>si</strong></span> <span class='ocrx_word' id='word_1_179' title='bbox 480 2800 588 2880; x_wconf 89' lang='lat' dir='ltr'><strong>postca</strong></span> <span class='ocrx_word' id='word_1_180' title='bbox 611 2797 712 2864; x_wconf 77' lang='lat' dir='ltr'><strong>nibil?</strong></span> <span class='ocrx_word' id='word_1_181' title='bbox 745 2815 817 2862; x_wconf 89' lang='lat' dir='ltr'><strong>cum</strong></span> <span class='ocrx_word' id='word_1_182' title='bbox 840 2815 913 2862; x_wconf 88' lang='lat' dir='ltr'><strong>uero</strong></span> <span class='ocrx_word' id='word_1_183' title='bbox 937 2795 1016 2861; x_wconf 89' lang='lat' dir='ltr'><strong>dicit</strong></span> <span class='ocrx_word' id='word_1_184' title='bbox 1037 2799 1138 2881; x_wconf 91' lang='lat' dir='ltr'><strong>primo</strong></span> <span class='ocrx_word' id='word_1_185' title='bbox 1161 2797 1210 2861; x_wconf 93' lang='lat' dir='ltr'><strong>in·</strong></span> 
     </span>
     <span class='ocr_line' id='line_1_23' title="bbox 74 2900 1212 2983; baseline -0.001 -18"><span class='ocrx_word' id='word_1_186' title='bbox 74 2902 219 2983; x_wconf 78' lang='lat' dir='ltr'><strong>formem,</strong></span> <span class='ocrx_word' id='word_1_187' title='bbox 253 2901 364 2965; x_wconf 83' lang='lat' dir='ltr'><strong>deinde</strong></span> <span class='ocrx_word' id='word_1_188' title='bbox 397 2902 574 2980; x_wconf 86' lang='lat' dir='ltr'><strong>formatam,</strong></span> <span class='ocrx_word' id='word_1_189' title='bbox 609 2918 670 2966; x_wconf 94' lang='lat' dir='ltr'><strong>non</strong></span> <span class='ocrx_word' id='word_1_190' title='bbox 705 2903 754 2966; x_wconf 89' lang='lat' dir='ltr'><strong>est</strong></span> <span class='ocrx_word' id='word_1_191' title='bbox 787 2900 952 2983; x_wconf 86' lang='lat' dir='ltr'><strong>absurdus,</strong></span> <span class='ocrx_word' id='word_1_192' title='bbox 988 2901 1013 2966; x_wconf 91' lang='lat' dir='ltr'><strong>si</strong></span> <span class='ocrx_word' id='word_1_193' title='bbox 1044 2900 1134 2965; x_wconf 88' lang='lat' dir='ltr'><strong>modo</strong></span> <span class='ocrx_word' id='word_1_194' title='bbox 1163 2906 1212 2964; x_wconf 91' lang='lat' dir='ltr'><strong>est</strong></span> 
     </span>
     <span class='ocr_line' id='line_1_24' title="bbox 73 3003 1209 3088; baseline 0.001 -20"><span class='ocrx_word' id='word_1_195' title='bbox 73 3005 205 3069; x_wconf 80' lang='lat' dir='ltr'><strong>idonens</strong></span> <span class='ocrx_word' id='word_1_196' title='bbox 234 3003 407 3069; x_wconf 89' lang='lat' dir='ltr'><strong>discemsre</strong></span> <span class='ocrx_word' id='word_1_197' title='bbox 435 3005 510 3088; x_wconf 90' lang='lat' dir='ltr'><strong>quid</strong></span> <span class='ocrx_word' id='word_1_198' title='bbox 537 3005 706 3087; x_wconf 88' lang='lat' dir='ltr'><strong>praecedat</strong></span> <span class='ocrx_word' id='word_1_199' title='bbox 733 3005 929 3082; x_wconf 85' lang='lat' dir='ltr'><strong>aeternitate,</strong></span> <span class='ocrx_word' id='word_1_200' title='bbox 959 3005 1034 3086; x_wconf 89' lang='lat' dir='ltr'><strong>quid</strong></span> <span class='ocrx_word' id='word_1_201' title='bbox 1057 3008 1209 3088; x_wconf 87' lang='lat' dir='ltr'><strong>tempore,</strong></span> 
     </span>
     <span class='ocr_line' id='line_1_25' title="bbox 73 3105 1210 3193; baseline 0.002 -22"><span class='ocrx_word' id='word_1_202' title='bbox 73 3107 150 3190; x_wconf 81' lang='lat' dir='ltr'><strong>quid</strong></span> <span class='ocrx_word' id='word_1_203' title='bbox 181 3105 341 3185; x_wconf 87' lang='lat' dir='ltr'><strong>electione,</strong></span> <span class='ocrx_word' id='word_1_204' title='bbox 375 3107 452 3189; x_wconf 89' lang='lat' dir='ltr'><strong>qnid</strong></span> <span class='ocrx_word' id='word_1_205' title='bbox 479 3109 615 3193; x_wconf 87' lang='lat' dir='ltr'><strong>origine:</strong></span> <span class='ocrx_word' id='word_1_206' title='bbox 649 3107 845 3190; x_wconf 73' lang='lat' dir='ltr'><strong>aeternitate,</strong></span> <span class='ocrx_word' id='word_1_207' title='bbox 874 3109 955 3174; x_wconf 88' lang='lat' dir='ltr'><strong>siout</strong></span> <span class='ocrx_word' id='word_1_208' title='bbox 984 3108 1059 3172; x_wconf 87' lang='lat' dir='ltr'><strong>deus</strong></span> <span class='ocrx_word' id='word_1_209' title='bbox 1089 3108 1210 3191; x_wconf 88' lang='lat' dir='ltr'><strong>omnia;</strong></span> 
     </span>
     <span class='ocr_line' id='line_1_26' title="bbox 42 3210 1210 3295; baseline 0.003 -22"><span class='ocrx_word' id='word_1_210' title='bbox 42 3213 226 3294; x_wconf 79' lang='lat' dir='ltr'><strong>stempore,</strong></span> <span class='ocrx_word' id='word_1_211' title='bbox 255 3211 335 3275; x_wconf 76' lang='lat' dir='ltr'><strong>siem</strong></span> <span class='ocrx_word' id='word_1_212' title='bbox 363 3210 421 3275; x_wconf 87' lang='lat' dir='ltr'><strong>flos</strong></span> <span class='ocrx_word' id='word_1_213' title='bbox 450 3211 607 3295; x_wconf 81' lang='lat' dir='ltr'><strong>tructum3</strong></span> <span class='ocrx_word' id='word_1_214' title='bbox 638 3210 799 3289; x_wconf 84' lang='lat' dir='ltr'><strong>electione,</strong></span> <span class='ocrx_word' id='word_1_215' title='bbox 827 3212 909 3277; x_wconf 88' lang='lat' dir='ltr'><strong>siout</strong></span> <span class='ocrx_word' id='word_1_216' title='bbox 936 3211 1057 3276; x_wconf 81' lang='lat' dir='ltr'><strong>fruetus</strong></span> <span class='ocrx_word' id='word_1_217' title='bbox 1084 3210 1210 3287; x_wconf 78' lang='lat' dir='ltr'><strong>florem3</strong></span> 
     </span>
     <span class='ocr_line' id='line_1_27' title="bbox 74 3313 1211 3397; baseline 0.001 -20"><span class='ocrx_word' id='word_1_218' title='bbox 74 3313 208 3397; x_wconf 86' lang='lat' dir='ltr'><strong>origine,</strong></span> <span class='ocrx_word' id='word_1_219' title='bbox 231 3314 312 3378; x_wconf 86' lang='lat' dir='ltr'><strong>sieut</strong></span> <span class='ocrx_word' id='word_1_220' title='bbox 334 3331 428 3379; x_wconf 89' lang='lat' dir='ltr'><strong>sonus</strong></span> <span class='ocrx_word' id='word_1_221' title='bbox 450 3317 591 3379; x_wconf 78' lang='lat' dir='ltr'><strong>cantum.</strong></span> <span class='ocrx_word' id='word_1_222' title='bbox 618 3314 652 3379; x_wconf 92' lang='lat' dir='ltr'><strong>in</strong></span> <span class='ocrx_word' id='word_1_223' title='bbox 674 3313 724 3378; x_wconf 89' lang='lat' dir='ltr'><strong>his</strong></span> <span class='ocrx_word' id='word_1_224' title='bbox 748 3315 896 3396; x_wconf 88' lang='lat' dir='ltr'><strong>quattuor</strong></span> <span class='ocrx_word' id='word_1_225' title='bbox 917 3315 1056 3396; x_wconf 88' lang='lat' dir='ltr'><strong>primum</strong></span> <span class='ocrx_word' id='word_1_226' title='bbox 1079 3316 1111 3378; x_wconf 90' lang='lat' dir='ltr'><strong>et</strong></span> <span class='ocrx_word' id='word_1_227' title='bbox 1133 3313 1211 3379; x_wconf 89' lang='lat' dir='ltr'><strong>ulti-</strong></span> 
     </span>
     <span class='ocr_line' id='line_1_28' title="bbox 75 3417 1212 3510; baseline 0 -29"><span class='ocrx_word' id='word_1_228' title='bbox 75 3435 163 3481; x_wconf 92' lang='lat' dir='ltr'><strong>mum</strong></span> <span class='ocrx_word' id='word_1_229' title='bbox 187 3435 266 3500; x_wconf 89' lang='lat' dir='ltr'><strong>quae</strong></span> <span class='ocrx_word' id='word_1_230' title='bbox 280 3417 521 3483; x_wconf 66' lang='lat' dir='ltr'><strong>commemoraui</strong></span> <span class='ocrx_word' id='word_1_231' title='bbox 543 3417 729 3484; x_wconf 84' lang='lat' dir='ltr'><strong>difficillime</strong></span> <span class='ocrx_word' id='word_1_232' title='bbox 751 3418 992 3510; x_wconf 78' lang='lat' dir='ltr'><strong>intelleguntur,</strong></span> <span class='ocrx_word' id='word_1_233' title='bbox 1017 3418 1077 3482; x_wconf 90' lang='lat' dir='ltr'><strong>duo</strong></span> <span class='ocrx_word' id='word_1_234' title='bbox 1107 3417 1212 3482; x_wconf 88' lang='lat' dir='ltr'><strong>media</strong></span> 
     </span>
    </p>
   </div>
   <div class='ocr_carea' id='block_1_3' title="bbox 74 3690 1212 4559">
    <p class='ocr_par' dir='ltr' id='par_1_3' title="bbox 74 3690 1212 4559">
     <span class='ocr_line' id='line_1_29' title="bbox 128 3690 1212 3748; baseline 0 -4"><span class='ocrx_word' id='word_1_235' title='bbox 128 3691 339 3745; x_wconf 81' lang='lat' dir='ltr'><strong>lmatcriarnm</strong></span> <span class='ocrx_word' id='word_1_236' title='bbox 355 3691 420 3746; x_wconf 70' lang='lat' dir='ltr'><strong>MV</strong></span> <span class='ocrx_word' id='word_1_237' title='bbox 516 3691 631 3747; x_wconf 85' lang='lat' dir='ltr'><strong>credidit</strong></span> <span class='ocrx_word' id='word_1_238' title='bbox 649 3693 678 3746; x_wconf 90' lang='lat' dir='ltr'><strong><em>P</em></strong></span> <span class='ocrx_word' id='word_1_239' title='bbox 774 3695 892 3748; x_wconf 69' lang='lat' dir='ltr'><strong>bunum</strong></span> <span class='ocrx_word' id='word_1_240' title='bbox 913 3693 946 3746; x_wconf 82' lang='lat' dir='ltr'><strong>T&#39;</strong></span> <span class='ocrx_word' id='word_1_241' title='bbox 1049 3690 1212 3747; x_wconf 83' lang='lat' dir='ltr'><strong>4nominae</strong></span> 
     </span>
     <span class='ocr_line' id='line_1_30' title="bbox 74 3775 1145 3835; baseline 0.003 -6"><span class='ocrx_word' id='word_1_242' title='bbox 74 3775 115 3829; x_wconf 86' lang='lat' dir='ltr'><strong>D¹</strong></span> <span class='ocrx_word' id='word_1_243' title='bbox 220 3777 239 3830; x_wconf 77' lang='lat' dir='ltr'><strong>t</strong></span> <span class='ocrx_word' id='word_1_244' title='bbox 263 3777 389 3832; x_wconf 88' lang='lat' dir='ltr'><strong>omnibus</strong></span> <span class='ocrx_word' id='word_1_245' title='bbox 416 3778 498 3833; x_wconf 83' lang='lat' dir='ltr'><strong>D¹P¹</strong></span> <span class='ocrx_word' id='word_1_246' title='bbox 602 3780 717 3833; x_wconf 88' lang='lat' dir='ltr'><strong>materia</strong></span> <span class='ocrx_word' id='word_1_247' title='bbox 743 3797 777 3835; x_wconf 78' lang='lat' dir='ltr'><strong>ex</strong></span> <span class='ocrx_word' id='word_1_248' title='bbox 803 3780 915 3835; x_wconf 85' lang='lat' dir='ltr'><strong>materie</strong></span> <span class='ocrx_word' id='word_1_249' title='bbox 940 3784 1094 3835; x_wconf 77' lang='lat' dir='ltr'><strong>correctum</strong></span> <span class='ocrx_word' id='word_1_250' title='bbox 1116 3779 1145 3832; x_wconf 90' lang='lat' dir='ltr'><strong><em>P</em></strong></span> 
     </span>
     <span class='ocr_line' id='line_1_31' title="bbox 74 3861 1145 3934; baseline 0.005 -20"><span class='ocrx_word' id='word_1_251' title='bbox 74 3861 191 3915; x_wconf 67' lang='lat' dir='ltr'><strong>eterra</strong></span> <span class='ocrx_word' id='word_1_252' title='bbox 212 3861 240 3916; x_wconf 88' lang='lat' dir='ltr'><strong><em>P</em></strong></span> <span class='ocrx_word' id='word_1_253' title='bbox 341 3863 371 3918; x_wconf 85' lang='lat' dir='ltr'><strong>id</strong></span> <span class='ocrx_word' id='word_1_254' title='bbox 387 3869 453 3934; x_wconf 86' lang='lat' dir='ltr'><strong>post</strong></span> <span class='ocrx_word' id='word_1_255' title='bbox 469 3863 551 3918; x_wconf 86' lang='lat' dir='ltr'><strong>modo</strong></span> <span class='ocrx_word' id='word_1_256' title='bbox 568 3864 634 3919; x_wconf 74' lang='lat' dir='ltr'><strong>odd.</strong></span> <span class='ocrx_word' id='word_1_257' title='bbox 652 3865 750 3921; x_wconf 82' lang='lat' dir='ltr'><strong>DPTo</strong></span> <span class='ocrx_word' id='word_1_258' title='bbox 852 3866 869 3920; x_wconf 77' lang='lat'><strong>‘1</strong></span> <span class='ocrx_word' id='word_1_259' title='bbox 892 3867 1094 3921; x_wconf 86' lang='lat' dir='ltr'><strong>consumaretur</strong></span> <span class='ocrx_word' id='word_1_260' title='bbox 1117 3864 1145 3919; x_wconf 90' lang='lat' dir='ltr'><strong><em>P</em></strong></span> 
     </span>
     <span class='ocr_line' id='line_1_32' title="bbox 75 3947 1211 4023; baseline 0.003 -22"><span class='ocrx_word' id='word_1_261' title='bbox 75 3947 306 4018; x_wconf 65' lang='lat' dir='ltr'><strong>tenebrisque?</strong></span> <span class='ocrx_word' id='word_1_262' title='bbox 406 3952 424 4006; x_wconf 89' lang='lat'>8</span> <span class='ocrx_word' id='word_1_263' title='bbox 447 3951 526 4004; x_wconf 85' lang='lat' dir='ltr'><strong>molis</strong></span> <span class='ocrx_word' id='word_1_264' title='bbox 550 3950 580 4005; x_wconf 92' lang='lat' dir='ltr'><em>D</em></span> <span class='ocrx_word' id='word_1_265' title='bbox 682 3951 891 4023; x_wconf 75' lang='lat' dir='ltr'><strong>bprumtasqne</strong></span> <span class='ocrx_word' id='word_1_266' title='bbox 907 3951 937 4006; x_wconf 92' lang='lat' dir='ltr'><em>D</em></span> <span class='ocrx_word' id='word_1_267' title='bbox 964 3954 1155 4022; x_wconf 86' lang='lat' dir='ltr'><strong>promptasque</strong></span> <span class='ocrx_word' id='word_1_268' title='bbox 1173 3949 1211 4004; x_wconf 85' lang='grc' dir='ltr'><strong>ΡΙ</strong></span> 
     </span>
     <span class='ocr_line' id='line_1_33' title="bbox 75 4035 1212 4109; baseline 0.001 -20"><span class='ocrx_word' id='word_1_269' title='bbox 75 4039 240 4104; x_wconf 82' lang='lat' dir='ltr'><strong>proptasqne</strong></span> <span class='ocrx_word' id='word_1_270' title='bbox 268 4036 294 4089; x_wconf 82' lang='lat' dir='ltr'><strong><em>T</em></strong></span> <span class='ocrx_word' id='word_1_271' title='bbox 394 4037 428 4091; x_wconf 86' lang='lat'><strong>10</strong></span> <span class='ocrx_word' id='word_1_272' title='bbox 453 4035 630 4109; x_wconf 73' lang='lat' dir='ltr'><strong>degentesque</strong></span> <span class='ocrx_word' id='word_1_273' title='bbox 657 4038 696 4093; x_wconf 80' lang='grc' dir='ltr'><strong>Ρ1</strong></span> <span class='ocrx_word' id='word_1_274' title='bbox 799 4041 830 4094; x_wconf 94' lang='grc'><strong>11</strong></span> <span class='ocrx_word' id='word_1_275' title='bbox 856 4037 994 4093; x_wconf 87' lang='lat' dir='ltr'><strong>nisibilem</strong></span> <span class='ocrx_word' id='word_1_276' title='bbox 1017 4041 1098 4107; x_wconf 83' lang='lat' dir='ltr'><strong>atque</strong></span> <span class='ocrx_word' id='word_1_277' title='bbox 1116 4037 1212 4091; x_wconf 85' lang='lat' dir='ltr'><strong>innisi·</strong></span> 
     </span>
     <span class='ocr_line' id='line_1_34' title="bbox 76 4119 1143 4195; baseline 0.002 -21"><span class='ocrx_word' id='word_1_278' title='bbox 76 4119 158 4175; x_wconf 78' lang='lat' dir='ltr'><strong>bilem</strong></span> <span class='ocrx_word' id='word_1_279' title='bbox 181 4121 206 4175; x_wconf 77' lang='grc' dir='ltr'><em>Τ</em></span> <span class='ocrx_word' id='word_1_280' title='bbox 296 4121 383 4192; x_wconf 78' lang='lat' dir='ltr'><strong>adque</strong></span> <span class='ocrx_word' id='word_1_281' title='bbox 400 4123 429 4177; x_wconf 81' lang='grc' dir='ltr'><strong><em>Ρ</em></strong></span> <span class='ocrx_word' id='word_1_282' title='bbox 526 4125 559 4181; x_wconf 90' lang='grc'><strong>13</strong></span> <span class='ocrx_word' id='word_1_283' title='bbox 576 4125 739 4195; x_wconf 84' lang='lat' dir='ltr'><strong>suscipimus</strong></span> <span class='ocrx_word' id='word_1_284' title='bbox 757 4125 798 4180; x_wconf 84' lang='lat' dir='ltr'><strong>Po</strong></span> <span class='ocrx_word' id='word_1_285' title='bbox 896 4125 1067 4195; x_wconf 75' lang='lat' dir='ltr'><strong>ltprimum</strong></span> <span class='ocrx_word' id='word_1_286' title='bbox 1084 4122 1143 4177; x_wconf 89' lang='lat' dir='ltr'><strong>D¹o</strong></span> 
     </span>
     <span class='ocr_line' id='line_1_35' title="bbox 79 4205 1212 4279; baseline -0.007 -11"><span class='ocrx_word' id='word_1_287' title='bbox 79 4205 111 4260; x_wconf 78' lang='lat'><strong>1⁷</strong></span> <span class='ocrx_word' id='word_1_288' title='bbox 138 4205 377 4277; x_wconf 67' lang='lat' dir='ltr'><strong>mpflbilisquo</strong></span> <span class='ocrx_word' id='word_1_289' title='bbox 406 4208 432 4261; x_wconf 82' lang='lat' dir='ltr'><strong><em>T</em></strong></span> <span class='ocrx_word' id='word_1_290' title='bbox 530 4213 562 4271; x_wconf 86' lang='grc'><strong>18</strong></span> <span class='ocrx_word' id='word_1_291' title='bbox 589 4213 709 4271; x_wconf 81' lang='lat' dir='ltr'><strong>formata</strong></span> <span class='ocrx_word' id='word_1_292' title='bbox 735 4216 760 4266; x_wconf 83' lang='lat' dir='ltr'><strong>et</strong></span> <span class='ocrx_word' id='word_1_293' title='bbox 787 4211 914 4265; x_wconf 84' lang='lat' dir='ltr'><strong>uniuersa</strong></span> <span class='ocrx_word' id='word_1_294' title='bbox 940 4227 958 4266; x_wconf 87' lang='lat' dir='ltr'><strong>o</strong></span> <span class='ocrx_word' id='word_1_295' title='bbox 1061 4211 1094 4265; x_wconf 82' lang='lat'><strong>19</strong></span> <span class='ocrx_word' id='word_1_296' title='bbox 1122 4208 1212 4279; x_wconf 86' lang='lat' dir='ltr'><strong>potest</strong></span> 
     </span>
     <span class='ocr_line' id='line_1_36' title="bbox 76 4290 1143 4362; baseline 0.005 -17"><span class='ocrx_word' id='word_1_297' title='bbox 76 4290 105 4345; x_wconf 86' lang='lat' dir='ltr'><em>D</em></span> <span class='ocrx_word' id='word_1_298' title='bbox 209 4291 242 4346; x_wconf 76' lang='lat'><strong>21</strong></span> <span class='ocrx_word' id='word_1_299' title='bbox 260 4293 377 4362; x_wconf 86' lang='lat' dir='ltr'><strong>primum</strong></span> <span class='ocrx_word' id='word_1_300' title='bbox 393 4293 441 4350; x_wconf 82' lang='lat' dir='ltr'><strong>inl.</strong></span> <span class='ocrx_word' id='word_1_301' title='bbox 459 4296 499 4353; x_wconf 71' lang='lat' dir='ltr'><strong>D*</strong></span> <span class='ocrx_word' id='word_1_302' title='bbox 613 4299 651 4359; x_wconf 75' lang='lat'><strong>22</strong></span> <span class='ocrx_word' id='word_1_303' title='bbox 671 4298 789 4353; x_wconf 78' lang='lat' dir='ltr'><strong>formatfl</strong></span> <span class='ocrx_word' id='word_1_304' title='bbox 806 4295 848 4351; x_wconf 72' lang='lat'><strong>12⁸</strong></span> <span class='ocrx_word' id='word_1_305' title='bbox 957 4295 1087 4351; x_wconf 72' lang='lat' dir='ltr'><strong>absortus</strong></span> <span class='ocrx_word' id='word_1_306' title='bbox 1105 4297 1143 4350; x_wconf 73' lang='grc' dir='ltr'><strong>Ρι</strong></span> 
     </span>
     <span class='ocr_line' id='line_1_37' title="bbox 76 4376 1134 4459; baseline 0.006 -30"><span class='ocrx_word' id='word_1_307' title='bbox 76 4376 165 4446; x_wconf 74' lang='lat' dir='ltr'><strong>modo]</strong></span> <span class='ocrx_word' id='word_1_308' title='bbox 183 4377 316 4446; x_wconf 82' lang='lat' dir='ltr'><strong>quemodo</strong></span> <span class='ocrx_word' id='word_1_309' title='bbox 338 4376 433 4433; x_wconf 81' lang='lat' dir='ltr'><strong>D¹P¹o</strong></span> <span class='ocrx_word' id='word_1_310' title='bbox 529 4398 562 4459; x_wconf 78' lang='lat' dir='ltr'><strong>gg</strong></span> <span class='ocrx_word' id='word_1_311' title='bbox 585 4382 748 4454; x_wconf 59' lang='lat' dir='ltr'><strong>„amirati</strong></span> <span class='ocrx_word' id='word_1_312' title='bbox 771 4381 814 4438; x_wconf 81' lang='lat' dir='ltr'><strong>D·</strong></span> <span class='ocrx_word' id='word_1_313' title='bbox 918 4382 953 4442; x_wconf 76' lang='grc'><strong>25</strong></span> <span class='ocrx_word' id='word_1_314' title='bbox 975 4387 1095 4451; x_wconf 82' lang='lat' dir='ltr'><strong>tempora</strong></span> <span class='ocrx_word' id='word_1_315' title='bbox 1117 4399 1134 4436; x_wconf 90' lang='lat' dir='ltr'><strong>o</strong></span> 
     </span>
     <span class='ocr_line' id='line_1_38' title="bbox 78 4462 529 4559; baseline 0.007 -43"><span class='ocrx_word' id='word_1_316' title='bbox 78 4462 204 4516; x_wconf 63' lang='lat' dir='ltr'><strong>dictione</strong></span> <span class='ocrx_word' id='word_1_317' title='bbox 221 4462 251 4516; x_wconf 92' lang='lat' dir='ltr'><em>D</em></span> <span class='ocrx_word' id='word_1_318' title='bbox 351 4462 385 4517; x_wconf 73' lang='lat'><strong>26</strong></span> <span class='ocrx_word' id='word_1_319' title='bbox 401 4479 473 4533; x_wconf 53' lang='grc' dir='ltr'><strong>ωηο,</strong></span> <span class='ocrx_word' id='word_1_320' title='bbox 487 4487 529 4559; x_wconf 68' lang='lat'><strong>0,</strong></span> 
     </span>
    </p>
   </div>
   <div class='ocr_carea' id='block_1_4' title="bbox 0 126 1384 4814">
    <p class='ocr_par' dir='ltr' id='par_1_4' title="bbox 0 126 1384 4814">
     <span class='ocr_line' id='line_1_39' title="bbox 0 126 1384 4814; baseline 0 0"><span class='ocrx_word' id='word_1_321' title='bbox 0 126 1384 4814; x_wconf 95' lang='lat' dir='ltr'><strong> </strong></span> 
     </span>
    </p>
   </div>
  </div>
 </body>
</html>
