2760 4814
132 526 215 594 1028
614 522 780 593 Eueiruii

129 714 315 800 loquebatur
360 713 514 796 Christus,
551 713 607 779 aut
645 730 831 796 exaggerare
871 712 1008 778 uoluisse
1050 711 1264 779 fornicatiouis

130 817 251 884 malurn
286 835 379 900 super
412 820 513 882 cetera
547 817 653 883 omnia
685 821 822 900 peccata,
857 834 936 898 quae
970 815 1032 881 etsi
1065 834 1125 898 per
1158 833 1265 899 corpus

130 921 382 999 committantur,
412 938 474 985 non
504 924 611 986 tamen
638 919 778 985 animum
800 918 975 985 humanum
998 920 1264 1003 concupiscentiae

130 1023 249 1089 carnali
279 1023 325 1088 ita
354 1023 495 1089 efficiunt
524 1021 709 1090 obstrictum
739 1025 771 1087 et
797 1020 976 1100 obnoxium,
1000 1020 1264 1106 quemadmodum

130 1131 163 1195 in
185 1129 251 1194 solo
273 1146 364 1209 opere
386 1125 601 1193 fornicationis
624 1126 792 1210 corporalis
814 1125 1010 1192 commisceri
1026 1125 1108 1191 facit
1124 1125 1289 1191 ammonas

130 1224 180 1298 uis
202 1231 314 1315 ingens
335 1229 478 1296 libidinis
501 1229 662 1313 cumipse
685 1241 809 1311 corpore
832 1231 866 1294 et
888 1248 985 1294 unum
1008 1246 1083 1294 cum
1107 1230 1176 1312 ipse
1191 1247 1262 1312 quo-

130 1338 204 1402 dam
227 1334 318 1401 nrodo
341 1332 534 1417 agglutinari
557 1336 590 1398 et
613 1333 795 1398 deuinctum
817 1350 883 1398 esse
906 1332 939 1398 in
962 1334 1102 1410 tantum,
1126 1333 1165 1396 ut
1186 1331 1261 1396 nihil

130 1437 217 1504 aliud
244 1437 311 1522 ipso
339 1441 495 1503 momento
519 1439 551 1501 ιι
574 1435 784 1519 experimento
809 1435 902 1500 huius
925 1436 994 1500 tam
1018 1436 1131 1518 magni
1152 1434 1261 1519 flagitii

129 1542 266 1627 cogitare
288 1542 408 1607 homini
431 1542 526 1608 liceat
549 1544 604 1606 aut
626 1540 797 1618 intendere,
820 1539 881 1603 nisi
900 1538 983 1622 quod
999 1537 1134 1605 sibimet
1149 1538 1261 1605 addicit

129 1646 328 1728 mentemque
359 1645 516 1728 captiuam
539 1644 648 1709 subdit
670 1645 739 1726 ipsa
761 1642 933 1709 submersio
957 1645 989 1707 ei
1012 1643 1152 1724 quodam
1175 1643 1288 1707 modos

130 1747 304 1814 absorbitio
340 1747 481 1814 libidinis
509 1748 541 1812 et
569 1748 817 1832 concupiscentia
850 1746 995 1825 barnado,
1034 1747 1072 1811 ut
1107 1746 1167 1811 hoc
1199 1763 1261 1809 esso

129 1853 283 1937 uideatur,
299 1854 335 1917 ut
351 1851 470 1916 dictum
486 1856 548 1918 est:
572 1851 640 1933 qui
659 1856 785 1917 autern
802 1851 1038 1935 fornicetur,
1062 1850 1105 1914 in
1125 1866 1261 1931 corpus

129 1955 332 2040 proprium
366 1959 520 2037 peccat,
556 1955 629 2035 quia
658 1958 735 2020 tuno
763 1954 817 2018 fiet
844 1955 968 2037 proprie
998 1955 1031 2017 et
1061 1953 1260 2018 familiariter

129 2077 256 2127 seruum
284 2057 420 2141 corporis
449 2075 499 2122 cor
530 2057 665 2122 hominis
693 2057 874 2123 fornicantis
903 2058 1101 2138 intempore
1132 2057 1260 2121 maxime

129 2162 225 2246 ipsius
252 2162 462 2245 nequissimae
490 2160 687 2243 operationis,
717 2161 750 2224 in
778 2165 914 2242 tantum,
945 2163 982 2226 ut
1007 2162 1074 2243 ipse
1104 2159 1289 2244 apostoluss

128 2264 316 2331 inculcatius
359 2264 467 2330 uolens
512 2266 731 2329 commendare
775 2263 948 2329 cauendum
984 2262 1170 2330 hominibus
1206 2262 1260 2326 hoo

128 2368 249 2433 malum
278 2368 408 2433 dixerit:
439 2366 588 2432 tollens
617 2385 706 2450 ergo
735 2367 903 2432 membra
930 2366 1089 2432 Christi
1120 2366 1260 2433 faciam

128 2471 299 2537 membre
320 2467 573 2537 meretricis?
596 2473 629 2534 ιι
652 2489 796 2535 execrans
820 2488 856 2535 ac
879 2471 1036 2536 detestans
1052 2470 1258 2555 responderit:

129 2574 247 2640 absit.
287 2593 335 2639 an
371 2573 558 2649 nescitis,
593 2574 706 2657 inquit,
744 2575 929 2656 quoniam
965 2574 1030 2656 qui
1067 2573 1260 2639 adhaeret

128 2677 337 2742 meretrici
372 2697 488 2742 unum
526 2694 666 2760 corpus
704 2680 786 2743 est?
816 2679 1072 2755 eruutenim,
1109 2677 1288 2761 inquitas

128 2781 200 2845 duo
222 2780 261 2844 in
284 2797 402 2847 carne
428 2799 513 2845 una.
551 2781 704 2864 numquid
725 2781 782 2847 hoc
804 2788 909 2865 posset
932 2781 994 2847 dici
1017 2780 1056 2845 de
1077 2780 1153 2846 aliis
1169 2785 1259 2863 alque

128 2882 199 2948 aliis
221 2881 398 2967 quibusque
420 2883 607 2950 facinoribus
629 2884 815 2951 homiuum?
838 2885 971 2950 liberum
993 2884 1043 2948 cst
1058 2884 1146 2949 enim
1161 2883 1260 2948 animo

128 2986 265 3053 humano
295 2987 329 3052 in
350 2986 422 3053 aliis
446 2987 620 3074 quibusque
642 2988 812 3055 sceleribus
836 2992 868 3053 et
889 3006 987 3054 unum
1009 2986 1135 3070 aliquid
1157 3003 1260 3052 eorum

129 3089 251 3171 operari
281 3094 311 3155 et
336 3110 371 3156 eo
392 3093 459 3175 ipso
482 3096 622 3175 tempore
644 3091 719 3158 alibi
743 3091 930 3176 cogitatione
953 3090 1102 3171 distendi,
1127 3088 1258 3175 quadiu

128 3193 344 3261 fornicationis
368 3197 435 3279 ipso
458 3215 549 3281 opere
571 3216 606 3263 ao
630 3197 772 3278 ternpore
788 3215 851 3261 non
866 3195 941 3261 licet
955 3194 1070 3274 animo,
1087 3195 1128 3260 ad
1144 3190 1286 3277 aliquus

129 3297 216 3363 aliud
232 3299 431 3383 cogitandum
446 3298 582 3367 liberum
599 3318 675 3366 esse.
705 3300 751 3365 sic
767 3299 852 3364 enim
867 3302 952 3364 totus
969 3296 1061 3364 homo
1078 3296 1258 3364 absorbetur

128 3401 168 3466 ab
190 3399 257 3485 ipso
280 3403 368 3468 etin
390 3406 457 3487 ipso
481 3421 617 3486 corpore¹
641 3405 677 3469 ut
699 3403 764 3470 iem
786 3402 848 3470 dici
865 3421 925 3469 non
940 3402 1040 3485 possit
1055 3404 1125 3484 ipse
1139 3401 1258 3468 animus

128 3522 302 3585 souuerse,
324 3506 378 3570 sed
401 3507 495 3572 simul
518 3509 604 3573 totus
627 3506 719 3572 horno
743 3507 805 3571 dici
828 3505 928 3589 possit
950 3507 1032 3588 quod
1056 3523 1144 3573 caro
1167 3504 1210 3570 sit
1229 3502 1259 3567 ιι

128 3606 299 3691 spiritus
314 3609 460 3675 uadens
476 3614 512 3674 et
525 3628 598 3675 uon
614 3611 827 3675 reuertens.
849 3609 976 3691 sicergo
988 3627 1158 3690 possumus
1169 3606 1259 3674 intel·

128 3711 1286 3797 legeraquiaomnepeccatum,quodcumquefecerithomo,e¹

231 3925 265 3979 29
285 3923 330 3981 Pe.
348 3925 390 3991 77,
408 3925 443 3980 39

180 4118 369 4188 hcorporalia]
389 4120 532 4190 corpere-is
550 4120 588 4189 (al
600 4125 682 4188 erae.)
701 4121 729 4176 P
816 4123 911 4176 ticum
928 4123 987 4191 ipso
1006 4140 1115 4195 corpore
1134 4129 1161 4181 et
1178 4140 1257 4181 uuum

130 4201 208 4257 01²¹:
235 4218 285 4257 om.
307 4203 342 4269 V;
369 4205 423 4263 del.
440 4207 479 4263 1³²
582 4206 640 4276 ipeo
657 4208 780 4278 quodam]
800 4209 856 4277 ipae
873 4224 898 4277 q.
918 4208 978 4263 PV
1079 4209 1257 4282 iagglutiari

128 4288 157 4343 P
241 4290 381 4348 9sibimet
395 4294 462 4351 GP:
489 4293 603 4349 sibidem
619 4294 646 4350 V
729 4296 763 4349 14
780 4311 825 4349 cor
839 4296 917 4351 01³¹:
943 4312 995 4354 οιιι.
1012 4295 1049 4362 V;
1072 4313 1143 4353 crae.
1157 4297 1194 4351 Ρ1

130 4375 326 4433 lhintantum
338 4380 405 4436 GP:
433 4385 465 4435 ut
479 4385 585 4436 tautum
604 4381 632 4435 V
715 4382 879 4437 23humauo
896 4382 930 4437 V:
957 4382 1050 4437 oni-P
1133 4382 1258 4439 25forui·

126 4464 287 4519 cationeeP
345 4482 375 4521 ao
388 4466 425 4521 V:
443 4468 565 4537 atqueP
631 4466 822 4537 aliudaliquid
835 4468 891 4523 GP
949 4467 984 4522 26
996 4467 1157 4524 absoruetur
1171 4468 1198 4523 V
