<?xml version="1.0" encoding="UTF-8"?>
<!DOCTYPE html PUBLIC "-//W3C//DTD XHTML 1.0 Transitional//EN"
    "http://www.w3.org/TR/xhtml1/DTD/xhtml1-transitional.dtd">
<html xmlns="http://www.w3.org/1999/xhtml" xml:lang="en" lang="en">
 <head>
  <title>
</title>
<meta http-equiv="Content-Type" content="text/html;charset=utf-8" />
  <meta name='ocr-system' content='tesseract 3.04.00' />
  <meta name='ocr-capabilities' content='ocr_page ocr_carea ocr_par ocr_line ocrx_word'/>
</head>
<body>
  <div class='ocr_page' id='page_1' title='image "./evgippiiexcerpt00kngoog/evgippiiexcerpt00kngoog_0619.png"; bbox 0 0 2760 4814; ppageno 0'>
   <div class='ocr_carea' id='block_1_1' title="bbox 195 307 841 382">
    <p class='ocr_par' dir='ltr' id='par_1_1' title="bbox 195 307 841 382">
     <span class='ocr_line' id='line_1_1' title="bbox 195 307 841 382; baseline -0.005 -19"><span class='ocrx_word' id='word_1_1' title='bbox 195 314 260 382; x_wconf 81' lang='lat'>596</span> <span class='ocrx_word' id='word_1_2' title='bbox 678 307 841 377; x_wconf 72' lang='lat' dir='ltr'>Eugippii</span> 
     </span>
    </p>
   </div>
   <div class='ocr_carea' id='block_1_2' title="bbox 197 495 1322 787">
    <p class='ocr_par' dir='ltr' id='par_1_2' title="bbox 197 495 1322 787">
     <span class='ocr_line' id='line_1_2' title="bbox 197 495 1322 583; baseline -0.008 -14"><span class='ocrx_word' id='word_1_3' title='bbox 197 501 276 569; x_wconf 88' lang='lat' dir='ltr'>talia</span> <span class='ocrx_word' id='word_1_4' title='bbox 296 498 503 583; x_wconf 75' lang='lat' dir='ltr'>concupiscit,</span> <span class='ocrx_word' id='word_1_5' title='bbox 538 496 628 564; x_wconf 90' lang='lat' dir='ltr'>illam</span> <span class='ocrx_word' id='word_1_6' title='bbox 650 514 723 562; x_wconf 88' lang='lat' dir='ltr'>nero</span> <span class='ocrx_word' id='word_1_7' title='bbox 750 496 796 561; x_wconf 90' lang='lat' dir='ltr'>ita</span> <span class='ocrx_word' id='word_1_8' title='bbox 818 495 924 561; x_wconf 89' lang='lat' dir='ltr'>morbo</span> <span class='ocrx_word' id='word_1_9' title='bbox 946 496 1120 580; x_wconf 82' lang='lat' dir='ltr'>incurram,</span> <span class='ocrx_word' id='word_1_10' title='bbox 1150 501 1186 562; x_wconf 87' lang='lat' dir='ltr'>ut</span> <span class='ocrx_word' id='word_1_11' title='bbox 1208 514 1242 563; x_wconf 89' lang='lat' dir='ltr'>se</span> <span class='ocrx_word' id='word_1_12' title='bbox 1264 495 1322 561; x_wconf 90' lang='lat' dir='ltr'>eri·</span> 
     </span>
     <span class='ocr_line' id='line_1_3' title="bbox 197 597 1321 689; baseline -0.004 -20"><span class='ocrx_word' id='word_1_13' title='bbox 197 622 272 689; x_wconf 84' lang='lat' dir='ltr'>gere</span> <span class='ocrx_word' id='word_1_14' title='bbox 294 620 354 669; x_wconf 93' lang='lat' dir='ltr'>non</span> <span class='ocrx_word' id='word_1_15' title='bbox 376 605 490 687; x_wconf 86' lang='lat' dir='ltr'>posset,</span> <span class='ocrx_word' id='word_1_16' title='bbox 515 602 639 667; x_wconf 87' lang='lat' dir='ltr'>animae</span> <span class='ocrx_word' id='word_1_17' title='bbox 661 602 792 666; x_wconf 89' lang='lat' dir='ltr'>terrenis</span> <span class='ocrx_word' id='word_1_18' title='bbox 814 599 1011 683; x_wconf 83' lang='lat' dir='ltr'>opinionibus</span> <span class='ocrx_word' id='word_1_19' title='bbox 1029 597 1212 666; x_wconf 72' lang='lat' dir='ltr'>debilitatae</span> <span class='ocrx_word' id='word_1_20' title='bbox 1227 600 1321 682; x_wconf 87' lang='lat' dir='ltr'>atque</span> 
     </span>
     <span class='ocr_line' id='line_1_4' title="bbox 198 700 1003 787; baseline -0.007 -16"><span class='ocrx_word' id='word_1_21' title='bbox 198 720 371 787; x_wconf 80' lang='lat' dir='ltr'>oppressae,</span> <span class='ocrx_word' id='word_1_22' title='bbox 393 705 439 768; x_wconf 90' lang='lat' dir='ltr'>ita</span> <span class='ocrx_word' id='word_1_23' title='bbox 460 706 496 768; x_wconf 90' lang='lat' dir='ltr'>nt</span> <span class='ocrx_word' id='word_1_24' title='bbox 518 701 626 766; x_wconf 89' lang='lat' dir='ltr'>dinina</span> <span class='ocrx_word' id='word_1_25' title='bbox 647 701 782 783; x_wconf 87' lang='lat' dir='ltr'>cogitare</span> <span class='ocrx_word' id='word_1_26' title='bbox 804 717 865 764; x_wconf 90' lang='lat' dir='ltr'>non</span> <span class='ocrx_word' id='word_1_27' title='bbox 889 700 1003 765; x_wconf 88' lang='lat' dir='ltr'>ualeat.</span> 
     </span>
    </p>
   </div>
   <div class='ocr_carea' id='block_1_3' title="bbox 672 985 843 1071">
    <p class='ocr_par' dir='ltr' id='par_1_3' title="bbox 672 985 843 1071">
     <span class='ocr_line' id='line_1_5' title="bbox 672 985 843 1071; baseline -0.012 0"><span class='ocrx_word' id='word_1_28' title='bbox 672 985 843 1071; x_wconf 83' lang='lat' dir='ltr'>CLXXV.</span> 
     </span>
    </p>
   </div>
   <div class='ocr_carea' id='block_1_4' title="bbox 198 1178 1323 1344">
    <p class='ocr_par' dir='ltr' id='par_1_4' title="bbox 198 1178 1323 1344">
     <span class='ocr_line' id='line_1_6' title="bbox 198 1178 1323 1245; baseline 0 -14"><span class='ocrx_word' id='word_1_29' title='bbox 198 1184 245 1231; x_wconf 79' lang='lat' dir='ltr'>EX</span> <span class='ocrx_word' id='word_1_30' title='bbox 273 1181 393 1230; x_wconf 73' lang='lat' dir='ltr'><strong>EODEM</strong></span> <span class='ocrx_word' id='word_1_31' title='bbox 421 1178 525 1228; x_wconf 85' lang='lat' dir='ltr'>LIBRO</span> <span class='ocrx_word' id='word_1_32' title='bbox 554 1178 797 1241; x_wconf 72' lang='lat' dir='ltr'>QVAESTIONVM</span> <span class='ocrx_word' id='word_1_33' title='bbox 826 1178 1014 1227; x_wconf 77' lang='lat' dir='ltr'>EVANGELII</span> <span class='ocrx_word' id='word_1_34' title='bbox 1044 1180 1081 1227; x_wconf 93' lang='lat'>11.</span> <span class='ocrx_word' id='word_1_35' title='bbox 1118 1180 1165 1227; x_wconf 76' lang='lat' dir='ltr'>DF}</span> <span class='ocrx_word' id='word_1_36' title='bbox 1194 1181 1323 1245; x_wconf 72' lang='lat' dir='ltr'>mmm,</span> 
     </span>
     <span class='ocr_line' id='line_1_7' title="bbox 352 1279 1171 1344; baseline -0.002 -12"><span class='ocrx_word' id='word_1_37' title='bbox 352 1284 447 1344; x_wconf 76' lang='lat' dir='ltr'>Qvnnr</span> <span class='ocrx_word' id='word_1_38' title='bbox 469 1279 622 1331; x_wconf 72' lang='lat' dir='ltr'>nolimve</span> <span class='ocrx_word' id='word_1_39' title='bbox 644 1280 726 1330; x_wconf 77' lang='lat' dir='ltr'>SVVS</span> <span class='ocrx_word' id='word_1_40' title='bbox 748 1280 908 1330; x_wconf 76' lang='lat' dir='ltr'>EICIEBA&#39;I&#39;</span> <span class='ocrx_word' id='word_1_41' title='bbox 929 1282 976 1330; x_wconf 80' lang='lat' dir='ltr'>DE</span> <span class='ocrx_word' id='word_1_42' title='bbox 998 1281 1171 1331; x_wconf 84' lang='lat' dir='ltr'>VILICA&#39;IV.</span> 
     </span>
    </p>
   </div>
   <div class='ocr_carea' id='block_1_5' title="bbox 128 1421 1342 3263">
    <p class='ocr_par' dir='ltr' id='par_1_5' title="bbox 128 1421 1342 3263">
     <span class='ocr_line' id='line_1_8' title="bbox 128 1421 1326 1507; baseline -0.005 -13"><span class='ocrx_word' id='word_1_43' title='bbox 128 1432 190 1498; x_wconf 78' lang='lat'>192</span> <span class='ocrx_word' id='word_1_44' title='bbox 242 1426 279 1489; x_wconf 94' lang='lat' dir='ltr'>In</span> <span class='ocrx_word' id='word_1_45' title='bbox 309 1425 410 1502; x_wconf 89' lang='lat' dir='ltr'>nilico,</span> <span class='ocrx_word' id='word_1_46' title='bbox 441 1442 534 1507; x_wconf 89' lang='lat' dir='ltr'>quem</span> <span class='ocrx_word' id='word_1_47' title='bbox 564 1421 707 1487; x_wconf 88' lang='lat' dir='ltr'>dominns</span> <span class='ocrx_word' id='word_1_48' title='bbox 738 1421 870 1487; x_wconf 81' lang='lat' dir='ltr'>eiciebat</span> <span class='ocrx_word' id='word_1_49' title='bbox 897 1423 934 1486; x_wconf 89' lang='lat' dir='ltr'>de</span> <span class='ocrx_word' id='word_1_50' title='bbox 964 1421 1094 1486; x_wconf 89' lang='lat' dir='ltr'>uilicatu</span> <span class='ocrx_word' id='word_1_51' title='bbox 1117 1422 1150 1486; x_wconf 91' lang='lat' dir='ltr'>et</span> <span class='ocrx_word' id='word_1_52' title='bbox 1180 1423 1326 1488; x_wconf 86' lang='lat' dir='ltr'>laudauit</span> 
     </span>
     <span class='ocr_line' id='line_1_9' title="bbox 200 1525 1324 1611; baseline -0.001 -18"><span class='ocrx_word' id='word_1_53' title='bbox 200 1547 281 1611; x_wconf 88' lang='lat' dir='ltr'>enm,</span> <span class='ocrx_word' id='word_1_54' title='bbox 311 1526 392 1611; x_wconf 89' lang='lat' dir='ltr'>quod</span> <span class='ocrx_word' id='word_1_55' title='bbox 420 1525 454 1590; x_wconf 92' lang='lat' dir='ltr'>in</span> <span class='ocrx_word' id='word_1_56' title='bbox 483 1526 625 1590; x_wconf 87' lang='lat' dir='ltr'>futurum</span> <span class='ocrx_word' id='word_1_57' title='bbox 650 1525 710 1591; x_wconf 89' lang='lat' dir='ltr'>sibi</span> <span class='ocrx_word' id='word_1_58' title='bbox 732 1525 933 1608; x_wconf 83' lang='lat' dir='ltr'>prospexerit,</span> <span class='ocrx_word' id='word_1_59' title='bbox 964 1542 1024 1590; x_wconf 92' lang='lat' dir='ltr'>non</span> <span class='ocrx_word' id='word_1_60' title='bbox 1047 1525 1154 1590; x_wconf 89' lang='lat' dir='ltr'>omnia</span> <span class='ocrx_word' id='word_1_61' title='bbox 1176 1526 1324 1592; x_wconf 87' lang='lat' dir='ltr'>debemus</span> 
     </span>
     <span class='ocr_line' id='line_1_10' title="bbox 201 1627 1325 1698; baseline -0.002 -1"><span class='ocrx_word' id='word_1_62' title='bbox 201 1633 240 1698; x_wconf 89' lang='lat' dir='ltr'>ad</span> <span class='ocrx_word' id='word_1_63' title='bbox 262 1629 451 1696; x_wconf 88' lang='lat' dir='ltr'>imitandum</span> <span class='ocrx_word' id='word_1_64' title='bbox 473 1647 604 1694; x_wconf 86' lang='lat' dir='ltr'>sumere.</span> <span class='ocrx_word' id='word_1_65' title='bbox 642 1648 700 1694; x_wconf 93' lang='lat' dir='ltr'>non</span> <span class='ocrx_word' id='word_1_66' title='bbox 728 1632 811 1694; x_wconf 90' lang='lat' dir='ltr'>enim</span> <span class='ocrx_word' id='word_1_67' title='bbox 833 1632 889 1693; x_wconf 86' lang='lat' dir='ltr'>ent</span> <span class='ocrx_word' id='word_1_68' title='bbox 910 1627 1034 1694; x_wconf 91' lang='lat' dir='ltr'>domino</span> <span class='ocrx_word' id='word_1_69' title='bbox 1058 1631 1162 1693; x_wconf 89' lang='lat' dir='ltr'>nostro</span> <span class='ocrx_word' id='word_1_70' title='bbox 1183 1628 1325 1695; x_wconf 80' lang='lat' dir='ltr'>facienda</span> 
     </span>
     <span class='ocr_line' id='line_1_11' title="bbox 202 1730 1342 1816; baseline -0.004 -16"><span class='ocrx_word' id='word_1_71' title='bbox 202 1733 303 1800; x_wconf 85' lang='lat' dir='ltr'>estin</span> <span class='ocrx_word' id='word_1_72' title='bbox 326 1733 430 1816; x_wconf 88' lang='lat' dir='ltr'>aliqno</span> <span class='ocrx_word' id='word_1_73' title='bbox 453 1732 547 1809; x_wconf 75' lang='lat' dir='ltr'>bane,</span> <span class='ocrx_word' id='word_1_74' title='bbox 578 1734 614 1797; x_wconf 91' lang='lat' dir='ltr'>nt</span> <span class='ocrx_word' id='word_1_75' title='bbox 637 1736 673 1798; x_wconf 87' lang='lat' dir='ltr'>de</span> <span class='ocrx_word' id='word_1_76' title='bbox 702 1732 771 1814; x_wconf 89' lang='lat' dir='ltr'>ipsa</span> <span class='ocrx_word' id='word_1_77' title='bbox 801 1731 907 1797; x_wconf 83' lang='lat' dir='ltr'>frande</span> <span class='ocrx_word' id='word_1_78' title='bbox 936 1731 1129 1816; x_wconf 83' lang='lat' dir='ltr'>elemosynas</span> <span class='ocrx_word' id='word_1_79' title='bbox 1159 1730 1342 1810; x_wconf 74' lang='lat' dir='ltr'>farlamnsr</span> 
     </span>
     <span class='ocr_line' id='line_1_12' title="bbox 201 1834 1325 1921; baseline -0.004 -17"><span class='ocrx_word' id='word_1_80' title='bbox 201 1838 257 1904; x_wconf 92' lang='lat' dir='ltr'>ant</span> <span class='ocrx_word' id='word_1_81' title='bbox 279 1855 331 1903; x_wconf 90' lang='lat' dir='ltr'>eos</span> <span class='ocrx_word' id='word_1_82' title='bbox 349 1856 368 1903; x_wconf 90' lang='lat' dir='ltr'>a</span> <span class='ocrx_word' id='word_1_83' title='bbox 389 1835 501 1920; x_wconf 89' lang='lat' dir='ltr'>quibus</span> <span class='ocrx_word' id='word_1_84' title='bbox 524 1836 620 1921; x_wconf 82' lang='lat' dir='ltr'>recipi</span> <span class='ocrx_word' id='word_1_85' title='bbox 643 1835 788 1901; x_wconf 87' lang='lat' dir='ltr'>nolumus</span> <span class='ocrx_word' id='word_1_86' title='bbox 810 1836 844 1900; x_wconf 90' lang='lat' dir='ltr'>in</span> <span class='ocrx_word' id='word_1_87' title='bbox 867 1834 1068 1902; x_wconf 86' lang='lat' dir='ltr'>tebemacnle</span> <span class='ocrx_word' id='word_1_88' title='bbox 1095 1837 1221 1901; x_wconf 86' lang='lat' dir='ltr'>aeterne</span> <span class='ocrx_word' id='word_1_89' title='bbox 1242 1840 1325 1901; x_wconf 91' lang='lat' dir='ltr'>tam·</span> 
     </span>
     <span class='ocr_line' id='line_1_13' title="bbox 201 1937 1325 2025; baseline -0.004 -18"><span class='ocrx_word' id='word_1_90' title='bbox 201 1958 296 2025; x_wconf 90' lang='lat' dir='ltr'>quam</span> <span class='ocrx_word' id='word_1_91' title='bbox 325 1939 478 2006; x_wconf 80' lang='lat' dir='ltr'>debitores</span> <span class='ocrx_word' id='word_1_92' title='bbox 509 1939 559 2005; x_wconf 88' lang='lat' dir='ltr'>dei</span> <span class='ocrx_word' id='word_1_93' title='bbox 589 1944 620 2005; x_wconf 90' lang='lat' dir='ltr'>et</span> <span class='ocrx_word' id='word_1_94' title='bbox 648 1939 764 2005; x_wconf 93' lang='lat' dir='ltr'>domini</span> <span class='ocrx_word' id='word_1_95' title='bbox 794 1940 891 2004; x_wconf 87' lang='lat' dir='ltr'>nostri</span> <span class='ocrx_word' id='word_1_96' title='bbox 922 1940 968 2004; x_wconf 85' lang='lat' dir='ltr'>fas</span> <span class='ocrx_word' id='word_1_97' title='bbox 991 1944 1039 2005; x_wconf 90' lang='lat' dir='ltr'>est</span> <span class='ocrx_word' id='word_1_98' title='bbox 1069 1937 1221 2021; x_wconf 83' lang='lat' dir='ltr'>intellegi,</span> <span class='ocrx_word' id='word_1_99' title='bbox 1254 1955 1325 2002; x_wconf 91' lang='lat' dir='ltr'>cnm</span> 
     </span>
     <span class='ocr_line' id='line_1_14' title="bbox 202 2041 1325 2127; baseline -0.004 -18"><span class='ocrx_word' id='word_1_100' title='bbox 202 2043 277 2109; x_wconf 89' lang='lat' dir='ltr'>insti</span> <span class='ocrx_word' id='word_1_101' title='bbox 300 2048 332 2110; x_wconf 92' lang='lat' dir='ltr'>et</span> <span class='ocrx_word' id='word_1_102' title='bbox 354 2045 455 2110; x_wconf 87' lang='lat' dir='ltr'>saneti</span> <span class='ocrx_word' id='word_1_103' title='bbox 485 2042 700 2127; x_wconf 85' lang='lat' dir='ltr'>significentur</span> <span class='ocrx_word' id='word_1_104' title='bbox 722 2042 780 2106; x_wconf 90' lang='lat' dir='ltr'>hoc</span> <span class='ocrx_word' id='word_1_105' title='bbox 808 2042 886 2119; x_wconf 91' lang='lat' dir='ltr'>loco,</span> <span class='ocrx_word' id='word_1_106' title='bbox 917 2044 970 2125; x_wconf 91' lang='lat' dir='ltr'>qui</span> <span class='ocrx_word' id='word_1_107' title='bbox 996 2061 1047 2107; x_wconf 91' lang='lat' dir='ltr'>eos</span> <span class='ocrx_word' id='word_1_108' title='bbox 1071 2041 1273 2107; x_wconf 88' lang='lat' dir='ltr'>introducant</span> <span class='ocrx_word' id='word_1_109' title='bbox 1295 2042 1325 2106; x_wconf 95' lang='lat' dir='ltr'>in</span> 
     </span>
     <span class='ocr_line' id='line_1_15' title="bbox 201 2144 1327 2232; baseline -0.004 -19"><span class='ocrx_word' id='word_1_110' title='bbox 201 2145 406 2215; x_wconf 78' lang='lat' dir='ltr'>tabernacula</span> <span class='ocrx_word' id='word_1_111' title='bbox 429 2148 565 2232; x_wconf 89' lang='lat' dir='ltr'>aeterna,</span> <span class='ocrx_word' id='word_1_112' title='bbox 588 2147 642 2229; x_wconf 86' lang='lat' dir='ltr'>qui</span> <span class='ocrx_word' id='word_1_113' title='bbox 665 2146 902 2211; x_wconf 87' lang='lat' dir='ltr'>necessitatibus</span> <span class='ocrx_word' id='word_1_114' title='bbox 925 2146 989 2210; x_wconf 91' lang='lat' dir='ltr'>snis</span> <span class='ocrx_word' id='word_1_115' title='bbox 1005 2146 1129 2210; x_wconf 88' lang='lat' dir='ltr'>terrena</span> <span class='ocrx_word' id='word_1_116' title='bbox 1143 2144 1226 2209; x_wconf 88' lang='lat' dir='ltr'>bona</span> <span class='ocrx_word' id='word_1_117' title='bbox 1242 2162 1327 2210; x_wconf 93' lang='lat' dir='ltr'>com·</span> 
     </span>
     <span class='ocr_line' id='line_1_16' title="bbox 201 2246 1342 2334; baseline -0.001 -19"><span class='ocrx_word' id='word_1_118' title='bbox 201 2250 445 2334; x_wconf 79' lang='lat' dir='ltr'>manicanerint3</span> <span class='ocrx_word' id='word_1_119' title='bbox 468 2249 642 2332; x_wconf 87' lang='lat' dir='ltr'>dequibus</span> <span class='ocrx_word' id='word_1_120' title='bbox 665 2250 760 2314; x_wconf 88' lang='lat' dir='ltr'>ctiam</span> <span class='ocrx_word' id='word_1_121' title='bbox 783 2248 878 2314; x_wconf 89' lang='lat' dir='ltr'>dicit:</span> <span class='ocrx_word' id='word_1_122' title='bbox 908 2249 1006 2331; x_wconf 88' lang='lat' dir='ltr'>quod</span> <span class='ocrx_word' id='word_1_123' title='bbox 1029 2248 1062 2312; x_wconf 92' lang='lat' dir='ltr'>si</span> <span class='ocrx_word' id='word_1_124' title='bbox 1085 2249 1175 2330; x_wconf 91' lang='lat' dir='ltr'>quis</span> <span class='ocrx_word' id='word_1_125' title='bbox 1197 2246 1342 2314; x_wconf 83' lang='lat' dir='ltr'>alicnir</span> 
     </span>
     <span class='ocr_line' id='line_1_17' title="bbox 201 2352 1327 2437; baseline -0.005 -14"><span class='ocrx_word' id='word_1_126' title='bbox 201 2374 331 2423; x_wconf 90' lang='lat' dir='ltr'>eornm</span> <span class='ocrx_word' id='word_1_127' title='bbox 365 2354 529 2421; x_wconf 85' lang='lat' dir='ltr'>calicem</span> <span class='ocrx_word' id='word_1_128' title='bbox 559 2372 680 2437; x_wconf 88' lang='lat' dir='ltr'>aquae</span> <span class='ocrx_word' id='word_1_129' title='bbox 709 2352 881 2436; x_wconf 83' lang='lat' dir='ltr'>frigidae</span> <span class='ocrx_word' id='word_1_130' title='bbox 912 2352 1066 2418; x_wconf 87' lang='lat' dir='ltr'>dederit</span> <span class='ocrx_word' id='word_1_131' title='bbox 1099 2352 1257 2418; x_wconf 88' lang='lat' dir='ltr'>tantum</span> <span class='ocrx_word' id='word_1_132' title='bbox 1288 2354 1327 2417; x_wconf 95' lang='lat' dir='ltr'>in</span> 
     </span>
     <span class='ocr_line' id='line_1_18' title="bbox 201 2454 1327 2538; baseline -0.004 -15"><span class='ocrx_word' id='word_1_133' title='bbox 201 2457 359 2524; x_wconf 90' lang='lat' dir='ltr'>nomine</span> <span class='ocrx_word' id='word_1_134' title='bbox 382 2456 593 2538; x_wconf 86' lang='lat' dir='ltr'>discipuli,</span> <span class='ocrx_word' id='word_1_135' title='bbox 623 2474 694 2521; x_wconf 91' lang='lat' dir='ltr'>non</span> <span class='ocrx_word' id='word_1_136' title='bbox 716 2456 855 2538; x_wconf 89' lang='lat' dir='ltr'>perdet</span> <span class='ocrx_word' id='word_1_137' title='bbox 876 2457 1090 2520; x_wconf 88' lang='lat' dir='ltr'>mercedem</span> <span class='ocrx_word' id='word_1_138' title='bbox 1113 2474 1230 2520; x_wconf 89' lang='lat' dir='ltr'>snam.</span> <span class='ocrx_word' id='word_1_139' title='bbox 1273 2454 1327 2519; x_wconf 91' lang='lat' dir='ltr'>sed</span> 
     </span>
     <span class='ocr_line' id='line_1_19' title="bbox 201 2556 1327 2639; baseline -0.002 -15"><span class='ocrx_word' id='word_1_140' title='bbox 201 2559 300 2625; x_wconf 89' lang='lat' dir='ltr'>etiam</span> <span class='ocrx_word' id='word_1_141' title='bbox 315 2578 332 2625; x_wconf 91' lang='lat' dir='ltr'>e</span> <span class='ocrx_word' id='word_1_142' title='bbox 347 2558 501 2625; x_wconf 72' lang='lat' dir='ltr'>contario</span> <span class='ocrx_word' id='word_1_143' title='bbox 516 2560 673 2626; x_wconf 90' lang='lat' dir='ltr'>dncnntnr</span> <span class='ocrx_word' id='word_1_144' title='bbox 694 2558 773 2624; x_wconf 88' lang='lat' dir='ltr'>istae</span> <span class='ocrx_word' id='word_1_145' title='bbox 788 2556 1022 2639; x_wconf 85' lang='lat' dir='ltr'>similitudines,</span> <span class='ocrx_word' id='word_1_146' title='bbox 1045 2561 1081 2622; x_wconf 91' lang='lat' dir='ltr'>ut</span> <span class='ocrx_word' id='word_1_147' title='bbox 1096 2557 1327 2638; x_wconf 86' lang='lat' dir='ltr'>intellegamus,</span> 
     </span>
     <span class='ocr_line' id='line_1_20' title="bbox 201 2659 1328 2746; baseline -0.003 -18"><span class='ocrx_word' id='word_1_148' title='bbox 201 2665 229 2728; x_wconf 92' lang='lat' dir='ltr'>si</span> <span class='ocrx_word' id='word_1_149' title='bbox 250 2662 371 2728; x_wconf 87' lang='lat' dir='ltr'>landari</span> <span class='ocrx_word' id='word_1_150' title='bbox 392 2663 494 2746; x_wconf 87' lang='lat' dir='ltr'>potnit</span> <span class='ocrx_word' id='word_1_151' title='bbox 515 2661 569 2728; x_wconf 91' lang='lat' dir='ltr'>ille</span> <span class='ocrx_word' id='word_1_152' title='bbox 592 2681 611 2728; x_wconf 88' lang='lat' dir='ltr'>a</span> <span class='ocrx_word' id='word_1_153' title='bbox 631 2661 765 2740; x_wconf 87' lang='lat' dir='ltr'>domine,</span> <span class='ocrx_word' id='word_1_154' title='bbox 798 2660 848 2727; x_wconf 87' lang='lat' dir='ltr'>cni</span> <span class='ocrx_word' id='word_1_155' title='bbox 870 2660 1012 2727; x_wconf 86' lang='lat' dir='ltr'>fraudem</span> <span class='ocrx_word' id='word_1_156' title='bbox 1034 2659 1178 2742; x_wconf 87' lang='lat' dir='ltr'>faciebat,</span> <span class='ocrx_word' id='word_1_157' title='bbox 1211 2664 1328 2744; x_wconf 88' lang='lat' dir='ltr'>quanto</span> 
     </span>
     <span class='ocr_line' id='line_1_21' title="bbox 202 2764 1342 2849; baseline -0.003 -17"><span class='ocrx_word' id='word_1_158' title='bbox 202 2766 338 2849; x_wconf 89' lang='lat' dir='ltr'>amplins</span> <span class='ocrx_word' id='word_1_159' title='bbox 366 2764 509 2848; x_wconf 86' lang='lat' dir='ltr'>placeant</span> <span class='ocrx_word' id='word_1_160' title='bbox 539 2765 666 2831; x_wconf 89' lang='lat' dir='ltr'>domino</span> <span class='ocrx_word' id='word_1_161' title='bbox 688 2764 744 2830; x_wconf 90' lang='lat' dir='ltr'>deo</span> <span class='ocrx_word' id='word_1_162' title='bbox 773 2765 828 2847; x_wconf 88' lang='lat' dir='ltr'>qui</span> <span class='ocrx_word' id='word_1_163' title='bbox 849 2764 1018 2830; x_wconf 86' lang='lat' dir='ltr'>secundum</span> <span class='ocrx_word' id='word_1_164' title='bbox 1039 2765 1105 2829; x_wconf 88' lang='lat' dir='ltr'>eius</span> <span class='ocrx_word' id='word_1_165' title='bbox 1127 2768 1342 2848; x_wconf 84' lang='lat' dir='ltr'>praeceptnmr</span> 
     </span>
     <span class='ocr_line' id='line_1_22' title="bbox 202 2866 1329 2954; baseline -0.003 -20"><span class='ocrx_word' id='word_1_166' title='bbox 202 2869 258 2935; x_wconf 91' lang='lat' dir='ltr'>illa</span> <span class='ocrx_word' id='word_1_167' title='bbox 272 2886 366 2951; x_wconf 86' lang='lat' dir='ltr'>opera</span> <span class='ocrx_word' id='word_1_168' title='bbox 386 2867 521 2954; x_wconf 86' lang='lat' dir='ltr'>faciunt;</span> <span class='ocrx_word' id='word_1_169' title='bbox 544 2868 625 2934; x_wconf 92' lang='lat' dir='ltr'>sicnt</span> <span class='ocrx_word' id='word_1_170' title='bbox 645 2866 742 2933; x_wconf 86' lang='lat' dir='ltr'>etiam</span> <span class='ocrx_word' id='word_1_171' title='bbox 758 2869 795 2932; x_wconf 88' lang='lat' dir='ltr'>de</span> <span class='ocrx_word' id='word_1_172' title='bbox 816 2866 918 2933; x_wconf 89' lang='lat' dir='ltr'>iudice</span> <span class='ocrx_word' id='word_1_173' title='bbox 941 2866 1128 2950; x_wconf 85' lang='lat' dir='ltr'>iniqnitatis,</span> <span class='ocrx_word' id='word_1_174' title='bbox 1152 2867 1207 2949; x_wconf 90' lang='lat' dir='ltr'>qni</span> <span class='ocrx_word' id='word_1_175' title='bbox 1229 2868 1329 2932; x_wconf 88' lang='lat' dir='ltr'>inter-</span> 
     </span>
     <span class='ocr_line' id='line_1_23' title="bbox 203 2970 1328 3057; baseline -0.003 -19"><span class='ocrx_word' id='word_1_176' title='bbox 203 2972 377 3057; x_wconf 82' lang='lat' dir='ltr'>pellabatur</span> <span class='ocrx_word' id='word_1_177' title='bbox 399 2990 418 3037; x_wconf 89' lang='lat' dir='ltr'>a</span> <span class='ocrx_word' id='word_1_178' title='bbox 439 2971 544 3045; x_wconf 87' lang='lat' dir='ltr'>uidua,</span> <span class='ocrx_word' id='word_1_179' title='bbox 579 2971 840 3054; x_wconf 90' lang='lat' dir='ltr'>comparationem</span> <span class='ocrx_word' id='word_1_180' title='bbox 870 2972 957 3035; x_wconf 84' lang='lat' dir='ltr'>duxit</span> <span class='ocrx_word' id='word_1_181' title='bbox 987 2971 1026 3035; x_wconf 91' lang='lat' dir='ltr'>ad</span> <span class='ocrx_word' id='word_1_182' title='bbox 1060 2970 1194 3035; x_wconf 86' lang='lat' dir='ltr'>indicem</span> <span class='ocrx_word' id='word_1_183' title='bbox 1225 2973 1328 3055; x_wconf 80' lang='lat' dir='ltr'>denna,</span> 
     </span>
     <span class='ocr_line' id='line_1_24' title="bbox 203 3072 1329 3159; baseline -0.004 -16"><span class='ocrx_word' id='word_1_184' title='bbox 203 3076 255 3143; x_wconf 92' lang='lat' dir='ltr'>cui</span> <span class='ocrx_word' id='word_1_185' title='bbox 277 3076 365 3144; x_wconf 89' lang='lat' dir='ltr'>nulla</span> <span class='ocrx_word' id='word_1_186' title='bbox 386 3094 423 3142; x_wconf 83' lang='lat' dir='ltr'>ex</span> <span class='ocrx_word' id='word_1_187' title='bbox 443 3077 533 3159; x_wconf 86' lang='lat' dir='ltr'>parte</span> <span class='ocrx_word' id='word_1_188' title='bbox 554 3074 647 3140; x_wconf 87' lang='lat' dir='ltr'>iudex</span> <span class='ocrx_word' id='word_1_189' title='bbox 670 3075 794 3157; x_wconf 85' lang='lat' dir='ltr'>iniquus</span> <span class='ocrx_word' id='word_1_190' title='bbox 817 3072 1019 3139; x_wconf 84' lang='lat' dir='ltr'>conferendus</span> <span class='ocrx_word' id='word_1_191' title='bbox 1035 3078 1092 3139; x_wconf 91' lang='lat' dir='ltr'>est.</span> <span class='ocrx_word' id='word_1_192' title='bbox 1123 3072 1206 3155; x_wconf 90' lang='lat' dir='ltr'>qnod</span> <span class='ocrx_word' id='word_1_193' title='bbox 1221 3076 1329 3139; x_wconf 88' lang='lat' dir='ltr'>antem</span> 
     </span>
     <span class='ocr_line' id='line_1_25' title="bbox 204 3175 1331 3263; baseline -0.001 -20"><span class='ocrx_word' id='word_1_194' title='bbox 204 3178 242 3244; x_wconf 89' lang='lat' dir='ltr'>de</span> <span class='ocrx_word' id='word_1_195' title='bbox 273 3179 398 3245; x_wconf 92' lang='lat' dir='ltr'>centnm</span> <span class='ocrx_word' id='word_1_196' title='bbox 428 3177 511 3243; x_wconf 90' lang='lat' dir='ltr'>cadis</span> <span class='ocrx_word' id='word_1_197' title='bbox 541 3177 600 3244; x_wconf 91' lang='lat' dir='ltr'>olei</span> <span class='ocrx_word' id='word_1_198' title='bbox 629 3177 856 3263; x_wconf 82' lang='lat' dir='ltr'>qninquaginta</span> <span class='ocrx_word' id='word_1_199' title='bbox 877 3176 972 3242; x_wconf 90' lang='lat' dir='ltr'>scribi</span> <span class='ocrx_word' id='word_1_200' title='bbox 997 3177 1071 3242; x_wconf 84' lang='lat' dir='ltr'>fecit</span> <span class='ocrx_word' id='word_1_201' title='bbox 1094 3195 1112 3242; x_wconf 89' lang='lat' dir='ltr'>a</span> <span class='ocrx_word' id='word_1_202' title='bbox 1135 3175 1277 3242; x_wconf 89' lang='lat' dir='ltr'>debitore</span> <span class='ocrx_word' id='word_1_203' title='bbox 1299 3180 1331 3243; x_wconf 91' lang='lat' dir='ltr'>et</span> 
     </span>
    </p>
   </div>
   <div class='ocr_carea' id='block_1_6' title="bbox 306 3380 1263 3449">
    <p class='ocr_par' dir='ltr' id='par_1_6' title="bbox 306 3380 1263 3449">
     <span class='ocr_line' id='line_1_26' title="bbox 306 3380 1263 3449; baseline 0 -12"><span class='ocrx_word' id='word_1_204' title='bbox 306 3383 323 3437; x_wconf 90' lang='grc'><strong>5</strong></span> <span class='ocrx_word' id='word_1_205' title='bbox 335 3380 369 3439; x_wconf 74' lang='lat' dir='ltr'>ei.</span> <span class='ocrx_word' id='word_1_206' title='bbox 382 3380 445 3439; x_wconf 58' lang='lat' dir='ltr'>Iane.</span> <span class='ocrx_word' id='word_1_207' title='bbox 458 3382 499 3449; x_wconf 86' lang='grc'>16,</span> <span class='ocrx_word' id='word_1_208' title='bbox 513 3383 581 3436; x_wconf 80' lang='grc'>1-0</span> <span class='ocrx_word' id='word_1_209' title='bbox 650 3382 682 3438; x_wconf 84' lang='grc'>15</span> <span class='ocrx_word' id='word_1_210' title='bbox 694 3381 792 3437; x_wconf 68' lang='lat' dir='ltr'>naen.</span> <span class='ocrx_word' id='word_1_211' title='bbox 807 3382 848 3448; x_wconf 87' lang='lat'>10,</span> <span class='ocrx_word' id='word_1_212' title='bbox 860 3381 895 3436; x_wconf 74' lang='lat' dir='ltr'>la</span> <span class='ocrx_word' id='word_1_213' title='bbox 969 3382 1000 3436; x_wconf 83' lang='lat'>21</span> <span class='ocrx_word' id='word_1_214' title='bbox 1015 3381 1048 3437; x_wconf 76' lang='lat' dir='ltr'>ot</span> <span class='ocrx_word' id='word_1_215' title='bbox 1061 3380 1125 3435; x_wconf 83' lang='lat' dir='ltr'>Luc.</span> <span class='ocrx_word' id='word_1_216' title='bbox 1138 3381 1180 3448; x_wconf 86' lang='lat'>18,</span> <span class='ocrx_word' id='word_1_217' title='bbox 1192 3381 1263 3437; x_wconf 73' lang='lat' dir='ltr'>2-ss</span> 
     </span>
    </p>
   </div>
   <div class='ocr_carea' id='block_1_7' title="bbox 204 3551 1336 4310">
    <p class='ocr_par' dir='ltr' id='par_1_7' title="bbox 257 3551 1330 3621">
     <span class='ocr_line' id='line_1_27' title="bbox 257 3551 1330 3621; baseline -0.002 -13"><span class='ocrx_word' id='word_1_218' title='bbox 257 3553 373 3609; x_wconf 75' lang='lat' dir='ltr'>lilleo</span> <span class='ocrx_word' id='word_1_219' title='bbox 471 3551 1145 3621; x_wconf 75' lang='lat' dir='ltr'>incurbam(ba&#39;arreorr.m.2)l⁷inonrnao</span> <span class='ocrx_word' id='word_1_220' title='bbox 1249 3551 1330 3620; x_wconf 75' lang='lat' dir='ltr'>top·</span> 
     </span>
    </p>

    <p class='ocr_par' dir='ltr' id='par_1_8' title="bbox 204 3637 1336 4310">
     <span class='ocr_line' id='line_1_28' title="bbox 204 3637 1333 3710; baseline -0.005 -16"><span class='ocrx_word' id='word_1_221' title='bbox 204 3654 325 3708; x_wconf 65' lang='lat' dir='ltr'>precene</span> <span class='ocrx_word' id='word_1_222' title='bbox 336 3639 364 3695; x_wconf 98' lang='lat' dir='ltr'><em>A</em></span> <span class='ocrx_word' id='word_1_223' title='bbox 447 3640 536 3710; x_wconf 73' lang='lat' dir='ltr'>drap.</span> <span class='ocrx_word' id='word_1_224' title='bbox 549 3638 683 3696; x_wconf 77' lang='lat' dir='ltr'>CLXXVI</span> <span class='ocrx_word' id='word_1_225' title='bbox 694 3639 722 3695; x_wconf 95' lang='lat' dir='ltr'><em>A</em></span> <span class='ocrx_word' id='word_1_226' title='bbox 739 3637 837 3695; x_wconf 83' lang='lat' dir='ltr'>CXCII</span> <span class='ocrx_word' id='word_1_227' title='bbox 849 3639 878 3694; x_wconf 87' lang='lat' dir='ltr'><strong><em>P</em></strong></span> <span class='ocrx_word' id='word_1_228' title='bbox 891 3637 1006 3694; x_wconf 84' lang='lat' dir='ltr'>CXCIII</span> <span class='ocrx_word' id='word_1_229' title='bbox 1020 3638 1064 3695; x_wconf 76' lang='lat' dir='ltr'>Ge</span> <span class='ocrx_word' id='word_1_230' title='bbox 1148 3637 1244 3693; x_wconf 74' lang='lat' dir='ltr'>tenne</span> <span class='ocrx_word' id='word_1_231' title='bbox 1256 3637 1333 3693; x_wconf 81' lang='lat' dir='ltr'>MV:</span> 
     </span>
     <span class='ocr_line' id='line_1_29' title="bbox 204 3723 1333 3794; baseline 0 -15"><span class='ocrx_word' id='word_1_232' title='bbox 204 3740 255 3779; x_wconf 80' lang='lat' dir='ltr'>om.</span> <span class='ocrx_word' id='word_1_233' title='bbox 273 3724 345 3779; x_wconf 85' lang='lat' dir='ltr'>APo</span> <span class='ocrx_word' id='word_1_234' title='bbox 429 3725 541 3780; x_wconf 81' lang='lat' dir='ltr'>nilicato</span> <span class='ocrx_word' id='word_1_235' title='bbox 558 3726 625 3780; x_wconf 86' lang='lat' dir='ltr'>AP¹</span> <span class='ocrx_word' id='word_1_236' title='bbox 716 3724 876 3781; x_wconf 66' lang='lat' dir='ltr'>Inielicatn</span> <span class='ocrx_word' id='word_1_237' title='bbox 893 3724 921 3779; x_wconf 89' lang='lat' dir='ltr'><strong><em>P</em></strong></span> <span class='ocrx_word' id='word_1_238' title='bbox 947 3724 1058 3779; x_wconf 84' lang='lat' dir='ltr'>nilicato</span> <span class='ocrx_word' id='word_1_239' title='bbox 1076 3724 1105 3780; x_wconf 90' lang='lat' dir='ltr'><em>A</em></span> <span class='ocrx_word' id='word_1_240' title='bbox 1193 3723 1333 3794; x_wconf 76' lang='lat' dir='ltr'>emeno]</span> 
     </span>
     <span class='ocr_line' id='line_1_30' title="bbox 204 3809 1334 3883; baseline 0.004 -20"><span class='ocrx_word' id='word_1_241' title='bbox 204 3813 299 3864; x_wconf 85' lang='lat' dir='ltr'>nostra</span> <span class='ocrx_word' id='word_1_242' title='bbox 318 3809 357 3878; x_wconf 79' lang='lat' dir='ltr'>V3</span> <span class='ocrx_word' id='word_1_243' title='bbox 379 3826 470 3868; x_wconf 85' lang='lat' dir='ltr'>em.c</span> <span class='ocrx_word' id='word_1_244' title='bbox 573 3811 606 3867; x_wconf 87' lang='lat'>10</span> <span class='ocrx_word' id='word_1_245' title='bbox 628 3812 788 3882; x_wconf 75' lang='lat' dir='ltr'>elymosinas</span> <span class='ocrx_word' id='word_1_246' title='bbox 812 3812 890 3883; x_wconf 72' lang='lat' dir='ltr'>(pin</span> <span class='ocrx_word' id='word_1_247' title='bbox 906 3827 920 3866; x_wconf 89' lang='lat' dir='ltr'>e</span> <span class='ocrx_word' id='word_1_248' title='bbox 937 3814 1020 3879; x_wconf 82' lang='lat' dir='ltr'>corr.)</span> <span class='ocrx_word' id='word_1_249' title='bbox 1044 3810 1073 3865; x_wconf 92' lang='lat' dir='ltr'><strong><em>P</em></strong></span> <span class='ocrx_word' id='word_1_250' title='bbox 1173 3811 1206 3865; x_wconf 94' lang='lat' dir='ltr'>ll</span> <span class='ocrx_word' id='word_1_251' title='bbox 1228 3810 1283 3880; x_wconf 85' lang='lat' dir='ltr'>cos]</span> <span class='ocrx_word' id='word_1_252' title='bbox 1302 3826 1334 3867; x_wconf 86' lang='lat' dir='ltr'>eo</span> 
     </span>
     <span class='ocr_line' id='line_1_31' title="bbox 204 3895 1335 3967; baseline 0.001 -16"><span class='ocrx_word' id='word_1_253' title='bbox 204 3895 233 3951; x_wconf 91' lang='lat' dir='ltr'><em>A</em></span> <span class='ocrx_word' id='word_1_254' title='bbox 319 3895 352 3951; x_wconf 82' lang='lat'>12</span> <span class='ocrx_word' id='word_1_255' title='bbox 371 3895 501 3953; x_wconf 82' lang='lat' dir='ltr'>debltoris</span> <span class='ocrx_word' id='word_1_256' title='bbox 519 3898 556 3952; x_wconf 74' lang='grc' dir='ltr'>Ρι</span> <span class='ocrx_word' id='word_1_257' title='bbox 645 3899 679 3955; x_wconf 83' lang='lat'>14</span> <span class='ocrx_word' id='word_1_258' title='bbox 695 3898 809 3967; x_wconf 84' lang='lat' dir='ltr'>terrena]</span> <span class='ocrx_word' id='word_1_259' title='bbox 828 3897 857 3952; x_wconf 93' lang='lat' dir='ltr'>in</span> <span class='ocrx_word' id='word_1_260' title='bbox 874 3901 980 3955; x_wconf 78' lang='lat' dir='ltr'>terrac</span> <span class='ocrx_word' id='word_1_261' title='bbox 1065 3897 1335 3952; x_wconf 73' lang='lat' dir='ltr'>communicauerunt</span> 
     </span>
     <span class='ocr_line' id='line_1_32' title="bbox 205 3982 1336 4054; baseline 0 -17"><span class='ocrx_word' id='word_1_262' title='bbox 205 3982 248 4037; x_wconf 83' lang='lat' dir='ltr'>Pe</span> <span class='ocrx_word' id='word_1_263' title='bbox 351 3983 384 4039; x_wconf 91' lang='lat'>18</span> <span class='ocrx_word' id='word_1_264' title='bbox 401 3982 424 4052; x_wconf 92' lang='lat' dir='ltr'>e]</span> <span class='ocrx_word' id='word_1_265' title='bbox 443 3984 472 4037; x_wconf 85' lang='lat' dir='ltr'>et</span> <span class='ocrx_word' id='word_1_266' title='bbox 487 3984 516 4040; x_wconf 91' lang='lat' dir='ltr'><em>A</em></span> <span class='ocrx_word' id='word_1_267' title='bbox 618 3984 761 4053; x_wconf 83' lang='lat' dir='ltr'>ducuntur]</span> <span class='ocrx_word' id='word_1_268' title='bbox 779 3982 845 4039; x_wconf 79' lang='lat' dir='ltr'>edd.</span> <span class='ocrx_word' id='word_1_269' title='bbox 867 3983 903 4039; x_wconf 85' lang='lat' dir='ltr'>V¹</span> <span class='ocrx_word' id='word_1_270' title='bbox 919 3985 952 4040; x_wconf 74' lang='lat' dir='ltr'>ia</span> <span class='ocrx_word' id='word_1_271' title='bbox 967 3983 1059 4054; x_wconf 76' lang='lat' dir='ltr'>spatio</span> <span class='ocrx_word' id='word_1_272' title='bbox 1074 3998 1178 4038; x_wconf 72' lang='lat' dir='ltr'>mecm:</span> <span class='ocrx_word' id='word_1_273' title='bbox 1205 3982 1336 4039; x_wconf 81' lang='lat' dir='ltr'>dicuntur</span> 
     </span>
     <span class='ocr_line' id='line_1_33' title="bbox 206 4067 1336 4141; baseline -0.001 -18"><span class='ocrx_word' id='word_1_274' title='bbox 206 4068 261 4123; x_wconf 76' lang='lat' dir='ltr'>P&#39;e</span> <span class='ocrx_word' id='word_1_275' title='bbox 345 4067 560 4124; x_wconf 81' lang='lat' dir='ltr'>191andsreP¹</span> <span class='ocrx_word' id='word_1_276' title='bbox 647 4069 777 4141; x_wconf 75' lang='lat' dir='ltr'>fraudem]</span> <span class='ocrx_word' id='word_1_277' title='bbox 795 4068 898 4125; x_wconf 79' lang='lat' dir='ltr'>tradem</span> <span class='ocrx_word' id='word_1_278' title='bbox 915 4069 959 4126; x_wconf 85' lang='lat' dir='ltr'>Po</span> <span class='ocrx_word' id='word_1_279' title='bbox 1048 4069 1084 4124; x_wconf 78' lang='lat'>20</span> <span class='ocrx_word' id='word_1_280' title='bbox 1100 4069 1226 4139; x_wconf 84' lang='lat' dir='ltr'>amplias]</span> <span class='ocrx_word' id='word_1_281' title='bbox 1245 4069 1336 4139; x_wconf 76' lang='lat' dir='ltr'>magis</span> 
     </span>
     <span class='ocr_line' id='line_1_34' title="bbox 206 4154 1266 4226; baseline 0.001 -17"><span class='ocrx_word' id='word_1_282' title='bbox 206 4154 250 4209; x_wconf 81' lang='lat' dir='ltr'>Pe</span> <span class='ocrx_word' id='word_1_283' title='bbox 325 4155 484 4223; x_wconf 84' lang='lat' dir='ltr'>placiantA</span> <span class='ocrx_word' id='word_1_284' title='bbox 500 4155 774 4225; x_wconf 62' lang='lat' dir='ltr'>placentarum?</span> <span class='ocrx_word' id='word_1_285' title='bbox 854 4154 1009 4226; x_wconf 82' lang='lat' dir='ltr'>secandum]</span> <span class='ocrx_word' id='word_1_286' title='bbox 1022 4154 1166 4211; x_wconf 85' lang='lat' dir='ltr'>secundnm</span> <span class='ocrx_word' id='word_1_287' title='bbox 1179 4154 1223 4209; x_wconf 73' lang='lat' dir='ltr'>dm</span> <span class='ocrx_word' id='word_1_288' title='bbox 1237 4157 1266 4210; x_wconf 85' lang='lat' dir='ltr'><em>A</em></span> 
     </span>
     <span class='ocr_line' id='line_1_35' title="bbox 205 4238 1101 4310; baseline 0.001 -15"><span class='ocrx_word' id='word_1_289' title='bbox 205 4242 347 4309; x_wconf 81' lang='lat' dir='ltr'>praecepto</span> <span class='ocrx_word' id='word_1_290' title='bbox 363 4241 392 4294; x_wconf 85' lang='lat' dir='ltr'><em>A</em></span> <span class='ocrx_word' id='word_1_291' title='bbox 417 4244 557 4310; x_wconf 78' lang='lat' dir='ltr'>praecepta</span> <span class='ocrx_word' id='word_1_292' title='bbox 575 4238 603 4294; x_wconf 91' lang='lat' dir='ltr'><strong><em>P</em></strong></span> <span class='ocrx_word' id='word_1_293' title='bbox 705 4241 741 4295; x_wconf 75' lang='lat'>24</span> <span class='ocrx_word' id='word_1_294' title='bbox 757 4240 834 4297; x_wconf 68' lang='lat' dir='ltr'>mdes</span> <span class='ocrx_word' id='word_1_295' title='bbox 851 4242 878 4310; x_wconf 91' lang='lat' dir='ltr'>(o</span> <span class='ocrx_word' id='word_1_296' title='bbox 895 4242 928 4297; x_wconf 77' lang='lat' dir='ltr'>ie</span> <span class='ocrx_word' id='word_1_297' title='bbox 944 4241 955 4294; x_wconf 92' lang='lat' dir='ltr'>i</span> <span class='ocrx_word' id='word_1_298' title='bbox 972 4245 1053 4308; x_wconf 82' lang='lat' dir='ltr'>cerr.)</span> <span class='ocrx_word' id='word_1_299' title='bbox 1072 4242 1101 4296; x_wconf 93' lang='lat' dir='ltr'><strong><em>P</em></strong></span> 
     </span>
    </p>
   </div>
   <div class='ocr_carea' id='block_1_8' title="bbox 0 0 1390 4814">
    <p class='ocr_par' dir='ltr' id='par_1_9' title="bbox 0 0 1390 4814">
     <span class='ocr_line' id='line_1_36' title="bbox 0 0 1390 4814; baseline 0 0"><span class='ocrx_word' id='word_1_300' title='bbox 0 0 1390 4814; x_wconf 95' lang='lat' dir='ltr'> </span> 
     </span>
    </p>
   </div>
  </div>
 </body>
</html>
