2760 4814
190 508 253 575 788
674 503 837 573 Eugippii

189 694 407 779 captiuitatem
437 694 502 777 ipae
525 693 708 776 captiuauit,
742 692 816 776 quia
846 692 1006 759 diabolum
1027 692 1114 758 uicit.
1148 694 1182 759 et
1206 711 1247 759 ue
1268 690 1323 758 illa

189 818 269 882 quae
299 797 405 863 futura
434 800 524 862 erant
553 795 654 862 annoti
684 796 796 879 capitia
827 795 968 862 membra
997 797 1030 861 in
1060 798 1225 862 aeternum
1248 813 1322 879 nup

190 901 320 986 plicium
348 917 455 965 eeoum
476 897 626 976 traheret,
650 917 722 963 enm
745 897 885 964 iustitiae
906 898 1003 981 prius,
1026 898 1138 964 deindo
1161 898 1323 980 potentiae

190 1004 325 1071 uinculis
347 1002 504 1087 alligauit.
528 1001 595 1085 ipae
616 1001 722 1084 itaque
741 1000 883 1066 diabolus
899 1006 945 1067 eet
961 1001 1321 1089 appellataoaptiuitae.

190 1125 285 1193 quarn
307 1105 484 1190 captiuauit
505 1106 559 1187 qui
580 1105 723 1169 ascendit
743 1104 778 1168 iu
800 1105 903 1169 altum
920 1105 953 1170 et
974 1104 1059 1169 dedit
1079 1092 1163 1170 dona
1184 1104 1352 1171 bomini-e

189 1214 247 1279 bue
268 1209 320 1275 uel
342 1209 463 1292 accepit
485 1209 517 1272 iu
541 1207 728 1273 homiuibus.

231 1332 347 1398 Petrus
362 1334 469 1396 autem
484 1329 652 1411 apostolus,
669 1328 751 1394 eicut
766 1329 799 1394 iu
815 1331 922 1395 eodem
937 1328 1018 1394 libro
1033 1330 1181 1395 canonico
1196 1331 1321 1416 legitur,

187 1435 243 1501 ubi
266 1437 376 1517 scripti
399 1434 474 1500 eunt
496 1435 596 1498 Actus
619 1434 840 1515 apostolorum,
864 1432 993 1516 loquens
1016 1432 1213 1514 declinato,
1235 1453 1320 1500 corn·

188 1540 282 1605 motis
311 1539 400 1604 corde
429 1536 553 1601 Iudaeis
582 1537 614 1601 et
640 1535 831 1601 dicentibus:
862 1536 956 1619 quid
988 1555 1080 1620 ergo
1114 1536 1321 1622 faciemus,

187 1643 362 1708 fratros?
390 1640 608 1705 monstrate
630 1639 761 1717 nobie,
785 1640 864 1705 dixit
885 1640 924 1704 ad
946 1659 1014 1706 eos:
1048 1641 1158 1724 agite
1187 1642 1351 1725 paeni-1·

187 1744 377 1821 tentiam,
416 1747 455 1807 et
489 1741 720 1825 baptizetur
757 1743 1030 1826 unusquisque
1067 1749 1250 1811 uestrum
1284 1748 1321 1811 in

187 1846 346 1914 nomine
369 1846 456 1911 Iesu
479 1844 635 1911 Christi
657 1847 695 1911 in
716 1847 956 1912 remissione
978 1850 1256 1931 peecatorum,
1285 1852 1321 1914 et

188 1950 406 2032 accipietis
436 1951 574 2014 donum
603 1948 774 2030 spiritua
803 1950 944 2014 sancti.
983 1950 1121 2032 itemque
1149 1952 1183 2016 in
1213 1953 1320 2018 eodem

188 2054 269 2119 libro
290 2054 408 2135 legitur
435 2051 593 2118 Simonem
616 2052 745 2133 Magum
772 2050 922 2134 apostolia
953 2052 1026 2118 dare
1053 2054 1192 2119 uoluisse
1224 2074 1320 2137 pecu·

187 2157 283 2232 mam,
311 2156 348 2221 ut
371 2155 409 2219 ab
439 2154 483 2218 eie
511 2156 665 2235 acciperet
687 2156 893 2235 potestatem,
927 2173 989 2237 qua
1010 2174 1065 2237 per
1088 2156 1350 2237 impositionemu

187 2275 298 2323 manue
322 2258 448 2323 daretur
476 2258 605 2340 spiritus
628 2257 765 2322 nanctus.
797 2258 848 2322 oui
871 2259 984 2324 Petrue
1006 2258 1106 2324 idem:
1141 2263 1319 2342 pecunia,

187 2361 301 2444 inquit,
324 2368 390 2427 tua
412 2362 541 2426 tecum
564 2360 619 2424 eit
640 2360 679 2424 in
701 2361 948 2443 perditione,
978 2361 1071 2444 quia
1093 2365 1320 2432 donumdei

188 2464 418 2530 aestimasti
440 2463 609 2546 pecunia
629 2464 844 2545 possidere.
869 2470 900 2528 et
916 2465 979 2529 alio
994 2464 1135 2530 eiusdem
1151 2464 1227 2533 libri
1243 2466 1319 2543 roeo.

188 2588 259 2635 cum
281 2568 394 2634 Patrue
422 2565 565 2633 Cornelio
597 2567 629 2632 et
652 2566 772 2649 eisqui
795 2586 868 2633 oum
895 2568 951 2632 illo
982 2568 1107 2634 fuerant
1137 2570 1320 2652 loqueretm

187 2670 378 2737 annuntians
411 2673 443 2735 et
476 2670 659 2752 praedicans
692 2669 872 2747 Christum,
905 2670 951 2736 ait
984 2671 1154 2753 scriptura:
1194 2672 1352 2739 adhuc*

186 2773 511 2856 loquentePetro
533 2772 761 2839 corbahaeo
783 2774 936 2839 cecidit
959 2774 1133 2856 spiritus
1156 2779 1321 2844 canotus

188 2895 305 2959 super
327 2893 471 2955 omnes,
506 2879 570 2958 qui
601 2875 818 2943 audiebant
848 2877 1020 2957 uerbum,
1052 2883 1090 2944 et
1119 2879 1320 2965 obstipue-

187 2984 279 3046 runt
301 2981 368 3064 qui
391 3000 432 3046 er
454 2981 760 3048 circumcisione
781 2983 929 3048 fideres
952 2982 1069 3048 simul
1091 3002 1178 3049 cum
1200 2984 1320 3051 Petro

187 3085 397 3163 uenerant,
414 3085 506 3167 quia
528 3086 566 3149 et
588 3083 626 3149 in
642 3084 827 3150 nationes
843 3086 982 3152 donum
998 3085 1170 3168 spiritua
1187 3089 1321 3155 sancti

188 3187 358 3253 effusum
374 3190 441 3254 eet.
465 3187 912 3254 audiebantenimillos
936 3189 1354 3276 loquenteeliuguiass

188 3292 227 3354 et
249 3292 560 3375 magnificantes
583 3290 704 3357 deum.
727 3292 765 3357 do
783 3310 843 3373 quo
859 3292 943 3358 facto
959 3310 1025 3371 suo,
1042 3292 1125 3374 quod
1145 3293 1320 3360 incircum·

188 3393 267 3458 cinos
278 3395 503 3476 baptizauerat‚
512 3392 594 3476 quia,
607 3394 788 3476 priusquam
796 3393 1040 3475 baptizarentur,
1053 3397 1089 3459 ut
1100 3398 1219 3462 nodum
1229 3418 1322 3481 quae

189 3496 299 3561 ationis
328 3495 420 3562 huius
450 3497 597 3573 auferret,
632 3495 665 3560 iu
688 3506 740 3561 eos
763 3501 891 3562 uenerat
913 3497 1043 3579 spirituo
1066 3502 1214 3576 sauctus,
1249 3520 1322 3567 curn

188 3599 300 3665 Petrus
322 3599 429 3682 postea
451 3598 592 3665 redderet
615 3600 767 3665 rationem
789 3599 952 3680 fratribus,
976 3602 1029 3684 qui
1053 3603 1144 3667 eraut
1166 3602 1321 3670 Hieroso·

289 3785 382 3840 anot
401 3786 426 3850 2,
444 3785 477 3840 37
487 3802 526 3856 eq.
614 3787 647 3841 16
665 3787 724 3840 Act.
742 3787 767 3851 8,
785 3786 821 3841 20
906 3787 940 3842 20
958 3788 1018 3842 not
1039 3788 1079 3855 10,
1097 3788 1202 3860 Meqq.

239 3956 253 4009 l
272 3955 336 4024 quia
351 3955 388 4008 V:
415 3957 461 4025 qui
479 3974 496 4011 o
581 3957 598 4012 3
616 3972 677 4011 eum
693 3957 729 4011 V:
756 3973 818 4011 oum
835 3974 852 4012 o
943 3957 958 4010 ἵ
977 3957 1068 4011 eodem
1087 3957 1125 4013 V:
1151 3975 1183 4014 oo
1207 3961 1254 4017 Ge

187 4040 220 4094 12
237 4042 418 4097 remissionem
438 4042 481 4098 Ge
584 4043 617 4097 16
635 4059 730 4097 manue
752 4044 788 4097 V:
818 4058 912 4098 manue
930 4043 986 4097 eiua
1006 4043 1049 4099 Ge
1154 4044 1187 4098 17
1208 4047 1324 4115 perditi·

185 4142 263 4180 onem
283 4127 326 4182 Gn
411 4128 445 4182 18
456 4129 606 4183 aestimanti
622 4129 660 4182 V:
686 4129 837 4183 aestimanti
849 4132 877 4184 te
890 4128 933 4185 Gn
1018 4129 1087 4184 libro
1104 4144 1121 4183 o
1208 4132 1245 4189 21
1264 4150 1324 4189 one·

185 4246 302 4304 oiditV
399 4249 434 4304 22
457 4216 597 4335 ιιιᾱίοὲιηι
619 4251 647 4320 (b
664 4249 730 4306 odd.
748 4267 782 4305 rra
800 4252 865 4318 2)o
967 4250 1001 4305 26
1024 4250 1112 4322 deum]
1136 4238 1199 4307 edun
1222 4256 1249 4321 (e
1268 4254 1317 4312 aa

185 4354 263 4415 tal)
286 4350 313 4403 V
413 4352 612 4409 incircumcisos
631 4352 666 4408 V:
695 4353 724 4408 in
742 4353 944 4409 circumcieiao
1046 4352 1082 4407 28
1104 4352 1212 4410 auferet
1236 4372 1254 4412 o

185 4434 219 4489 29
237 4434 414 4492 hierosolimis
431 4455 448 4493 e
