2760 4814
359 533 525 602 Excerpta
543 549 578 587 ex
596 547 665 602 opp.
684 531 712 587 S.
730 529 915 599 Augustini
939 530 1055 587 LXIIII.
1209 533 1271 600 321

138 723 282 807 prodesse
306 741 366 788 non
391 723 532 804 renouat,
557 723 633 789 bene
657 721 853 805 intellegitur
871 726 1005 805 utroque
1019 723 1099 805 pede
1114 723 1273 789 calciatus.

137 829 190 909 qui
227 830 334 891 entem
367 825 429 890 sibi
462 827 555 908 putat
589 828 661 908 quia
694 825 825 891 credidit
858 827 936 891 estis
980 844 1045 892 esse
1087 826 1273 904 consultum,

137 949 246 996 curum
269 948 342 994 uero
365 928 586 994 lucrandorum
610 929 728 1012 refugit
745 929 890 1012 aliorum,
917 928 1080 995 decslciati
1103 929 1190 996 illius
1213 948 1273 995 non

137 1034 309 1118 figuratum
331 1031 534 1117 significabit,
557 1032 610 1097 sed
630 1033 660 1097 in
675 1050 710 1097 se
724 1031 890 1113 impletum
904 1032 1046 1115 portabit
1060 1030 1272 1117 opprobrium.

120 1226 131 1264 ⁵
236 1222 376 1272 CONTRA
399 1221 633 1271 ossrsscrlortlllt
660 1220 938 1269 mamcntnoavm
960 1221 1007 1269 Dm
1030 1220 1172 1268 Pascua.

178 1327 273 1408 Quid,
297 1327 378 1410 quod
402 1331 434 1391 et
457 1326 572 1409 pasche
602 1326 690 1392 nobis
722 1323 840 1390 obiecit
871 1326 1019 1392 celebrari
1041 1341 1099 1390 nec
1121 1324 1202 1408 quod
1225 1323 1273 1390 ito

138 1436 172 1498 ut
195 1431 304 1498 Iudaei
326 1431 518 1497 celebramus
540 1429 699 1495 insultat?
727 1447 800 1494 cum
822 1431 929 1493 sutem
951 1428 1053 1514 magis
1077 1446 1132 1492 nos
1154 1426 1271 1493 habea·

136 1554 206 1602 mus
229 1536 264 1599 in
287 1554 319 1599 ne
342 1533 513 1616 praesentis
540 1531 706 1615 euangelii,
737 1550 798 1613 non
821 1532 854 1597 in
877 1531 990 1597 umbre
1013 1531 1121 1610 loturi,
1145 1532 1271 1614 eiusque

137 1639 323 1703 occisionem
347 1656 418 1703 cnm
442 1635 556 1702 cotidie
578 1638 646 1701 tum
669 1637 804 1701 maxime
824 1636 1038 1701 anniuersario
1059 1634 1271 1700 sollemnitate

111 1760 198 1807 onon
221 1744 389 1807 uenturam
411 1740 655 1824 praesignemus,
678 1741 732 1805 sed
755 1738 874 1804 factem
890 1756 1178 1816 commemoremus,
1201 1736 1270 1802 ideo

136 1864 210 1911 sens
241 1845 309 1910 dies
338 1842 469 1927 paschae
495 1842 720 1908 sollemnitatis
741 1846 865 1908 nostrae
888 1843 926 1908 ad
949 1842 1032 1908 diem
1054 1839 1270 1908 celebrationis

136 1947 329 2015 umbraticae
352 1946 541 2012 Indaeorum
570 1964 631 2011 non
661 1945 803 2023 occurrit,
834 1948 871 2011 ut
898 1949 929 2010 et
953 1945 1146 2012 dominicum
1175 1944 1268 2024 diem,

136 2069 193 2136 quo
228 2050 373 2116 Christus
412 2049 590 2127 resurrexit,
629 2049 919 2130 complecteremur.
957 2067 1067 2132 azyma
1103 2066 1177 2114 uero
1215 2048 1269 2131 qui

135 2155 239 2221 rectae
272 2152 344 2218 fidei
374 2152 538 2219 christiani
573 2155 648 2218 sunt
681 2171 742 2218 non
772 2152 805 2218 in
839 2153 994 2218 fermento
1026 2153 1141 2218 ueteris
1171 2153 1267 2231 uitae,

108 2258 190 2325 ahoc
220 2261 271 2324 est
300 2255 449 2334 malitiae,
485 2255 538 2322 sed
568 2254 600 2321 in
631 2254 729 2338 ipsius
764 2254 835 2320 fidei
870 2255 1004 2320 ueritate
1033 2258 1064 2320 et
1086 2254 1268 2321 sinceritate

134 2361 327 2436 custodiunt,
351 2379 412 2426 non
428 2363 546 2444 septem
563 2359 684 2438 diebus,
701 2359 755 2426 sed
770 2359 856 2425 omni
872 2358 940 2444 die;
958 2359 1039 2442 quod
1054 2358 1266 2443 significatum

133 2468 180 2531 est
203 2480 333 2529 numero
358 2463 480 2529 dierum
503 2463 692 2547 septenario,
715 2482 775 2547 quo
792 2462 904 2529 cotidie
919 2465 1021 2528 omnis
1037 2462 1176 2528 uoluitur
1192 2463 1267 2529 dies.

132 2571 213 2652 quod
236 2567 298 2633 etsi
321 2567 520 2651 aliquantum
541 2567 733 2634 laboriosum
755 2568 803 2633 est
826 2567 856 2631 in
880 2565 940 2632 hoc
962 2565 1094 2646 saeculo,
1119 2569 1267 2649 qnoniam

132 2672 267 2757 angusta
289 2671 321 2735 et
342 2671 412 2735 arte
434 2670 488 2735 uia
510 2673 568 2750 est,
601 2687 681 2752 quae
705 2669 793 2735 ducit
814 2669 853 2735 ad
878 2670 988 2747 uitam,
1012 2687 1129 2735 merces
1160 2672 1267 2736 tamen

104 2780 217 2842 rocetta
246 2778 400 2840 seruatur.
432 2792 505 2839 nam
534 2773 601 2857 ipse
632 2773 717 2839 labor
740 2771 934 2859 significatus
957 2777 1005 2838 est
1027 2772 1092 2838 illis
1115 2772 1266 2856 picridiis,

132 2878 212 2963 qnod
236 2877 435 2960 aliquantum
461 2876 630 2943 subamaro
652 2876 726 2943 sint.

340 3051 476 3101 CONTRA
499 3050 738 3100 OBIECTIONEH
763 3050 810 3098 DE
832 3048 1060 3099 ΡΕΝΤΕΟΟΒΤΕ.

173 3157 383 3224 Pentecosten
407 3157 514 3234 etium,
537 3156 571 3220 id
594 3157 674 3221 esta
696 3156 837 3239 passione
852 3157 885 3219 et
899 3154 1125 3220 resurrectione
1148 3155 1266 3221 domini

132 3261 425 3344 quinquagesimum
443 3259 536 3336 diem,
557 3277 618 3341 qno
632 3259 722 3324 nobis
737 3263 881 3324 sanctum
897 3258 1043 3341 spiritum
1059 3258 1266 3341 paracletum,

236 3445 270 3499 14
287 3444 320 3500 er.
333 3443 347 3498 1
360 3443 420 3500 cor.
437 3446 462 3510 s,
479 3445 497 3499 s
585 3445 618 3499 ro
634 3443 670 3499 er.
682 3443 782 3501 mssa.
801 3444 825 3510 u,
841 3446 872 3500 re
958 3445 993 3500 aa
1009 3444 1044 3500 er.
1057 3447 1118 3501 aec.
1136 3447 1161 3510 a,
1183 3446 1265 3516 rsqq.

185 3616 318 3670 lrenunt
344 3615 383 3670 Tc
486 3613 663 3685 intellegatur
687 3614 721 3668 Τι
824 3615 1014 3686 3deculciati]
1034 3616 1131 3671 decalti
1157 3618 1191 3671 Τ·
1220 3617 1264 3672 de·

137 3701 227 3755 mltist
248 3700 287 3756 2¹²
381 3699 582 3769 teigniflcsnit
602 3699 629 3754 V
652 3698 813 3767 significa-it
831 3703 859 3770 (b
877 3707 957 3768 croc.)
976 3703 1005 3757 P
1097 3703 1115 3757 5
1132 3705 1266 3757 contra—

138 3787 229 3853 pascha
247 3801 300 3841 om.
318 3786 386 3841 PTo
486 3787 685 3840 manicheorum
698 3786 734 3840 Μ
737 3787 763 3841 V
863 3789 879 3844 6
897 3787 971 3857 quid,
989 3789 1068 3860 qnod]
1087 3789 1157 3858 quod
1175 3789 1266 3858 inquit

139 3890 152 3925 c
241 3872 342 3927 obiecit
360 3876 384 3938 (e
403 3877 469 3938 rus.)
488 3872 516 3928 P
611 3873 667 3942 nec}
686 3888 719 3927 ne
737 3874 766 3928 P
859 3874 1018 3930 lateamus
1036 3877 1064 3931 P
1156 3876 1263 3945 titum]

138 3975 191 4013 rum
213 3959 240 4013 V
336 3958 509 4014 mlennicate
531 3959 564 4015 P
592 3960 820 4028 sollempnitatem
840 3962 867 4016 P
970 3963 1002 4018 10
1019 3963 1119 4017 tectum
1139 3963 1167 4018 P
1193 3963 1266 4018 iacta

139 4060 152 4097 c
246 4045 276 4099 ll
295 4043 353 4099 (lies
370 4060 422 4100 ors
441 4044 479 4100 Τ·
575 4044 609 4099 13
627 4046 836 4115 conpleteretnus
854 4046 890 4101 Ρι
983 4062 1104 4118 ocymum
1125 4048 1152 4102 V
1177 4049 1266 4105 crime

141 4129 175 4184 Tc
276 4131 311 4186 15
328 4131 357 4185 in
375 4146 426 4187 orn.
444 4131 481 4186 ΡΙ
587 4132 619 4187 16
639 4131 794 4189 custodiant
812 4134 849 4188 Ρι
954 4134 986 4188 ll
1010 4149 1149 4190 numerum
1173 4135 1199 4189 V

139 4217 280 4284 optim
297 4216 325 4271 P
408 4219 470 4288 qno]
489 4218 559 4287 quod
577 4218 613 4274 Ρι
707 4220 740 4276 18
756 4220 900 4289 anquando
921 4222 947 4276 Τ
1031 4226 1072 4277 εει
1089 4237 1140 4276 cor.
1160 4223 1195 4278 T¹

142 4302 168 4354 le
182 4304 276 4373 uitam]
295 4303 367 4358 ιιὶιω
387 4303 423 4359 P¹
510 4305 603 4361 mercis
622 4308 659 4365 Ρι
746 4306 781 4363 20
799 4307 942 4365 labouisT
1021 4308 1145 4380 picridles
1164 4310 1263 4379 (irus.)

142 4387 164 4438 l'
183 4390 331 4459 pigridico
428 4392 461 4445 21
479 4391 675 4460 aliquantulum
695 4394 767 4452 PTo
863 4395 898 4449 22
915 4397 1199 4464 contra-pentecoste
1215 4413 1266 4457 ‹mc

115 4471 162 4551 ⁸l'
237 4476 349 4544 itqnol
362 4475 408 4544 qui
421 4476 448 4528 P
530 4483 719 4546 percellimus
736 4482 874 4554 paraclyto
888 4482 1160 4554 (oioucorr.m.2)
1174 4484 1201 4540 P

185 4576 275 4635 vim
1135 4590 1169 4648 21
