<?xml version="1.0" encoding="UTF-8"?>
<!DOCTYPE html PUBLIC "-//W3C//DTD XHTML 1.0 Transitional//EN"
    "http://www.w3.org/TR/xhtml1/DTD/xhtml1-transitional.dtd">
<html xmlns="http://www.w3.org/1999/xhtml" xml:lang="en" lang="en">
 <head>
  <title>
</title>
<meta http-equiv="Content-Type" content="text/html;charset=utf-8" />
  <meta name='ocr-system' content='tesseract 3.04.00' />
  <meta name='ocr-capabilities' content='ocr_page ocr_carea ocr_par ocr_line ocrx_word'/>
</head>
<body>
  <div class='ocr_page' id='page_1' title='image "./evgippiiexcerpt00kngoog/evgippiiexcerpt00kngoog_0739.png"; bbox 0 0 2760 4814; ppageno 0'>
   <div class='ocr_carea' id='block_1_1' title="bbox 211 287 858 358">
    <p class='ocr_par' dir='ltr' id='par_1_1' title="bbox 211 287 858 358">
     <span class='ocr_line' id='line_1_1' title="bbox 211 287 858 358; baseline -0.002 -1"><span class='ocrx_word' id='word_1_1' title='bbox 211 292 274 358; x_wconf 76' lang='lat'><strong>716</strong></span> <span class='ocrx_word' id='word_1_2' title='bbox 694 287 858 356; x_wconf 74' lang='lat' dir='ltr'><strong>nugrppar</strong></span> 
     </span>
    </p>
   </div>
   <div class='ocr_carea' id='block_1_2' title="bbox 211 475 1376 3145">
    <p class='ocr_par' dir='ltr' id='par_1_2' title="bbox 211 475 1376 3145">
     <span class='ocr_line' id='line_1_2' title="bbox 254 475 1336 560; baseline -0.003 -15"><span class='ocrx_word' id='word_1_3' title='bbox 254 479 387 545; x_wconf 82' lang='lat' dir='ltr'><strong>Proinde</strong></span> <span class='ocrx_word' id='word_1_4' title='bbox 417 477 481 543; x_wconf 89' lang='lat' dir='ltr'><strong>ista</strong></span> <span class='ocrx_word' id='word_1_5' title='bbox 502 477 641 543; x_wconf 90' lang='lat' dir='ltr'><strong>nisibilia</strong></span> <span class='ocrx_word' id='word_1_6' title='bbox 661 478 876 560; x_wconf 78' lang='lat' dir='ltr'><strong>permanentia</strong></span> <span class='ocrx_word' id='word_1_7' title='bbox 904 477 952 541; x_wconf 92' lang='lat' dir='ltr'><strong>ita</strong></span> <span class='ocrx_word' id='word_1_8' title='bbox 973 476 1140 553; x_wconf 89' lang='lat' dir='ltr'><strong>credimus,</strong></span> <span class='ocrx_word' id='word_1_9' title='bbox 1173 481 1219 555; x_wconf 82' lang='lat' dir='ltr'><strong>ut,</strong></span> <span class='ocrx_word' id='word_1_10' title='bbox 1247 475 1336 542; x_wconf 86' lang='lat' dir='ltr'><strong>etiam</strong></span> 
     </span>
     <span class='ocr_line' id='line_1_3' title="bbox 212 580 1338 664; baseline -0.004 -15"><span class='ocrx_word' id='word_1_11' title='bbox 212 584 240 649; x_wconf 88' lang='lat' dir='ltr'><strong>si</strong></span> <span class='ocrx_word' id='word_1_12' title='bbox 270 601 330 648; x_wconf 94' lang='lat' dir='ltr'><strong>non</strong></span> <span class='ocrx_word' id='word_1_13' title='bbox 360 583 622 658; x_wconf 70' lang='lat' dir='ltr'><strong>demonstrentur,</strong></span> <span class='ocrx_word' id='word_1_14' title='bbox 656 599 816 664; x_wconf 81' lang='lat' dir='ltr'><strong>speremus</strong></span> <span class='ocrx_word' id='word_1_15' title='bbox 847 599 883 645; x_wconf 88' lang='lat' dir='ltr'><strong>ea</strong></span> <span class='ocrx_word' id='word_1_16' title='bbox 913 597 968 645; x_wconf 90' lang='lat' dir='ltr'><strong>nos</strong></span> <span class='ocrx_word' id='word_1_17' title='bbox 991 580 1175 662; x_wconf 80' lang='lat' dir='ltr'><strong>quandoque</strong></span> <span class='ocrx_word' id='word_1_18' title='bbox 1207 580 1338 657; x_wconf 87' lang='lat' dir='ltr'><strong>uisuros,</strong></span> 
     </span>
     <span class='ocr_line' id='line_1_4' title="bbox 211 683 1339 767; baseline -0.006 -14"><span class='ocrx_word' id='word_1_19' title='bbox 211 705 268 752; x_wconf 91' lang='lat' dir='ltr'><strong>nec</strong></span> <span class='ocrx_word' id='word_1_20' title='bbox 288 705 325 752; x_wconf 90' lang='lat' dir='ltr'><strong>ea</strong></span> <span class='ocrx_word' id='word_1_21' title='bbox 348 704 495 752; x_wconf 89' lang='lat' dir='ltr'><strong>conemur</strong></span> <span class='ocrx_word' id='word_1_22' title='bbox 520 685 641 750; x_wconf 86' lang='lat' dir='ltr'><strong>ratione</strong></span> <span class='ocrx_word' id='word_1_23' title='bbox 671 684 896 767; x_wconf 88' lang='lat' dir='ltr'><strong>intellectuque</strong></span> <span class='ocrx_word' id='word_1_24' title='bbox 920 684 1191 767; x_wconf 80' lang='lat' dir='ltr'><strong>comprehendere,</strong></span> <span class='ocrx_word' id='word_1_25' title='bbox 1223 683 1287 748; x_wconf 84' lang='lat' dir='ltr'><strong>nisi</strong></span> <span class='ocrx_word' id='word_1_26' title='bbox 1307 686 1339 746; x_wconf 85' lang='lat' dir='ltr'><strong>nt</strong></span> 
     </span>
     <span class='ocr_line' id='line_1_5' title="bbox 212 786 1336 874; baseline -0.005 -16"><span class='ocrx_word' id='word_1_27' title='bbox 212 810 257 866; x_wconf 84' lang='lat' dir='ltr'><strong>ea,</strong></span> <span class='ocrx_word' id='word_1_28' title='bbox 281 792 353 874; x_wconf 92' lang='lat' dir='ltr'><strong>quia</strong></span> <span class='ocrx_word' id='word_1_29' title='bbox 376 789 515 856; x_wconf 88' lang='lat' dir='ltr'><strong>uisihilia</strong></span> <span class='ocrx_word' id='word_1_30' title='bbox 535 791 617 865; x_wconf 73' lang='lat' dir='ltr'><strong>sunt,</strong></span> <span class='ocrx_word' id='word_1_31' title='bbox 649 789 688 853; x_wconf 91' lang='lat' dir='ltr'><strong>ah</strong></span> <span class='ocrx_word' id='word_1_32' title='bbox 710 786 925 852; x_wconf 86' lang='lat' dir='ltr'><strong>inuisibilibus</strong></span> <span class='ocrx_word' id='word_1_33' title='bbox 947 788 1127 852; x_wconf 86' lang='lat' dir='ltr'><strong>distinctius</strong></span> <span class='ocrx_word' id='word_1_34' title='bbox 1150 789 1336 869; x_wconf 78' lang='lat' dir='ltr'><strong>cogitemus:</strong></span> 
     </span>
     <span class='ocr_line' id='line_1_6' title="bbox 212 889 1364 976; baseline -0.005 -17"><span class='ocrx_word' id='word_1_35' title='bbox 212 897 244 959; x_wconf 90' lang='lat' dir='ltr'><strong>et</strong></span> <span class='ocrx_word' id='word_1_36' title='bbox 267 911 338 958; x_wconf 91' lang='lat' dir='ltr'><strong>uum</strong></span> <span class='ocrx_word' id='word_1_37' title='bbox 363 891 551 976; x_wconf 80' lang='lat' dir='ltr'><strong>cogitatione</strong></span> <span class='ocrx_word' id='word_1_38' title='bbox 574 890 680 973; x_wconf 86' lang='lat' dir='ltr'><strong>qualia</strong></span> <span class='ocrx_word' id='word_1_39' title='bbox 695 889 758 955; x_wconf 91' lang='lat' dir='ltr'><strong>sint</strong></span> <span class='ocrx_word' id='word_1_40' title='bbox 781 890 1002 973; x_wconf 81' lang='lat' dir='ltr'><strong>imaginamur,</strong></span> <span class='ocrx_word' id='word_1_41' title='bbox 1026 889 1103 954; x_wconf 91' lang='lat' dir='ltr'><strong>satis</strong></span> <span class='ocrx_word' id='word_1_42' title='bbox 1118 889 1230 972; x_wconf 91' lang='lat' dir='ltr'><strong>ntique</strong></span> <span class='ocrx_word' id='word_1_43' title='bbox 1253 889 1364 954; x_wconf 81' lang='lat' dir='ltr'><strong>noni-r</strong></span> 
     </span>
     <span class='ocr_line' id='line_1_7' title="bbox 211 991 1337 1077; baseline -0.004 -16"><span class='ocrx_word' id='word_1_44' title='bbox 211 1015 283 1062; x_wconf 91' lang='lat' dir='ltr'><strong>mus</strong></span> <span class='ocrx_word' id='word_1_45' title='bbox 306 1015 344 1061; x_wconf 89' lang='lat' dir='ltr'><strong>ea</strong></span> <span class='ocrx_word' id='word_1_46' title='bbox 373 996 460 1061; x_wconf 91' lang='lat' dir='ltr'><strong>nobis</strong></span> <span class='ocrx_word' id='word_1_47' title='bbox 491 996 564 1060; x_wconf 86' lang='lat' dir='ltr'><strong>notu</strong></span> <span class='ocrx_word' id='word_1_48' title='bbox 590 1014 651 1060; x_wconf 92' lang='lat' dir='ltr'><strong>non</strong></span> <span class='ocrx_word' id='word_1_49' title='bbox 675 1013 750 1060; x_wconf 87' lang='lat' dir='ltr'><strong>esse.</strong></span> <span class='ocrx_word' id='word_1_50' title='bbox 788 1011 862 1058; x_wconf 92' lang='lat' dir='ltr'><strong>nam</strong></span> <span class='ocrx_word' id='word_1_51' title='bbox 885 996 918 1058; x_wconf 96' lang='lat' dir='ltr'><strong>et</strong></span> <span class='ocrx_word' id='word_1_52' title='bbox 938 991 1139 1058; x_wconf 73' lang='lat' dir='ltr'><strong>Antiochiam</strong></span> <span class='ocrx_word' id='word_1_53' title='bbox 1163 992 1273 1077; x_wconf 81' lang='lat' dir='ltr'><strong>cogito</strong></span> <span class='ocrx_word' id='word_1_54' title='bbox 1292 991 1337 1057; x_wconf 91' lang='lat' dir='ltr'><strong>in·</strong></span> 
     </span>
     <span class='ocr_line' id='line_1_8' title="bbox 211 1096 1337 1183; baseline -0.004 -18"><span class='ocrx_word' id='word_1_55' title='bbox 211 1100 380 1183; x_wconf 80' lang='lat' dir='ltr'><strong>cognitam,</strong></span> <span class='ocrx_word' id='word_1_56' title='bbox 403 1100 540 1164; x_wconf 87' lang='lat' dir='ltr'><strong>sednon</strong></span> <span class='ocrx_word' id='word_1_57' title='bbox 564 1098 648 1163; x_wconf 91' lang='lat' dir='ltr'><strong>sicut</strong></span> <span class='ocrx_word' id='word_1_58' title='bbox 669 1096 893 1180; x_wconf 77' lang='lat' dir='ltr'><strong>Carthaginem</strong></span> <span class='ocrx_word' id='word_1_59' title='bbox 917 1096 1091 1181; x_wconf 77' lang='lat' dir='ltr'><strong>cognitam3</strong></span> <span class='ocrx_word' id='word_1_60' title='bbox 1114 1096 1207 1162; x_wconf 90' lang='lat' dir='ltr'><strong>illam</strong></span> <span class='ocrx_word' id='word_1_61' title='bbox 1228 1097 1337 1181; x_wconf 84' lang='lat' dir='ltr'><strong>quippe</strong></span> 
     </span>
     <span class='ocr_line' id='line_1_9' title="bbox 212 1200 1337 1286; baseline -0.004 -16"><span class='ocrx_word' id='word_1_62' title='bbox 212 1205 363 1271; x_wconf 90' lang='lat' dir='ltr'><strong>uisionem</strong></span> <span class='ocrx_word' id='word_1_63' title='bbox 386 1202 534 1286; x_wconf 84' lang='lat' dir='ltr'><strong>cogitatio</strong></span> <span class='ocrx_word' id='word_1_64' title='bbox 559 1221 630 1266; x_wconf 89' lang='lat' dir='ltr'><strong>mea</strong></span> <span class='ocrx_word' id='word_1_65' title='bbox 646 1200 748 1284; x_wconf 84' lang='lat' dir='ltr'><strong>fingit,</strong></span> <span class='ocrx_word' id='word_1_66' title='bbox 771 1200 851 1265; x_wconf 89' lang='lat' dir='ltr'><strong>hanc</strong></span> <span class='ocrx_word' id='word_1_67' title='bbox 872 1200 991 1279; x_wconf 90' lang='lat' dir='ltr'><strong>recolit,</strong></span> <span class='ocrx_word' id='word_1_68' title='bbox 1015 1216 1213 1283; x_wconf 89' lang='lat' dir='ltr'><strong>nequaquam</strong></span> <span class='ocrx_word' id='word_1_69' title='bbox 1234 1201 1337 1266; x_wconf 78' lang='lat' dir='ltr'><strong>lumen</strong></span> 
     </span>
     <span class='ocr_line' id='line_1_10' title="bbox 211 1302 1337 1388; baseline -0.005 -14"><span class='ocrx_word' id='word_1_70' title='bbox 211 1309 332 1383; x_wconf 84' lang='lat' dir='ltr'><strong>dubito,</strong></span> <span class='ocrx_word' id='word_1_71' title='bbox 363 1307 430 1371; x_wconf 92' lang='lat' dir='ltr'><strong>siue</strong></span> <span class='ocrx_word' id='word_1_72' title='bbox 454 1305 534 1388; x_wconf 89' lang='lat' dir='ltr'><strong>quod</strong></span> <span class='ocrx_word' id='word_1_73' title='bbox 557 1304 595 1369; x_wconf 90' lang='lat' dir='ltr'><strong>de</strong></span> <span class='ocrx_word' id='word_1_74' title='bbox 624 1303 681 1368; x_wconf 87' lang='lat' dir='ltr'><strong>illa</strong></span> <span class='ocrx_word' id='word_1_75' title='bbox 710 1302 845 1369; x_wconf 91' lang='lat' dir='ltr'><strong>testibus</strong></span> <span class='ocrx_word' id='word_1_76' title='bbox 875 1302 996 1381; x_wconf 87' lang='lat' dir='ltr'><strong>multis,</strong></span> <span class='ocrx_word' id='word_1_77' title='bbox 1027 1303 1094 1368; x_wconf 90' lang='lat' dir='ltr'><strong>sino</strong></span> <span class='ocrx_word' id='word_1_78' title='bbox 1116 1303 1201 1385; x_wconf 90' lang='lat' dir='ltr'><strong>quod</strong></span> <span class='ocrx_word' id='word_1_79' title='bbox 1222 1306 1263 1370; x_wconf 90' lang='lat' dir='ltr'><strong>de</strong></span> <span class='ocrx_word' id='word_1_80' title='bbox 1283 1302 1337 1368; x_wconf 72' lang='lat' dir='ltr'><strong>ish</strong></span> 
     </span>
     <span class='ocr_line' id='line_1_11' title="bbox 212 1406 1363 1491; baseline -0.002 -16"><span class='ocrx_word' id='word_1_81' title='bbox 212 1409 291 1476; x_wconf 91' lang='lat' dir='ltr'><strong>meis</strong></span> <span class='ocrx_word' id='word_1_82' title='bbox 314 1407 490 1491; x_wconf 84' lang='lat' dir='ltr'><strong>aspectibus</strong></span> <span class='ocrx_word' id='word_1_83' title='bbox 513 1408 642 1474; x_wconf 90' lang='lat' dir='ltr'><strong>credidi.</strong></span> <span class='ocrx_word' id='word_1_84' title='bbox 679 1406 835 1472; x_wconf 89' lang='lat' dir='ltr'><strong>iustitiam</strong></span> <span class='ocrx_word' id='word_1_85' title='bbox 857 1425 929 1472; x_wconf 91' lang='lat' dir='ltr'><strong>uero</strong></span> <span class='ocrx_word' id='word_1_86' title='bbox 945 1412 976 1471; x_wconf 90' lang='lat' dir='ltr'><strong>et</strong></span> <span class='ocrx_word' id='word_1_87' title='bbox 999 1408 1186 1491; x_wconf 85' lang='lat' dir='ltr'><strong>sapientiam</strong></span> <span class='ocrx_word' id='word_1_88' title='bbox 1202 1408 1236 1474; x_wconf 87' lang='lat' dir='ltr'><strong>at</strong></span> <span class='ocrx_word' id='word_1_89' title='bbox 1250 1407 1363 1491; x_wconf 82' lang='lat' dir='ltr'><strong>quid-u</strong></span> 
     </span>
     <span class='ocr_line' id='line_1_12' title="bbox 212 1508 1336 1594; baseline 0 -17"><span class='ocrx_word' id='word_1_90' title='bbox 212 1511 287 1594; x_wconf 93' lang='lat' dir='ltr'><strong>quid</strong></span> <span class='ocrx_word' id='word_1_91' title='bbox 309 1513 375 1576; x_wconf 91' lang='lat' dir='ltr'><strong>eius</strong></span> <span class='ocrx_word' id='word_1_92' title='bbox 398 1509 481 1575; x_wconf 89' lang='lat' dir='ltr'><strong>modi</strong></span> <span class='ocrx_word' id='word_1_93' title='bbox 504 1515 636 1574; x_wconf 90' lang='lat' dir='ltr'><strong>estnon</strong></span> <span class='ocrx_word' id='word_1_94' title='bbox 659 1508 750 1574; x_wconf 90' lang='lat' dir='ltr'><strong>aliter</strong></span> <span class='ocrx_word' id='word_1_95' title='bbox 772 1511 991 1592; x_wconf 82' lang='lat' dir='ltr'><strong>imaginamur,</strong></span> <span class='ocrx_word' id='word_1_96' title='bbox 1023 1509 1116 1575; x_wconf 89' lang='lat' dir='ltr'><strong>aliter</strong></span> <span class='ocrx_word' id='word_1_97' title='bbox 1146 1513 1336 1589; x_wconf 82' lang='lat' dir='ltr'><strong>contuemur,</strong></span> 
     </span>
     <span class='ocr_line' id='line_1_13' title="bbox 212 1611 1337 1696; baseline -0.002 -17"><span class='ocrx_word' id='word_1_98' title='bbox 212 1615 266 1681; x_wconf 90' lang='lat' dir='ltr'><strong>sed</strong></span> <span class='ocrx_word' id='word_1_99' title='bbox 289 1614 365 1679; x_wconf 87' lang='lat' dir='ltr'><strong>haec</strong></span> <span class='ocrx_word' id='word_1_100' title='bbox 393 1611 567 1679; x_wconf 87' lang='lat' dir='ltr'><strong>inuisibilia</strong></span> <span class='ocrx_word' id='word_1_101' title='bbox 596 1612 734 1695; x_wconf 90' lang='lat' dir='ltr'><strong>simplici</strong></span> <span class='ocrx_word' id='word_1_102' title='bbox 756 1614 872 1678; x_wconf 84' lang='lat' dir='ltr'><strong>mentis</strong></span> <span class='ocrx_word' id='word_1_103' title='bbox 894 1614 986 1696; x_wconf 90' lang='lat' dir='ltr'><strong>atque</strong></span> <span class='ocrx_word' id='word_1_104' title='bbox 1008 1612 1139 1678; x_wconf 88' lang='lat' dir='ltr'><strong>rationis</strong></span> <span class='ocrx_word' id='word_1_105' title='bbox 1164 1614 1337 1681; x_wconf 88' lang='lat' dir='ltr'><strong>intentione</strong></span> 
     </span>
     <span class='ocr_line' id='line_1_14' title="bbox 212 1715 1336 1801; baseline -0.002 -17"><span class='ocrx_word' id='word_1_106' title='bbox 212 1718 372 1784; x_wconf 86' lang='lat' dir='ltr'><strong>intellecta</strong></span> <span class='ocrx_word' id='word_1_107' title='bbox 394 1717 599 1799; x_wconf 90' lang='lat' dir='ltr'><strong>conspicimus</strong></span> <span class='ocrx_word' id='word_1_108' title='bbox 621 1719 686 1782; x_wconf 89' lang='lat' dir='ltr'><strong>sine</strong></span> <span class='ocrx_word' id='word_1_109' title='bbox 702 1717 776 1782; x_wconf 85' lang='lat' dir='ltr'><strong>ullis</strong></span> <span class='ocrx_word' id='word_1_110' title='bbox 792 1715 902 1783; x_wconf 82' lang='lat' dir='ltr'><strong>formis</strong></span> <span class='ocrx_word' id='word_1_111' title='bbox 918 1721 951 1782; x_wconf 93' lang='lat' dir='ltr'><strong>et</strong></span> <span class='ocrx_word' id='word_1_112' title='bbox 965 1716 1102 1782; x_wconf 90' lang='lat' dir='ltr'><strong>modulis</strong></span> <span class='ocrx_word' id='word_1_113' title='bbox 1119 1717 1336 1801; x_wconf 85' lang='lat' dir='ltr'><strong>corporalibus,</strong></span> 
     </span>
     <span class='ocr_line' id='line_1_15' title="bbox 213 1819 1336 1903; baseline 0.003 -18"><span class='ocrx_word' id='word_1_114' title='bbox 213 1821 282 1887; x_wconf 92' lang='lat' dir='ltr'><strong>sine</strong></span> <span class='ocrx_word' id='word_1_115' title='bbox 304 1821 379 1887; x_wconf 92' lang='lat' dir='ltr'><strong>ullis</strong></span> <span class='ocrx_word' id='word_1_116' title='bbox 402 1820 593 1885; x_wconf 83' lang='lat' dir='ltr'><strong>liniamentis</strong></span> <span class='ocrx_word' id='word_1_117' title='bbox 615 1819 784 1903; x_wconf 83' lang='lat' dir='ltr'><strong>figurisque</strong></span> <span class='ocrx_word' id='word_1_118' title='bbox 799 1820 1022 1895; x_wconf 88' lang='lat' dir='ltr'><strong>membrorum,</strong></span> <span class='ocrx_word' id='word_1_119' title='bbox 1044 1820 1111 1885; x_wconf 89' lang='lat' dir='ltr'><strong>aine</strong></span> <span class='ocrx_word' id='word_1_120' title='bbox 1133 1819 1209 1886; x_wconf 89' lang='lat' dir='ltr'><strong>ullis</strong></span> <span class='ocrx_word' id='word_1_121' title='bbox 1231 1819 1336 1888; x_wconf 82' lang='lat' dir='ltr'><strong>locali·</strong></span> 
     </span>
     <span class='ocr_line' id='line_1_16' title="bbox 214 1922 1364 2009; baseline 0.002 -21"><span class='ocrx_word' id='word_1_122' title='bbox 214 1925 271 1988; x_wconf 92' lang='lat' dir='ltr'><strong>hus</strong></span> <span class='ocrx_word' id='word_1_123' title='bbox 300 1926 367 1989; x_wconf 92' lang='lat' dir='ltr'><strong>siue</strong></span> <span class='ocrx_word' id='word_1_124' title='bbox 395 1923 507 1989; x_wconf 89' lang='lat' dir='ltr'><strong>finibus</strong></span> <span class='ocrx_word' id='word_1_125' title='bbox 538 1922 605 1988; x_wconf 90' lang='lat' dir='ltr'><strong>sine</strong></span> <span class='ocrx_word' id='word_1_126' title='bbox 633 1922 746 2006; x_wconf 91' lang='lat' dir='ltr'><strong>spatiis</strong></span> <span class='ocrx_word' id='word_1_127' title='bbox 768 1922 909 1988; x_wconf 87' lang='lat' dir='ltr'><strong>infinitis.</strong></span> <span class='ocrx_word' id='word_1_128' title='bbox 946 1923 1111 2006; x_wconf 87' lang='lat' dir='ltr'><strong>ipsumque</strong></span> <span class='ocrx_word' id='word_1_129' title='bbox 1133 1923 1252 2009; x_wconf 90' lang='lat' dir='ltr'><strong>lumen,</strong></span> <span class='ocrx_word' id='word_1_130' title='bbox 1281 1941 1364 2007; x_wconf 84' lang='lat' dir='ltr'><strong>quon</strong></span> 
     </span>
     <span class='ocr_line' id='line_1_17' title="bbox 212 2025 1336 2110; baseline 0.001 -20"><span class='ocrx_word' id='word_1_131' title='bbox 212 2027 326 2092; x_wconf 86' lang='lat' dir='ltr'><strong>cuncta</strong></span> <span class='ocrx_word' id='word_1_132' title='bbox 347 2026 411 2092; x_wconf 91' lang='lat' dir='ltr'><strong>ista</strong></span> <span class='ocrx_word' id='word_1_133' title='bbox 434 2025 650 2108; x_wconf 88' lang='lat' dir='ltr'><strong>discernimus,</strong></span> <span class='ocrx_word' id='word_1_134' title='bbox 674 2026 706 2090; x_wconf 91' lang='lat' dir='ltr'><strong>in</strong></span> <span class='ocrx_word' id='word_1_135' title='bbox 728 2043 788 2107; x_wconf 95' lang='lat' dir='ltr'><strong>quo</strong></span> <span class='ocrx_word' id='word_1_136' title='bbox 810 2025 901 2091; x_wconf 90' lang='lat' dir='ltr'><strong>nohis</strong></span> <span class='ocrx_word' id='word_1_137' title='bbox 923 2029 1001 2090; x_wconf 89' lang='lat' dir='ltr'><strong>satis</strong></span> <span class='ocrx_word' id='word_1_138' title='bbox 1023 2030 1153 2108; x_wconf 90' lang='lat' dir='ltr'><strong>apparet</strong></span> <span class='ocrx_word' id='word_1_139' title='bbox 1175 2027 1336 2110; x_wconf 76' lang='lat' dir='ltr'><strong>quidue</strong></span> 
     </span>
     <span class='ocr_line' id='line_1_18' title="bbox 213 2128 1338 2214; baseline 0.003 -20"><span class='ocrx_word' id='word_1_140' title='bbox 213 2128 322 2196; x_wconf 91' lang='lat' dir='ltr'><strong>damus</strong></span> <span class='ocrx_word' id='word_1_141' title='bbox 352 2130 557 2214; x_wconf 83' lang='lat' dir='ltr'><strong>incognitum,</strong></span> <span class='ocrx_word' id='word_1_142' title='bbox 588 2129 664 2210; x_wconf 90' lang='lat' dir='ltr'><strong>quid</strong></span> <span class='ocrx_word' id='word_1_143' title='bbox 691 2129 852 2212; x_wconf 84' lang='lat' dir='ltr'><strong>cognitum</strong></span> <span class='ocrx_word' id='word_1_144' title='bbox 882 2132 1052 2212; x_wconf 83' lang='lat' dir='ltr'><strong>teneamus,</strong></span> <span class='ocrx_word' id='word_1_145' title='bbox 1087 2147 1183 2212; x_wconf 92' lang='lat' dir='ltr'><strong>quam</strong></span> <span class='ocrx_word' id='word_1_146' title='bbox 1208 2130 1338 2196; x_wconf 86' lang='lat' dir='ltr'><strong>formam</strong></span> 
     </span>
     <span class='ocr_line' id='line_1_19' title="bbox 213 2230 1337 2316; baseline 0 -17"><span class='ocrx_word' id='word_1_147' title='bbox 213 2233 347 2316; x_wconf 86' lang='lat' dir='ltr'><strong>eorporis</strong></span> <span class='ocrx_word' id='word_1_148' title='bbox 370 2233 578 2313; x_wconf 86' lang='lat' dir='ltr'><strong>recordemur,</strong></span> <span class='ocrx_word' id='word_1_149' title='bbox 602 2249 695 2315; x_wconf 86' lang='lat' dir='ltr'><strong>quam</strong></span> <span class='ocrx_word' id='word_1_150' title='bbox 711 2230 897 2315; x_wconf 85' lang='lat' dir='ltr'><strong>cogitatione</strong></span> <span class='ocrx_word' id='word_1_151' title='bbox 919 2230 1085 2316; x_wconf 83' lang='lat' dir='ltr'><strong>fingamus,</strong></span> <span class='ocrx_word' id='word_1_152' title='bbox 1108 2232 1185 2314; x_wconf 91' lang='lat' dir='ltr'><strong>quid</strong></span> <span class='ocrx_word' id='word_1_153' title='bbox 1205 2232 1337 2316; x_wconf 85' lang='lat' dir='ltr'><strong>corporis</strong></span> 
     </span>
     <span class='ocr_line' id='line_1_20' title="bbox 213 2334 1336 2421; baseline -0.002 -19"><span class='ocrx_word' id='word_1_154' title='bbox 213 2356 322 2404; x_wconf 89' lang='lat' dir='ltr'><strong>sensus</strong></span> <span class='ocrx_word' id='word_1_155' title='bbox 350 2336 499 2421; x_wconf 83' lang='lat' dir='ltr'><strong>attingat,</strong></span> <span class='ocrx_word' id='word_1_156' title='bbox 526 2336 601 2420; x_wconf 90' lang='lat' dir='ltr'><strong>quid</strong></span> <span class='ocrx_word' id='word_1_157' title='bbox 623 2334 815 2418; x_wconf 83' lang='lat' dir='ltr'><strong>imaginetur</strong></span> <span class='ocrx_word' id='word_1_158' title='bbox 837 2336 959 2400; x_wconf 87' lang='lat' dir='ltr'><strong>animus</strong></span> <span class='ocrx_word' id='word_1_159' title='bbox 982 2335 1085 2400; x_wconf 87' lang='lat' dir='ltr'><strong>simile</strong></span> <span class='ocrx_word' id='word_1_160' title='bbox 1107 2337 1239 2418; x_wconf 86' lang='lat' dir='ltr'><strong>corpori,</strong></span> <span class='ocrx_word' id='word_1_161' title='bbox 1268 2335 1336 2420; x_wconf 90' lang='lat' dir='ltr'><strong>quid</strong></span> 
     </span>
     <span class='ocr_line' id='line_1_21' title="bbox 213 2437 1364 2521; baseline 0.003 -15"><span class='ocrx_word' id='word_1_162' title='bbox 213 2445 334 2506; x_wconf 90' lang='lat' dir='ltr'><strong>certum</strong></span> <span class='ocrx_word' id='word_1_163' title='bbox 358 2444 389 2506; x_wconf 87' lang='lat' dir='ltr'><strong>et</strong></span> <span class='ocrx_word' id='word_1_164' title='bbox 411 2440 552 2505; x_wconf 90' lang='lat' dir='ltr'><strong>omnium</strong></span> <span class='ocrx_word' id='word_1_165' title='bbox 575 2455 737 2521; x_wconf 89' lang='lat' dir='ltr'><strong>corporum</strong></span> <span class='ocrx_word' id='word_1_166' title='bbox 754 2437 1004 2503; x_wconf 78' lang='lat' dir='ltr'><strong>dissimillimum</strong></span> <span class='ocrx_word' id='word_1_167' title='bbox 1025 2439 1248 2521; x_wconf 84' lang='lat' dir='ltr'><strong>intellegentia</strong></span> <span class='ocrx_word' id='word_1_168' title='bbox 1268 2459 1364 2509; x_wconf 82' lang='lat' dir='ltr'><strong>oon-ro</strong></span> 
     </span>
     <span class='ocr_line' id='line_1_22' title="bbox 213 2541 1335 2627; baseline -0.002 -17"><span class='ocrx_word' id='word_1_169' title='bbox 213 2545 400 2627; x_wconf 84' lang='lat' dir='ltr'><strong>templetur:</strong></span> <span class='ocrx_word' id='word_1_170' title='bbox 423 2543 482 2608; x_wconf 92' lang='lat' dir='ltr'><strong>hoc</strong></span> <span class='ocrx_word' id='word_1_171' title='bbox 503 2559 575 2626; x_wconf 87' lang='lat' dir='ltr'><strong>ergo</strong></span> <span class='ocrx_word' id='word_1_172' title='bbox 598 2542 714 2625; x_wconf 88' lang='lat' dir='ltr'><strong>lumen,</strong></span> <span class='ocrx_word' id='word_1_173' title='bbox 737 2541 793 2606; x_wconf 90' lang='lat' dir='ltr'><strong>uhi</strong></span> <span class='ocrx_word' id='word_1_174' title='bbox 814 2541 890 2606; x_wconf 89' lang='lat' dir='ltr'><strong>haec</strong></span> <span class='ocrx_word' id='word_1_175' title='bbox 906 2545 1020 2607; x_wconf 92' lang='lat' dir='ltr'><strong>cuncta</strong></span> <span class='ocrx_word' id='word_1_176' title='bbox 1034 2541 1257 2624; x_wconf 83' lang='lat' dir='ltr'><strong>diiudicentur,</strong></span> <span class='ocrx_word' id='word_1_177' title='bbox 1279 2562 1335 2609; x_wconf 94' lang='lat' dir='ltr'><strong>non</strong></span> 
     </span>
     <span class='ocr_line' id='line_1_23' title="bbox 213 2644 1336 2734; baseline 0.001 -22"><span class='ocrx_word' id='word_1_178' title='bbox 213 2646 321 2730; x_wconf 87' lang='lat' dir='ltr'><strong>utique</strong></span> <span class='ocrx_word' id='word_1_179' title='bbox 344 2648 427 2712; x_wconf 91' lang='lat' dir='ltr'><strong>sieut</strong></span> <span class='ocrx_word' id='word_1_180' title='bbox 449 2645 542 2710; x_wconf 91' lang='lat' dir='ltr'><strong>huius</strong></span> <span class='ocrx_word' id='word_1_181' title='bbox 563 2645 638 2710; x_wconf 89' lang='lat' dir='ltr'><strong>solis</strong></span> <span class='ocrx_word' id='word_1_182' title='bbox 661 2649 692 2709; x_wconf 90' lang='lat' dir='ltr'><strong>et</strong></span> <span class='ocrx_word' id='word_1_183' title='bbox 715 2644 864 2727; x_wconf 90' lang='lat' dir='ltr'><strong>cuiusque</strong></span> <span class='ocrx_word' id='word_1_184' title='bbox 893 2648 1030 2729; x_wconf 92' lang='lat' dir='ltr'><strong>corporei</strong></span> <span class='ocrx_word' id='word_1_185' title='bbox 1060 2646 1190 2713; x_wconf 89' lang='lat' dir='ltr'><strong>luminis</strong></span> <span class='ocrx_word' id='word_1_186' title='bbox 1220 2649 1336 2734; x_wconf 80' lang='lat' dir='ltr'><strong>fulgore</strong></span> 
     </span>
     <span class='ocr_line' id='line_1_24' title="bbox 213 2748 1337 2834; baseline 0.001 -18"><span class='ocrx_word' id='word_1_187' title='bbox 213 2771 268 2834; x_wconf 93' lang='lat' dir='ltr'><strong>per</strong></span> <span class='ocrx_word' id='word_1_188' title='bbox 282 2750 394 2817; x_wconf 90' lang='lat' dir='ltr'><strong>localia</strong></span> <span class='ocrx_word' id='word_1_189' title='bbox 408 2749 509 2833; x_wconf 89' lang='lat' dir='ltr'><strong>spatia</strong></span> <span class='ocrx_word' id='word_1_190' title='bbox 523 2749 764 2832; x_wconf 90' lang='lat' dir='ltr'><strong>circumquaque</strong></span> <span class='ocrx_word' id='word_1_191' title='bbox 780 2748 968 2814; x_wconf 83' lang='lat' dir='ltr'><strong>diffunditur</strong></span> <span class='ocrx_word' id='word_1_192' title='bbox 985 2753 1184 2833; x_wconf 87' lang='lat' dir='ltr'><strong>mentemque</strong></span> <span class='ocrx_word' id='word_1_193' title='bbox 1200 2753 1337 2819; x_wconf 83' lang='lat' dir='ltr'><strong>nostram</strong></span> 
     </span>
     <span class='ocr_line' id='line_1_25' title="bbox 212 2851 1337 2938; baseline 0.001 -18"><span class='ocrx_word' id='word_1_194' title='bbox 212 2854 303 2938; x_wconf 88' lang='lat' dir='ltr'><strong>qnasi</strong></span> <span class='ocrx_word' id='word_1_195' title='bbox 332 2852 452 2920; x_wconf 90' lang='lat' dir='ltr'><strong>uisihili</strong></span> <span class='ocrx_word' id='word_1_196' title='bbox 481 2852 614 2918; x_wconf 88' lang='lat' dir='ltr'><strong>candore</strong></span> <span class='ocrx_word' id='word_1_197' title='bbox 643 2852 831 2930; x_wconf 89' lang='lat' dir='ltr'><strong>conlustrat,</strong></span> <span class='ocrx_word' id='word_1_198' title='bbox 862 2851 916 2917; x_wconf 91' lang='lat' dir='ltr'><strong>sed</strong></span> <span class='ocrx_word' id='word_1_199' title='bbox 939 2852 1140 2920; x_wconf 86' lang='lat' dir='ltr'><strong>inuisibiliter</strong></span> <span class='ocrx_word' id='word_1_200' title='bbox 1168 2860 1202 2921; x_wconf 93' lang='lat' dir='ltr'><strong>et</strong></span> <span class='ocrx_word' id='word_1_201' title='bbox 1231 2855 1337 2923; x_wconf 79' lang='lat' dir='ltr'><strong>ineffa-</strong></span> 
     </span>
     <span class='ocr_line' id='line_1_26' title="bbox 211 2955 1376 3040; baseline 0.003 -15"><span class='ocrx_word' id='word_1_202' title='bbox 211 2959 329 3040; x_wconf 90' lang='lat' dir='ltr'><strong>biliter,</strong></span> <span class='ocrx_word' id='word_1_203' title='bbox 360 2960 517 3023; x_wconf 90' lang='lat' dir='ltr'><strong>ettamen</strong></span> <span class='ocrx_word' id='word_1_204' title='bbox 547 2955 799 3037; x_wconf 78' lang='lat' dir='ltr'><strong>intellegibiliter</strong></span> <span class='ocrx_word' id='word_1_205' title='bbox 827 2955 912 3021; x_wconf 90' lang='lat' dir='ltr'><strong>lucet</strong></span> <span class='ocrx_word' id='word_1_206' title='bbox 942 2958 1067 3039; x_wconf 89' lang='lat' dir='ltr'><strong>tumque</strong></span> <span class='ocrx_word' id='word_1_207' title='bbox 1097 2957 1188 3023; x_wconf 88' lang='lat' dir='ltr'><strong>nohis</strong></span> <span class='ocrx_word' id='word_1_208' title='bbox 1219 2963 1376 3029; x_wconf 65' lang='lat' dir='ltr'><strong>maun»</strong></span> 
     </span>
     <span class='ocr_line' id='line_1_27' title="bbox 212 3058 1339 3145; baseline 0.002 -19"><span class='ocrx_word' id='word_1_209' title='bbox 212 3063 267 3140; x_wconf 89' lang='lat' dir='ltr'><strong>est,</strong></span> <span class='ocrx_word' id='word_1_210' title='bbox 299 3078 393 3145; x_wconf 88' lang='lat' dir='ltr'><strong>quam</strong></span> <span class='ocrx_word' id='word_1_211' title='bbox 422 3059 511 3126; x_wconf 89' lang='lat' dir='ltr'><strong>nohis</strong></span> <span class='ocrx_word' id='word_1_212' title='bbox 542 3058 642 3124; x_wconf 87' lang='lat' dir='ltr'><strong>efficit</strong></span> <span class='ocrx_word' id='word_1_213' title='bbox 670 3061 757 3125; x_wconf 88' lang='lat' dir='ltr'><strong>certa</strong></span> <span class='ocrx_word' id='word_1_214' title='bbox 786 3076 864 3142; x_wconf 89' lang='lat' dir='ltr'><strong>quae</strong></span> <span class='ocrx_word' id='word_1_215' title='bbox 894 3060 1064 3125; x_wconf 89' lang='lat' dir='ltr'><strong>secundum</strong></span> <span class='ocrx_word' id='word_1_216' title='bbox 1093 3060 1199 3143; x_wconf 91' lang='lat' dir='ltr'><strong>ipsum</strong></span> <span class='ocrx_word' id='word_1_217' title='bbox 1227 3067 1339 3128; x_wconf 88' lang='lat' dir='ltr'><strong>cuncta</strong></span> 
     </span>
    </p>
   </div>
   <div class='ocr_carea' id='block_1_3' title="bbox 213 3166 430 3248">
    <p class='ocr_par' dir='ltr' id='par_1_3' title="bbox 213 3166 430 3248">
     <span class='ocr_line' id='line_1_28' title="bbox 213 3166 430 3248; baseline -0.014 -16"><span class='ocrx_word' id='word_1_218' title='bbox 213 3166 430 3248; x_wconf 89' lang='lat' dir='ltr'><strong>conspicimus.</strong></span> 
     </span>
    </p>
   </div>
   <div class='ocr_carea' id='block_1_4' title="bbox 200 3426 1339 3610">
    <p class='ocr_par' dir='ltr' id='par_1_4' title="bbox 200 3426 1339 3610">
     <span class='ocr_line' id='line_1_29' title="bbox 264 3426 1272 3524; baseline 0.006 -18"><span class='ocrx_word' id='word_1_219' title='bbox 264 3456 279 3507; x_wconf 95' lang='lat'>1</span> <span class='ocrx_word' id='word_1_220' title='bbox 306 3426 426 3507; x_wconf 73' lang='lat' dir='ltr'><strong>hisihilia</strong></span> <span class='ocrx_word' id='word_1_221' title='bbox 452 3453 480 3517; x_wconf 92' lang='lat' dir='ltr'><strong>(b</strong></span> <span class='ocrx_word' id='word_1_222' title='bbox 503 3454 572 3507; x_wconf 78' lang='lat' dir='ltr'><strong>inv</strong></span> <span class='ocrx_word' id='word_1_223' title='bbox 598 3469 668 3509; x_wconf 81' lang='lat' dir='ltr'><strong>corr.</strong></span> <span class='ocrx_word' id='word_1_224' title='bbox 692 3470 726 3508; x_wconf 83' lang='lat' dir='ltr'><strong>m.</strong></span> <span class='ocrx_word' id='word_1_225' title='bbox 750 3456 780 3519; x_wconf 83' lang='lat'><strong>2)</strong></span> <span class='ocrx_word' id='word_1_226' title='bbox 813 3454 838 3507; x_wconf 98' lang='lat' dir='ltr'><strong><em>V</em></strong></span> <span class='ocrx_word' id='word_1_227' title='bbox 937 3455 954 3507; x_wconf 88' lang='lat'><strong>3</strong></span> <span class='ocrx_word' id='word_1_228' title='bbox 981 3455 1219 3524; x_wconf 75' lang='lat' dir='ltr'><strong>conpraehendere</strong></span> <span class='ocrx_word' id='word_1_229' title='bbox 1246 3461 1272 3513; x_wconf 93' lang='lat' dir='ltr'><strong><em>A</em></strong></span> 
     </span>
     <span class='ocr_line' id='line_1_30' title="bbox 200 3538 1339 3610; baseline 0.006 -16"><span class='ocrx_word' id='word_1_230' title='bbox 200 3541 229 3594; x_wconf 80' lang='lat'><strong>&#39;5</strong></span> <span class='ocrx_word' id='word_1_231' title='bbox 255 3538 325 3610; x_wconf 87' lang='lat' dir='ltr'><strong>curu]</strong></span> <span class='ocrx_word' id='word_1_232' title='bbox 353 3556 409 3593; x_wconf 90' lang='lat' dir='ltr'><strong>com</strong></span> <span class='ocrx_word' id='word_1_233' title='bbox 435 3542 462 3593; x_wconf 93' lang='lat' dir='ltr'><strong><em>A</em></strong></span> <span class='ocrx_word' id='word_1_234' title='bbox 591 3540 608 3594; x_wconf 90' lang='grc'><strong>6</strong></span> <span class='ocrx_word' id='word_1_235' title='bbox 633 3540 670 3609; x_wconf 86' lang='lat' dir='ltr'><strong>et]</strong></span> <span class='ocrx_word' id='word_1_236' title='bbox 696 3555 747 3594; x_wconf 85' lang='lat' dir='ltr'><strong>om.</strong></span> <span class='ocrx_word' id='word_1_237' title='bbox 773 3556 790 3595; x_wconf 89' lang='lat' dir='ltr'><strong>o</strong></span> <span class='ocrx_word' id='word_1_238' title='bbox 909 3541 1071 3596; x_wconf 81' lang='lat' dir='ltr'><strong>anthiociam</strong></span> <span class='ocrx_word' id='word_1_239' title='bbox 1098 3541 1125 3596; x_wconf 88' lang='lat' dir='ltr'><strong><em>V</em></strong></span> <span class='ocrx_word' id='word_1_240' title='bbox 1156 3543 1339 3601; x_wconf 83' lang='lat' dir='ltr'><strong>anthiochiam</strong></span> 
     </span>
    </p>
   </div>
   <div class='ocr_carea' id='block_1_5' title="bbox 204 3634 1340 3806">
    <p class='ocr_par' dir='ltr' id='par_1_5' title="bbox 204 3634 1340 3806">
     <span class='ocr_line' id='line_1_31' title="bbox 204 3634 1272 3719; baseline 0.007 -32"><span class='ocrx_word' id='word_1_241' title='bbox 204 3635 238 3719; x_wconf 87' lang='lat' dir='ltr'><strong><em>A</em></strong></span> <span class='ocrx_word' id='word_1_242' title='bbox 268 3634 451 3688; x_wconf 86' lang='lat' dir='ltr'><strong>antiociamo</strong></span> <span class='ocrx_word' id='word_1_243' title='bbox 555 3635 758 3703; x_wconf 75' lang='lat' dir='ltr'><strong>lcartagineru</strong></span> <span class='ocrx_word' id='word_1_244' title='bbox 782 3637 809 3689; x_wconf 98' lang='lat' dir='ltr'><strong><em>A</em></strong></span> <span class='ocrx_word' id='word_1_245' title='bbox 912 3636 988 3690; x_wconf 86' lang='lat' dir='ltr'><strong>illam</strong></span> <span class='ocrx_word' id='word_1_246' title='bbox 1013 3650 1038 3702; x_wconf 70' lang='lat' dir='ltr'><strong>ta</strong></span> <span class='ocrx_word' id='word_1_247' title='bbox 1056 3652 1090 3691; x_wconf 78' lang='lat' dir='ltr'><strong>ea</strong></span> <span class='ocrx_word' id='word_1_248' title='bbox 1107 3653 1125 3691; x_wconf 90' lang='lat' dir='ltr'><strong>u</strong></span> <span class='ocrx_word' id='word_1_249' title='bbox 1143 3645 1227 3706; x_wconf 85' lang='lat' dir='ltr'><strong>corr.)</strong></span> <span class='ocrx_word' id='word_1_250' title='bbox 1246 3643 1272 3695; x_wconf 92' lang='lat' dir='ltr'><strong><em>A</em></strong></span> 
     </span>
     <span class='ocr_line' id='line_1_32' title="bbox 211 3728 1340 3806; baseline 0.004 -14"><span class='ocrx_word' id='word_1_251' title='bbox 211 3735 325 3805; x_wconf 77' lang='lat' dir='ltr'><strong>dhanc]</strong></span> <span class='ocrx_word' id='word_1_252' title='bbox 343 3735 408 3791; x_wconf 89' lang='lat' dir='ltr'><strong>haec</strong></span> <span class='ocrx_word' id='word_1_253' title='bbox 425 3739 452 3791; x_wconf 92' lang='lat' dir='ltr'><strong><em>A</em></strong></span> <span class='ocrx_word' id='word_1_254' title='bbox 555 3738 644 3793; x_wconf 85' lang='lat' dir='ltr'><strong>9irta</strong></span> <span class='ocrx_word' id='word_1_255' title='bbox 659 3728 715 3793; x_wconf 81' lang='lat' dir='ltr'><strong>&#39;eir</strong></span> <span class='ocrx_word' id='word_1_256' title='bbox 739 3745 777 3805; x_wconf 91' lang='lat' dir='ltr'><strong>(m</strong></span> <span class='ocrx_word' id='word_1_257' title='bbox 795 3738 859 3794; x_wconf 80' lang='lat' dir='ltr'><strong>add.</strong></span> <span class='ocrx_word' id='word_1_258' title='bbox 877 3756 912 3794; x_wconf 86' lang='lat' dir='ltr'><strong>m.</strong></span> <span class='ocrx_word' id='word_1_259' title='bbox 931 3743 959 3806; x_wconf 83' lang='lat'><strong>2)</strong></span> <span class='ocrx_word' id='word_1_260' title='bbox 977 3741 1004 3793; x_wconf 92' lang='lat' dir='ltr'><strong><em>A</em></strong></span> <span class='ocrx_word' id='word_1_261' title='bbox 1107 3741 1141 3796; x_wconf 86' lang='grc'><strong>13</strong></span> <span class='ocrx_word' id='word_1_262' title='bbox 1165 3742 1284 3799; x_wconf 86' lang='lat' dir='ltr'><strong>modulis</strong></span> <span class='ocrx_word' id='word_1_263' title='bbox 1305 3744 1340 3799; x_wconf 85' lang='lat' dir='ltr'><strong>V:</strong></span> 
     </span>
    </p>
   </div>
   <div class='ocr_carea' id='block_1_6' title="bbox 138 3834 1342 4301">
    <p class='ocr_par' dir='ltr' id='par_1_6' title="bbox 138 3834 1342 4301">
     <span class='ocr_line' id='line_1_33' title="bbox 204 3834 1340 3947; baseline 0.013 -40"><span class='ocrx_word' id='word_1_264' title='bbox 204 3855 326 3911; x_wconf 85' lang='lat' dir='ltr'><strong>molibus</strong></span> <span class='ocrx_word' id='word_1_265' title='bbox 345 3858 390 3912; x_wconf 88' lang='lat' dir='ltr'><strong>Ao</strong></span> <span class='ocrx_word' id='word_1_266' title='bbox 494 3859 527 3914; x_wconf 81' lang='lat' dir='ltr'><strong>lh</strong></span> <span class='ocrx_word' id='word_1_267' title='bbox 544 3859 654 3927; x_wconf 85' lang='lat' dir='ltr'><strong>ipsoque</strong></span> <span class='ocrx_word' id='word_1_268' title='bbox 673 3860 700 3912; x_wconf 87' lang='lat' dir='ltr'><strong><em>A</em></strong></span> <span class='ocrx_word' id='word_1_269' title='bbox 805 3859 837 3913; x_wconf 89' lang='lat'><strong>18</strong></span> <span class='ocrx_word' id='word_1_270' title='bbox 855 3860 1031 3929; x_wconf 86' lang='lat' dir='ltr'><strong>recordemur]</strong></span> <span class='ocrx_word' id='word_1_271' title='bbox 1051 3834 1216 3947; x_wconf 61' lang='lat' dir='ltr'><strong>reiordemur</strong></span> <span class='ocrx_word' id='word_1_272' title='bbox 1234 3865 1263 3932; x_wconf 82' lang='lat' dir='ltr'><strong>(d</strong></span> <span class='ocrx_word' id='word_1_273' title='bbox 1280 3864 1340 3927; x_wconf 77' lang='lat' dir='ltr'><strong>dcl..</strong></span> 
     </span>
     <span class='ocr_line' id='line_1_34' title="bbox 138 3958 1341 4031; baseline 0.011 -20"><span class='ocrx_word' id='word_1_274' title='bbox 138 3996 141 4003; x_wconf 80' lang='lat'><em>-</em></span> <span class='ocrx_word' id='word_1_275' title='bbox 212 3975 239 4013; x_wconf 88' lang='lat' dir='ltr'><strong>m</strong></span> <span class='ocrx_word' id='word_1_276' title='bbox 257 3958 454 4025; x_wconf 68' lang='lat' dir='ltr'><strong>add‚m.2)V</strong></span> <span class='ocrx_word' id='word_1_277' title='bbox 538 3960 683 4031; x_wconf 79' lang='lat' dir='ltr'><strong>fingamus]</strong></span> <span class='ocrx_word' id='word_1_278' title='bbox 702 3961 810 4016; x_wconf 87' lang='lat' dir='ltr'><strong>fleamus</strong></span> <span class='ocrx_word' id='word_1_279' title='bbox 828 3964 856 4018; x_wconf 92' lang='lat' dir='ltr'><strong><em>A</em></strong></span> <span class='ocrx_word' id='word_1_280' title='bbox 944 3964 976 4018; x_wconf 83' lang='lat'><strong>19</strong></span> <span class='ocrx_word' id='word_1_281' title='bbox 993 3963 1078 4018; x_wconf 87' lang='lat' dir='ltr'><strong>simili</strong></span> <span class='ocrx_word' id='word_1_282' title='bbox 1095 3965 1122 4017; x_wconf 86' lang='lat' dir='ltr'><strong><em>A</em></strong></span> <span class='ocrx_word' id='word_1_283' title='bbox 1210 3968 1246 4022; x_wconf 77' lang='lat'><strong>20</strong></span> <span class='ocrx_word' id='word_1_284' title='bbox 1262 3969 1341 4023; x_wconf 83' lang='lat' dir='ltr'><strong>dissi·</strong></span> 
     </span>
     <span class='ocr_line' id='line_1_35' title="bbox 211 4054 1273 4129; baseline 0.008 -21"><span class='ocrx_word' id='word_1_285' title='bbox 211 4054 355 4109; x_wconf 88' lang='lat' dir='ltr'><strong>millimum</strong></span> <span class='ocrx_word' id='word_1_286' title='bbox 369 4055 403 4107; x_wconf 91' lang='lat' dir='ltr'><strong>V:</strong></span> <span class='ocrx_word' id='word_1_287' title='bbox 433 4055 614 4109; x_wconf 85' lang='lat' dir='ltr'><strong>dissimillium</strong></span> <span class='ocrx_word' id='word_1_288' title='bbox 634 4057 661 4109; x_wconf 86' lang='lat' dir='ltr'><strong><em>A</em></strong></span> <span class='ocrx_word' id='word_1_289' title='bbox 687 4055 927 4113; x_wconf 87' lang='lat' dir='ltr'><strong>dissimillimamo</strong></span> <span class='ocrx_word' id='word_1_290' title='bbox 1024 4058 1237 4129; x_wconf 73' lang='lat' dir='ltr'><strong>intelligentiam</strong></span> <span class='ocrx_word' id='word_1_291' title='bbox 1255 4081 1273 4118; x_wconf 86' lang='lat' dir='ltr'><strong>o</strong></span> 
     </span>
     <span class='ocr_line' id='line_1_36' title="bbox 210 4139 1342 4221; baseline 0.008 -25"><span class='ocrx_word' id='word_1_292' title='bbox 210 4141 244 4196; x_wconf 79' lang='lat'><strong>21</strong></span> <span class='ocrx_word' id='word_1_293' title='bbox 262 4139 448 4195; x_wconf 86' lang='lat' dir='ltr'><strong>deiudicantnr</strong></span> <span class='ocrx_word' id='word_1_294' title='bbox 466 4142 493 4195; x_wconf 90' lang='lat' dir='ltr'><strong><em>A</em></strong></span> <span class='ocrx_word' id='word_1_295' title='bbox 577 4142 612 4196; x_wconf 75' lang='lat'><strong>22</strong></span> <span class='ocrx_word' id='word_1_296' title='bbox 629 4144 720 4211; x_wconf 80' lang='lat' dir='ltr'><strong>fulgor</strong></span> <span class='ocrx_word' id='word_1_297' title='bbox 738 4144 823 4198; x_wconf 86' lang='lat' dir='ltr'><strong>AP¹o</strong></span> <span class='ocrx_word' id='word_1_298' title='bbox 913 4144 946 4199; x_wconf 78' lang='lat'><strong>25</strong></span> <span class='ocrx_word' id='word_1_299' title='bbox 964 4149 992 4199; x_wconf 92' lang='lat' dir='ltr'><strong>et</strong></span> <span class='ocrx_word' id='word_1_300' title='bbox 1005 4147 1096 4199; x_wconf 61' lang='lat' dir='ltr'><strong>umen</strong></span> <span class='ocrx_word' id='word_1_301' title='bbox 1108 4145 1342 4221; x_wconf 76' lang='lat' dir='ltr'><strong>intellegibiliter]</strong></span> 
     </span>
     <span class='ocr_line' id='line_1_37' title="bbox 211 4224 1238 4301; baseline 0.01 -21"><span class='ocrx_word' id='word_1_302' title='bbox 211 4242 263 4280; x_wconf 79' lang='lat' dir='ltr'><strong>om.</strong></span> <span class='ocrx_word' id='word_1_303' title='bbox 283 4224 348 4279; x_wconf 88' lang='lat' dir='ltr'><strong>MV</strong></span> <span class='ocrx_word' id='word_1_304' title='bbox 448 4224 482 4278; x_wconf 76' lang='lat'><strong>26</strong></span> <span class='ocrx_word' id='word_1_305' title='bbox 500 4226 584 4280; x_wconf 83' lang='lat' dir='ltr'><strong>eflicit</strong></span> <span class='ocrx_word' id='word_1_306' title='bbox 606 4227 642 4281; x_wconf 85' lang='lat' dir='ltr'><strong>V:</strong></span> <span class='ocrx_word' id='word_1_307' title='bbox 672 4228 760 4282; x_wconf 85' lang='lat' dir='ltr'><strong>eidcet</strong></span> <span class='ocrx_word' id='word_1_308' title='bbox 777 4231 805 4282; x_wconf 85' lang='lat' dir='ltr'><strong><em>A</em></strong></span> <span class='ocrx_word' id='word_1_309' title='bbox 834 4228 956 4285; x_wconf 80' lang='lat' dir='ltr'><strong>effecito</strong></span> <span class='ocrx_word' id='word_1_310' title='bbox 1056 4231 1133 4301; x_wconf 85' lang='lat' dir='ltr'><strong>quac]</strong></span> <span class='ocrx_word' id='word_1_311' title='bbox 1151 4247 1238 4301; x_wconf 90' lang='lat' dir='ltr'><strong>qnoo</strong></span> 
     </span>
    </p>
   </div>
   <div class='ocr_carea' id='block_1_7' title="bbox 0 0 1384 4814">
    <p class='ocr_par' dir='ltr' id='par_1_7' title="bbox 0 0 1384 4814">
     <span class='ocr_line' id='line_1_38' title="bbox 0 0 1384 4814; baseline 0 0"><span class='ocrx_word' id='word_1_312' title='bbox 0 0 1384 4814; x_wconf 95' lang='lat' dir='ltr'><strong> </strong></span> 
     </span>
    </p>
   </div>
  </div>
 </body>
</html>
