2760 4814
201 305 265 373 766
685 303 847 372 Eosiooii

180 496 245 587 ‚sio
275 499 307 560 et
334 495 464 575 spiritus
494 496 622 558 sanctus
653 511 687 557 eo
718 510 777 574 que
800 492 892 557 datur
914 489 1028 556 habeat
1049 508 1112 556 non
1137 492 1277 569 tantum,
1299 493 1333 557 ut

199 600 314 664 donum
343 598 395 671 sit,
427 597 480 662 sed
510 597 647 672 omnino,
678 599 714 659 ut
744 595 796 661 sit.
829 597 935 659 utrum
965 611 1036 678 ergo
1058 598 1139 668 erat,
1164 596 1331 678 antequam

203 699 336 779 daretur,
365 702 418 767 sed
440 700 577 765 nondum
600 701 665 763 erat
688 699 813 777 denum,
836 716 876 761 an
899 715 934 762 eo
956 697 1099 780 ipsoque
1114 699 1332 763 daturuserat

203 821 273 867 eum
298 802 383 877 deus,
407 801 471 867 iam
493 803 609 866 donum
632 802 710 883 erat,
733 804 764 864 et
787 804 955 882 antequam
978 799 1128 864 daretur?
1152 800 1209 865 sed
1229 801 1330 866 sinon

202 903 353 989 procedit,
373 903 434 969 nisi
452 921 522 968 oum
537 905 638 981 datur,
657 919 715 966 nec
729 902 907 983 procederet
922 901 1039 983 utique,
1054 900 1241 985 priusquam
1256 905 1357 968 emota

201 1011 252 1074 cui
275 1008 411 1086 daretur,
435 1006 586 1089 quomode
608 1007 672 1071 iam
693 1006 763 1070 erat
785 1005 852 1087 ipsa
873 1003 1059 1085 substantia,
1082 1003 1195 1072 sinon
1208 1006 1261 1073 eet
1274 1005 1331 1072 nisi

202 1113 275 1195 quia
297 1113 411 1177 datur?
433 1110 518 1175 sicut
539 1109 623 1174 filius
638 1125 699 1174 non
722 1108 857 1184 tantum,
880 1109 917 1172 ut
939 1107 1022 1173 fitius
1037 1107 1180 1190 —quod
1200 1108 1332 1175 relatiua

201 1216 317 1283 dicitur
333 1251 376 1262 -
394 1216 447 1279 sed
471 1213 596 1279 omnino
619 1216 654 1277 ut
677 1212 720 1277 sit
742 1212 812 1293 ipsa
834 1210 1020 1290 substantia,
1045 1211 1205 1278 nascendo
1228 1211 1330 1279 habet

200 1338 241 1384 an
263 1337 384 1401 semper
407 1317 544 1400 procedit
566 1317 696 1400 spiritus
719 1316 844 1380 sanctus
868 1316 901 1379 et
916 1332 978 1380 non
993 1334 1029 1381 ex
1043 1317 1197 1398 tempore,
1217 1316 1273 1382 sed
1293 1317 1330 1381 ab

203 1420 564 1502 aeternitateprocedit?
586 1418 639 1482 sed
655 1420 728 1501 quia
744 1419 791 1483 sic
806 1416 1003 1500 procedebat,
1027 1421 1064 1482 ut
1079 1420 1163 1484 esset
1177 1417 1329 1495 donabile,
1336 1443 1357 1483 u

201 1524 267 1588 iam
290 1524 404 1588 donum
428 1523 504 1601 erat,
531 1528 564 1586 et
587 1528 755 1605 autequam
778 1522 861 1587 esset
883 1521 933 1586 cui
957 1523 1094 1587 daretur.
1131 1523 1227 1588 aliter
1249 1523 1329 1587 enim

201 1627 404 1710 intellegitur,
429 1644 498 1690 cum
522 1626 635 1691 dicitur
656 1628 781 1703 donum,
805 1625 907 1708 aliter,
930 1645 1001 1691 oum
1025 1626 1141 1691 dicitur
1163 1624 1329 1708 donatum

201 1749 273 1794 nam
296 1732 411 1796 donum
434 1730 538 1813 potest
568 1747 645 1808 esse,
678 1734 708 1794 et
735 1733 904 1811 antequem
926 1731 1026 1806 detur,
1053 1728 1205 1795 donatum
1227 1731 1329 1795 aarum

202 1833 262 1898 nisi
285 1836 430 1899 donatum
455 1832 552 1896 fuerit
573 1832 660 1897 nullo
683 1833 774 1897 modo
797 1832 858 1897 diei
880 1834 991 1915 potest.

655 2119 879 2204 OOXXXVI.
1336 2168 1357 2208 u

200 2312 247 2360 DE
273 2310 590 2359 APPELLarloumvs
620 2310 811 2369 Ruourrvrs,
842 2310 934 2370 Qvod
963 2310 1035 2358 NON
1057 2311 1104 2357 AD
1128 2312 1237 2377 DEVM,
1267 2311 1327 2360 sul)

200 2417 248 2462 AD
282 2414 490 2463 GBEATVRAM
527 2413 756 2461 BEFERENDAE
793 2413 895 2475 SVNT,
933 2412 1092 2473 QVONIAM
1130 2414 1201 2463 Duo
1232 2414 1328 2464 mm

273 2515 423 2565 Accrmr.
457 2518 503 2564 EX
526 2515 645 2564 EODEM
667 2516 771 2564 LIBRO
794 2516 840 2563 DE
862 2516 1045 2564 dnmmodo
1068 2517 1101 2579 V,
1129 2517 1162 2564 ‘l'-
1187 2520 1258 2568 XVI.

129 2643 194 2710 258
247 2634 313 2699 Nec
334 2639 457 2700 moueat
479 2637 560 2719 quod
583 2637 712 2719 spiritus
735 2639 869 2712 sanctus,
892 2653 964 2701 cum
986 2637 1028 2702 sit
1043 2642 1228 2703 coaeternus
1249 2639 1329 2722 patri

203 2744 235 2802 et
264 2737 338 2817 filio,
369 2738 485 2803 dicitur
516 2741 622 2805 tamen
653 2740 771 2821 aliquid
795 2757 830 2803 ex
853 2740 1000 2821 tempore,
1024 2739 1123 2805 ueluti
1147 2741 1207 2806 hoo
1229 2745 1358 2827 ipsnma

203 2845 284 2925 quod
323 2842 470 2907 donatum
508 2844 652 2908 diximus.
704 2862 775 2907 nam
813 2845 1000 2925 sempiterne
1036 2843 1166 2925 spiritus
1204 2845 1327 2926 donum,

202 2947 416 3030 temporaliter
440 2947 546 3009 autem
569 2946 727 3013 donatum.
765 2963 837 3010 nam
859 2949 891 3010 et
913 2946 1056 3011 dominus
1081 2947 1193 3013 sinon
1217 2951 1329 3015 dicitur

204 3049 263 3114 nisi
288 3068 359 3113 cum
382 3048 496 3114 habere
517 3049 629 3131 incipit
651 3068 786 3126 seruum,
809 3049 904 3114 etiam
927 3049 991 3113 ista
1012 3049 1182 3130 appellatio
1197 3054 1331 3119 relatiua

202 3171 238 3215 er
267 3155 404 3235 tempore
427 3153 474 3216 est
496 3151 569 3234 deo;
602 3168 663 3217 non
687 3152 769 3217 enim
791 3155 978 3235 sempiterna
999 3155 1140 3219 creatura
1161 3156 1219 3238 est,
1243 3159 1330 3222 cuius

202 3258 250 3319 est
272 3255 328 3320 ille
351 3255 505 3321 dominus.
535 3256 688 3336 quomodo
711 3274 783 3339 ergo
805 3255 1014 3322 obtinebimus
1035 3275 1091 3324 noc
1112 3257 1183 3340 ipsa
1198 3262 1363 3331 relatiuis

202 3376 269 3423 esse
298 3357 482 3435 accidentia,
512 3359 658 3440 quoniam
688 3358 767 3424 nihil
793 3359 909 3426 accidit
931 3362 986 3425 dee
1008 3362 1235 3442 temporaliter,
1258 3364 1333 3448 quia

202 3479 264 3526 non
287 3463 336 3526 est
358 3460 533 3540 mutabilis,
555 3461 637 3526 sicut
658 3462 691 3526 in
715 3462 838 3528 exordio
862 3463 954 3529 huius
976 3462 1197 3547 disputationis
1213 3468 1332 3533 tracta·

201 3562 330 3629 uimus?
374 3583 443 3630 ecce
481 3565 640 3631 deminum
679 3583 745 3630 esse
782 3583 844 3630 non
880 3567 1106 3650 sempiternum
1142 3567 1256 3645 habet,
1294 3589 1333 3636 ne

205 3684 355 3749 cogamur
377 3667 473 3733 etiam
490 3672 664 3733 creaturam
680 3669 904 3750 sempiternam
920 3668 1032 3752 dicere,
1056 3671 1131 3751 quia
1144 3670 1199 3736 ille
1214 3674 1332 3757 sempi-

202 3770 293 3835 terne
315 3788 375 3836 non
390 3769 614 3850 dominaretur,
638 3769 701 3836 nisi
722 3773 818 3837 etiam
833 3771 894 3838 iste
910 3773 1097 3855 sempiterne
1112 3773 1368 3851 famularetur...

202 3872 285 3938 siout
314 3877 420 3938 autem
450 3892 511 3939 non
533 3877 637 3957 petest
659 3892 726 3940 esse
748 3893 856 3941 seruus
879 3876 933 3959 qui
956 3893 1016 3942 non
1040 3875 1134 3941 habet
1156 3875 1333 3964 dominnm,

253 4146 352 4216 8ipss
368 4146 522 4201 substantia
542 4147 579 4202 V:
610 4148 697 4218 ipsam
714 4150 931 4206 summntiamu
1035 4151 1069 4206 lo
1090 4167 1151 4222 cop·
1169 4152 1336 4211 001¹va

202 4232 279 4289 MV:
308 4233 430 4289 decutio
452 4233 520 4290 cPo
622 4235 903 4292 wintemaro
