2760 4814
172 366 334 435 Excerpta
351 380 385 417 ex
403 380 472 435 opp.
490 364 516 419 S.
535 363 718 433 Augustini
742 362 892 418 CCLXXV.
912 361 1075 418 COLXXVI.
1125 362 1190 430 879

53 555 310 629 committuntur,
341 571 433 636 quam
456 553 484 618 si
507 553 595 619 nulla
616 555 685 637 lega
707 553 955 636 prohiberentur.
989 553 1064 620 tunc
1085 554 1190 637 itaque

53 658 206 740 absorpta
235 657 295 723 erit
325 675 408 722 mors
430 659 462 723 in
485 656 660 735 uictoriam,
684 675 754 723 cnm
777 676 831 740 per
852 656 1132 723 sanctificationem
1153 656 1188 721 iu

53 761 144 828 omni
167 760 302 827 hominis
324 765 413 845 parte
435 761 574 844 perlecta
597 759 799 826 delectatione
815 761 1007 843 spiritalium
1023 760 1189 826 delectatio

52 867 190 931 carnalis
213 865 384 932 subruitur.

24 1204 40 1243 ⁵
511 1151 729 1237 CCLXXVI.

49 1344 102 1390 nn
126 1341 375 1403 Qvuomucnurn
398 1342 441 1389 nr
463 1342 525 1390 sux
549 1342 651 1391 nurus
674 1343 951 1393 uunmxcamours
973 1343 1112 1392 sunnin.
1141 1344 1187 1391 nx

240 1446 362 1493 ouium
389 1447 578 1494 aviusunn
601 1446 787 1495 sscvuouu
809 1448 1001 1497 nonauuuu.
1044 1414 1047 1420 ’

101 1585 254 1650 Dixsrnnt
287 1585 336 1649 illi
365 1584 491 1650 Iudaei:
529 1585 629 1668 qnod
661 1584 815 1668 siguum
846 1584 1022 1651 ostendis
1054 1584 1257 1663 uobis‚301

49 1688 149 1771 quia
179 1687 272 1753 baec
298 1688 425 1753 facis?
462 1689 496 1753 et
517 1688 674 1754 dominus:
706 1689 853 1755 soluite
875 1688 1066 1770 templum
1098 1687 1186 1764 hoc,

10 1796 93 1863 rost
126 1791 256 1856 tribus
293 1790 431 1857 diebus
463 1792 646 1857 excitabo
680 1792 794 1857 illud.
841 1794 922 1876 quod
958 1795 1186 1857 sacramentum

49 1895 162 1961 Iudaei
178 1913 241 1960 non
256 1895 472 1979 intellegentes
488 1894 647 1960 dixerunt:
670 1895 772 1961 XLVI
794 1897 906 1960 annis
927 1894 1187 1961 aedificatum

49 1998 117 2063 est
140 2002 329 2082 templum
352 1999 438 2076 hoc,
456 2000 495 2063 et
517 1999 558 2063 tu
574 1998 693 2064 dicis:
709 1998 839 2064 tribus
855 1998 992 2064 diebus
1008 1997 1187 2063 excitabo

48 2100 179 2166 illud?

97 2221 178 2287 Sans
194 2241 255 2288 uon
270 2221 444 2287 Salomonis
460 2220 596 2287 fabricae
612 2240 737 2287 emensa
753 2224 895 2303 tempora
909 2220 1015 2286 ludaei
1031 2223 1184 2301 dixerunt,

12 2328 109 2399 maed
132 2326 260 2403 Esdrae,
284 2328 335 2391 cui
357 2346 396 2390 ne
418 2326 619 2409 perficeretur
640 2346 659 2391 a
680 2326 793 2392 uicinis
809 2325 955 2410 gentibus
969 2325 1072 2390 fuerat
1086 2325 1185 2390 iuter·

49 2432 183 2498 dictum.
215 2448 285 2496 caro
307 2431 406 2507 eraut,
430 2429 568 2494 carnalia
589 2431 767 2514 sapiebant:
790 2429 844 2494 ille
859 2429 1043 2513 loquebatur
1057 2429 1185 2509 spirita·

49 2534 140 2601 liter.
163 2536 232 2616 quis
246 2535 353 2597 autem
368 2534 471 2613 posset
491 2533 684 2615 intellegere,
701 2533 739 2597 de
754 2551 813 2614 quo
828 2533 946 2616 templo
962 2533 1110 2599 dicebat?
1131 2532 1185 2597 sed

49 2654 115 2703 nou
139 2637 273 2701 multum
297 2635 491 2719 quaerimus3
515 2655 570 2718 per
589 2638 816 2719 euangelistam
840 2636 928 2701 nobis
950 2637 1082 2718 apernit.
1106 2635 1185 2703 dixit

50 2740 91 2806 de
115 2758 176 2822 quo
197 2739 316 2821 templo
337 2741 466 2805 diceret:
487 2738 635 2803 soluite
658 2738 958 2821 templanum,
987 2740 1026 2804 et
1055 2738 1184 2804 tribus

13 2842 197 2913 audiebus
219 2843 401 2910 excitabo
423 2842 532 2908 illud.
577 2843 678 2907 XLVI
702 2842 815 2908 anuis
842 2842 1102 2908 aedificatum
1124 2847 1185 2907 est

49 2947 261 3032 templum,
280 2949 319 3011 et
334 2947 464 3012 triduo
480 2947 700 3013 suscitabis
714 2948 839 3012 illudl
861 2947 1019 3014 dicebat
1038 2949 1185 3023 autem,

48 3052 98 3117 ait
128 3050 332 3135 euangelista,
360 3051 406 3115 de
434 3050 588 3132 templo
609 3051 788 3131 corporis
811 3050 882 3115 sui.
927 3051 959 3114 et
980 3049 1184 3115 manifestum

50 3156 102 3220 est
123 3152 258 3219 occisum
283 3154 444 3218 dominum
466 3157 536 3235 post
558 3153 698 3217 triduum
723 3152 935 3219 resurrexisse.

95 3273 179 3355 Quid
209 3291 281 3358 ergo
312 3275 372 3340 sibi
402 3274 472 3340 uult
501 3292 649 3339 numerus
677 3274 806 3340 XLVl?
835 3275 961 3339 interim
988 3273 1054 3354 ipse
1081 3273 1183 3339 Adam

13 3376 126 3462 aquia
147 3396 202 3462 per
224 3379 327 3444 totum
350 3377 457 3443 orbem
480 3383 635 3442 terrarum
659 3380 714 3456 est,
738 3377 870 3442 audistis
893 3374 956 3441 iam
971 3375 1116 3440 hesterno
1131 3375 1182 3440 die

47 3483 83 3548 iu
106 3481 256 3564 quattuor
285 3480 399 3546 litteris
432 3480 550 3564 graecis
573 3480 719 3563 quattuor
740 3480 907 3546 uerbomm
929 3496 1121 3565 graecorum.
1156 3478 1183 3543 si

155 3683 173 3737 8
189 3686 228 3751 (et
248 3681 347 3751 19)10.
367 3682 392 3748 2,
413 3683 445 3737 18
454 3696 511 3752 sqq.

102 3870 247 3927 aunone
260 3872 317 3929 or
395 3874 549 3930 urenae
631 3872 649 3928 4
666 3871 806 3929 suorum
822 3870 858 3927 s:
885 3845 1054 3928 damnetur
1072 3875 1100 3941 (v
1117 3872 1183 3928 aas.

49 3974 84 4015 m.
103 3960 136 4028 2)
164 3958 192 4013 P
225 3958 353 4015 obruetur
383 3960 426 4017 (lo
528 3961 546 4015 b
572 3976 633 4031 cop.
658 3958 793 4016 ccxcm
822 3958 878 4025 Oce
906 3976 982 4015 acm.
1008 3974 1059 4015 om.
1087 3960 1115 4015 P

48 4042 206 4101 datm:
236 4060 286 4101 om.
307 4046 363 4103 GP
463 4046 592 4101 ‘lomilia
610 4045 677 4101 PV:
704 4045 800 4101 omelia
820 4044 884 4103 GM
987 4045 1184 4116 ldpostillud

48 4130 116 4187 add.
135 4130 174 4187 P*
190 4133 222 4187 in
239 4146 304 4204 mys
334 4138 362 4188 et
379 4134 429 4190 hoc
447 4149 477 4188 ex
494 4132 563 4187 libro
581 4147 712 4201 anonymo
730 4130 821 4188 cum
843 4134 1015 4202 questionum
1033 4148 1113 4188 cansa
1130 4133 1182 4188 lool

47 4217 183 4287 persentis
206 4218 377 4287 cernimusff)
485 4218 517 4272 18
543 4217 709 4289 euangelista
735 4216 782 4273 Μ·
874 4218 905 4274 al
935 4217 1079 4275 suscitabis
1105 4217 1184 4274 MVz

46 4302 179 4359 mochis
197 4304 225 4360 P
326 4305 361 4361 23
378 4305 522 4361 surrexisse
539 4304 577 4360 Μ
