<?xml version="1.0" encoding="UTF-8"?>
<!DOCTYPE html PUBLIC "-//W3C//DTD XHTML 1.0 Transitional//EN"
    "http://www.w3.org/TR/xhtml1/DTD/xhtml1-transitional.dtd">
<html xmlns="http://www.w3.org/1999/xhtml" xml:lang="en" lang="en">
 <head>
  <title>
</title>
<meta http-equiv="Content-Type" content="text/html;charset=utf-8" />
  <meta name='ocr-system' content='tesseract 3.04.00' />
  <meta name='ocr-capabilities' content='ocr_page ocr_carea ocr_par ocr_line ocrx_word'/>
</head>
<body>
  <div class='ocr_page' id='page_1' title='image "./evgippiiexcerpt00kngoog/evgippiiexcerpt00kngoog_1037.png"; bbox 0 0 2760 4814; ppageno 0'>
   <div class='ocr_carea' id='block_1_1' title="bbox 134 619 781 692">
    <p class='ocr_par' dir='ltr' id='par_1_1' title="bbox 134 619 781 692">
     <span class='ocr_line' id='line_1_1' title="bbox 134 619 781 692; baseline 0.011 -7"><span class='ocrx_word' id='word_1_1' title='bbox 134 619 218 686; x_wconf 85' lang='lat'>1014</span> <span class='ocrx_word' id='word_1_2' title='bbox 618 621 781 692; x_wconf 71' lang='lat' dir='ltr'>eugippio</span> 
     </span>
    </p>
   </div>
   <div class='ocr_carea' id='block_1_2' title="bbox 130 811 1289 3377">
    <p class='ocr_par' dir='ltr' id='par_1_2' title="bbox 131 811 1288 1725">
     <span class='ocr_line' id='line_1_2' title="bbox 136 811 1266 898; baseline 0.003 -22"><span class='ocrx_word' id='word_1_3' title='bbox 136 811 204 876; x_wconf 89' lang='lat' dir='ltr'>nati</span> <span class='ocrx_word' id='word_1_4' title='bbox 227 813 310 877; x_wconf 85' lang='lat' dir='ltr'>sunt.</span> <span class='ocrx_word' id='word_1_5' title='bbox 334 811 380 877; x_wconf 86' lang='lat' dir='ltr'>ita</span> <span class='ocrx_word' id='word_1_6' title='bbox 402 830 462 877; x_wconf 94' lang='lat' dir='ltr'>non</span> <span class='ocrx_word' id='word_1_7' title='bbox 486 814 534 878; x_wconf 89' lang='lat' dir='ltr'>est</span> <span class='ocrx_word' id='word_1_8' title='bbox 556 812 739 891; x_wconf 84' lang='lat' dir='ltr'>absurdum,</span> <span class='ocrx_word' id='word_1_9' title='bbox 769 817 805 878; x_wconf 91' lang='lat' dir='ltr'>ut</span> <span class='ocrx_word' id='word_1_10' title='bbox 839 811 987 879; x_wconf 90' lang='lat' dir='ltr'>similiter</span> <span class='ocrx_word' id='word_1_11' title='bbox 1010 817 1187 898; x_wconf 76' lang='lat' dir='ltr'>resurgant</span> <span class='ocrx_word' id='word_1_12' title='bbox 1207 833 1266 881; x_wconf 90' lang='lat' dir='ltr'>cor·</span> 
     </span>
     <span class='ocr_line' id='line_1_3' title="bbox 134 913 1266 998; baseline 0.005 -20"><span class='ocrx_word' id='word_1_13' title='bbox 134 932 219 996; x_wconf 87' lang='lat' dir='ltr'>pora,</span> <span class='ocrx_word' id='word_1_14' title='bbox 254 932 334 998; x_wconf 90' lang='lat' dir='ltr'>quae</span> <span class='ocrx_word' id='word_1_15' title='bbox 357 913 556 981; x_wconf 79' lang='lat' dir='ltr'>dissimiliter</span> <span class='ocrx_word' id='word_1_16' title='bbox 578 919 646 981; x_wconf 89' lang='lat' dir='ltr'>orta</span> <span class='ocrx_word' id='word_1_17' title='bbox 668 917 751 982; x_wconf 89' lang='lat' dir='ltr'>sunt.</span> <span class='ocrx_word' id='word_1_18' title='bbox 775 917 866 982; x_wconf 90' lang='lat' dir='ltr'>huius</span> <span class='ocrx_word' id='word_1_19' title='bbox 889 915 1111 981; x_wconf 87' lang='lat' dir='ltr'>mediantem</span> <span class='ocrx_word' id='word_1_20' title='bbox 1136 917 1266 984; x_wconf 87' lang='lat' dir='ltr'>homines</span> 
     </span>
     <span class='ocr_line' id='line_1_4' title="bbox 134 1018 1263 1104; baseline 0.002 -21"><span class='ocrx_word' id='word_1_21' title='bbox 134 1037 195 1083; x_wconf 94' lang='lat' dir='ltr'>non</span> <span class='ocrx_word' id='word_1_22' title='bbox 219 1020 359 1086; x_wconf 86' lang='lat' dir='ltr'>ualentes</span> <span class='ocrx_word' id='word_1_23' title='bbox 387 1019 514 1101; x_wconf 86' lang='lat' dir='ltr'>intueri,</span> <span class='ocrx_word' id='word_1_24' title='bbox 542 1022 581 1086; x_wconf 90' lang='lat' dir='ltr'>ad</span> <span class='ocrx_word' id='word_1_25' title='bbox 604 1038 698 1104; x_wconf 90' lang='lat' dir='ltr'>quam</span> <span class='ocrx_word' id='word_1_26' title='bbox 720 1038 788 1085; x_wconf 89' lang='lat' dir='ltr'>rem</span> <span class='ocrx_word' id='word_1_27' title='bbox 816 1021 938 1086; x_wconf 88' lang='lat' dir='ltr'>intersit</span> <span class='ocrx_word' id='word_1_28' title='bbox 960 1018 1085 1101; x_wconf 85' lang='lat' dir='ltr'>aliquid</span> <span class='ocrx_word' id='word_1_29' title='bbox 1110 1019 1263 1087; x_wconf 88' lang='lat' dir='ltr'>diuersum</span> 
     </span>
     <span class='ocr_line' id='line_1_5' title="bbox 133 1121 1264 1205; baseline 0.003 -18"><span class='ocrx_word' id='word_1_30' title='bbox 133 1122 167 1187; x_wconf 88' lang='lat' dir='ltr'>et</span> <span class='ocrx_word' id='word_1_31' title='bbox 187 1122 227 1187; x_wconf 88' lang='lat' dir='ltr'>ad</span> <span class='ocrx_word' id='word_1_32' title='bbox 249 1140 344 1205; x_wconf 89' lang='lat' dir='ltr'>quam</span> <span class='ocrx_word' id='word_1_33' title='bbox 367 1139 429 1187; x_wconf 92' lang='lat' dir='ltr'>non</span> <span class='ocrx_word' id='word_1_34' title='bbox 451 1121 589 1202; x_wconf 88' lang='lat' dir='ltr'>intorsit,</span> <span class='ocrx_word' id='word_1_35' title='bbox 622 1122 676 1188; x_wconf 93' lang='lat' dir='ltr'>ubi</span> <span class='ocrx_word' id='word_1_36' title='bbox 699 1122 895 1188; x_wconf 87' lang='lat' dir='ltr'>aduerterint</span> <span class='ocrx_word' id='word_1_37' title='bbox 918 1122 1060 1205; x_wconf 89' lang='lat' dir='ltr'>aliquam</span> <span class='ocrx_word' id='word_1_38' title='bbox 1085 1123 1264 1190; x_wconf 82' lang='lat' dir='ltr'>distantiam</span> 
     </span>
     <span class='ocr_line' id='line_1_6' title="bbox 132 1224 1288 1309; baseline -0.003 -18"><span class='ocrx_word' id='word_1_39' title='bbox 132 1225 387 1308; x_wconf 85' lang='lat' dir='ltr'>primordiorum,</span> <span class='ocrx_word' id='word_1_40' title='bbox 410 1225 507 1291; x_wconf 84' lang='lat' dir='ltr'>etiam</span> <span class='ocrx_word' id='word_1_41' title='bbox 530 1224 636 1291; x_wconf 86' lang='lat' dir='ltr'>omnia</span> <span class='ocrx_word' id='word_1_42' title='bbox 659 1226 880 1308; x_wconf 83' lang='lat' dir='ltr'>consequentia</span> <span class='ocrx_word' id='word_1_43' title='bbox 896 1226 1014 1291; x_wconf 87' lang='lat' dir='ltr'>distare</span> <span class='ocrx_word' id='word_1_44' title='bbox 1031 1231 1181 1309; x_wconf 76' lang='lat' dir='ltr'>oportere</span> <span class='ocrx_word' id='word_1_45' title='bbox 1196 1244 1288 1292; x_wconf 72' lang='lat' dir='ltr'>con-s</span> 
     </span>
     <span class='ocr_line' id='line_1_7' title="bbox 133 1328 1263 1413; baseline 0.002 -20"><span class='ocrx_word' id='word_1_46' title='bbox 133 1329 278 1395; x_wconf 82' lang='lat' dir='ltr'>tendunt</span> <span class='ocrx_word' id='word_1_47' title='bbox 301 1333 432 1413; x_wconf 79' lang='lat' dir='ltr'>pessunt</span> <span class='ocrx_word' id='word_1_48' title='bbox 461 1329 541 1394; x_wconf 88' lang='lat' dir='ltr'>tales</span> <span class='ocrx_word' id='word_1_49' title='bbox 563 1333 674 1412; x_wconf 87' lang='lat' dir='ltr'>putare</span> <span class='ocrx_word' id='word_1_50' title='bbox 704 1328 808 1395; x_wconf 91' lang='lat' dir='ltr'>oleum</span> <span class='ocrx_word' id='word_1_51' title='bbox 839 1347 875 1396; x_wconf 81' lang='lat' dir='ltr'>ex</span> <span class='ocrx_word' id='word_1_52' title='bbox 899 1329 1043 1412; x_wconf 90' lang='lat' dir='ltr'>adipibus</span> <span class='ocrx_word' id='word_1_53' title='bbox 1071 1348 1137 1396; x_wconf 93' lang='lat' dir='ltr'>non</span> <span class='ocrx_word' id='word_1_54' title='bbox 1162 1330 1263 1395; x_wconf 83' lang='lat' dir='ltr'>debere</span> 
     </span>
     <span class='ocr_line' id='line_1_8' title="bbox 132 1432 1262 1518; baseline 0 -19"><span class='ocrx_word' id='word_1_55' title='bbox 132 1438 240 1502; x_wconf 87' lang='lat' dir='ltr'>natare</span> <span class='ocrx_word' id='word_1_56' title='bbox 268 1454 362 1518; x_wconf 88' lang='lat' dir='ltr'>super</span> <span class='ocrx_word' id='word_1_57' title='bbox 390 1450 503 1517; x_wconf 87' lang='lat' dir='ltr'>aquam</span> <span class='ocrx_word' id='word_1_58' title='bbox 537 1433 620 1500; x_wconf 84' lang='lat' dir='ltr'>sicut</span> <span class='ocrx_word' id='word_1_59' title='bbox 644 1432 725 1499; x_wconf 92' lang='lat' dir='ltr'>illud</span> <span class='ocrx_word' id='word_1_60' title='bbox 747 1435 827 1517; x_wconf 91' lang='lat' dir='ltr'>quod</span> <span class='ocrx_word' id='word_1_61' title='bbox 850 1452 887 1498; x_wconf 87' lang='lat' dir='ltr'>ex</span> <span class='ocrx_word' id='word_1_62' title='bbox 917 1432 1001 1498; x_wconf 89' lang='lat' dir='ltr'>oliua</span> <span class='ocrx_word' id='word_1_63' title='bbox 1024 1434 1085 1512; x_wconf 84' lang='lat' dir='ltr'>est,</span> <span class='ocrx_word' id='word_1_64' title='bbox 1123 1434 1262 1517; x_wconf 86' lang='lat' dir='ltr'>quonian</span> 
     </span>
     <span class='ocr_line' id='line_1_9' title="bbox 133 1534 1263 1622; baseline -0.003 -20"><span class='ocrx_word' id='word_1_65' title='bbox 133 1538 224 1622; x_wconf 80' lang='lat' dir='ltr'>louge</span> <span class='ocrx_word' id='word_1_66' title='bbox 253 1539 300 1602; x_wconf 85' lang='lat' dir='ltr'>est</span> <span class='ocrx_word' id='word_1_67' title='bbox 321 1537 485 1619; x_wconf 86' lang='lat' dir='ltr'>utriusque</span> <span class='ocrx_word' id='word_1_68' title='bbox 508 1540 640 1602; x_wconf 87' lang='lat' dir='ltr'>naturae</span> <span class='ocrx_word' id='word_1_69' title='bbox 664 1537 751 1621; x_wconf 87' lang='lat' dir='ltr'>origo</span> <span class='ocrx_word' id='word_1_70' title='bbox 774 1534 947 1615; x_wconf 82' lang='lat' dir='ltr'>dissimilis,</span> <span class='ocrx_word' id='word_1_71' title='bbox 979 1537 1108 1619; x_wconf 88' lang='lat' dir='ltr'>quando</span> <span class='ocrx_word' id='word_1_72' title='bbox 1132 1535 1212 1603; x_wconf 90' lang='lat' dir='ltr'>illud</span> <span class='ocrx_word' id='word_1_73' title='bbox 1233 1553 1263 1599; x_wconf 87' lang='lat' dir='ltr'>ex</span> 
     </span>
     <span class='ocr_line' id='line_1_10' title="bbox 131 1639 698 1725; baseline 0 -20"><span class='ocrx_word' id='word_1_74' title='bbox 131 1640 229 1725; x_wconf 85' lang='lat' dir='ltr'>ligno,</span> <span class='ocrx_word' id='word_1_75' title='bbox 253 1639 311 1706; x_wconf 90' lang='lat' dir='ltr'>hoc</span> <span class='ocrx_word' id='word_1_76' title='bbox 334 1659 370 1705; x_wconf 82' lang='lat' dir='ltr'>ex</span> <span class='ocrx_word' id='word_1_77' title='bbox 393 1657 485 1705; x_wconf 90' lang='lat' dir='ltr'>carne</span> <span class='ocrx_word' id='word_1_78' title='bbox 507 1640 698 1722; x_wconf 85' lang='lat' dir='ltr'>profluxerit</span> 
     </span>
    </p>

    <p class='ocr_par' dir='ltr' id='par_1_3' title="bbox 130 1742 1289 3377">
     <span class='ocr_line' id='line_1_11' title="bbox 176 1742 1289 1827; baseline -0.004 -21"><span class='ocrx_word' id='word_1_79' title='bbox 176 1743 338 1824; x_wconf 82' lang='lat' dir='ltr'>Quantum</span> <span class='ocrx_word' id='word_1_80' title='bbox 362 1746 468 1809; x_wconf 89' lang='lat' dir='ltr'>autem</span> <span class='ocrx_word' id='word_1_81' title='bbox 491 1743 607 1809; x_wconf 78' lang='lat' dir='ltr'>attinet</span> <span class='ocrx_word' id='word_1_82' title='bbox 630 1745 669 1809; x_wconf 90' lang='lat' dir='ltr'>ad</span> <span class='ocrx_word' id='word_1_83' title='bbox 691 1742 781 1807; x_wconf 85' lang='lat' dir='ltr'>illam</span> <span class='ocrx_word' id='word_1_84' title='bbox 804 1742 1026 1827; x_wconf 83' lang='lat' dir='ltr'>differentiam,</span> <span class='ocrx_word' id='word_1_85' title='bbox 1051 1744 1140 1825; x_wconf 90' lang='lat' dir='ltr'>quod</span> <span class='ocrx_word' id='word_1_86' title='bbox 1155 1743 1289 1809; x_wconf 72' lang='lat' dir='ltr'>Christis</span> 
     </span>
     <span class='ocr_line' id='line_1_12' title="bbox 133 1846 1261 1930; baseline 0.001 -17"><span class='ocrx_word' id='word_1_87' title='bbox 133 1865 244 1930; x_wconf 88' lang='lat' dir='ltr'>corpus</span> <span class='ocrx_word' id='word_1_88' title='bbox 266 1864 328 1912; x_wconf 90' lang='lat' dir='ltr'>non</span> <span class='ocrx_word' id='word_1_89' title='bbox 351 1846 539 1913; x_wconf 84' lang='lat' dir='ltr'>dissolutum</span> <span class='ocrx_word' id='word_1_90' title='bbox 563 1846 636 1913; x_wconf 88' lang='lat' dir='ltr'>tabe</span> <span class='ocrx_word' id='word_1_91' title='bbox 659 1848 753 1929; x_wconf 88' lang='lat' dir='ltr'>atque</span> <span class='ocrx_word' id='word_1_92' title='bbox 775 1847 941 1930; x_wconf 84' lang='lat' dir='ltr'>putredine</span> <span class='ocrx_word' id='word_1_93' title='bbox 963 1846 1014 1912; x_wconf 90' lang='lat' dir='ltr'>die</span> <span class='ocrx_word' id='word_1_94' title='bbox 1042 1848 1145 1914; x_wconf 86' lang='lat' dir='ltr'>tertio</span> <span class='ocrx_word' id='word_1_95' title='bbox 1167 1867 1261 1914; x_wconf 86' lang='lat' dir='ltr'>resur·</span> 
     </span>
     <span class='ocr_line' id='line_1_13' title="bbox 132 1950 1262 2036; baseline 0.001 -22"><span class='ocrx_word' id='word_1_96' title='bbox 132 1951 223 2029; x_wconf 80' lang='lat' dir='ltr'>rexit‚</span> <span class='ocrx_word' id='word_1_97' title='bbox 245 1954 353 2016; x_wconf 86' lang='lat' dir='ltr'>nostra</span> <span class='ocrx_word' id='word_1_98' title='bbox 376 1968 448 2016; x_wconf 91' lang='lat' dir='ltr'>uero</span> <span class='ocrx_word' id='word_1_99' title='bbox 470 1951 541 2033; x_wconf 87' lang='lat' dir='ltr'>post</span> <span class='ocrx_word' id='word_1_100' title='bbox 563 1951 691 2034; x_wconf 82' lang='lat' dir='ltr'>longum</span> <span class='ocrx_word' id='word_1_101' title='bbox 718 1950 841 2035; x_wconf 85' lang='lat' dir='ltr'>tempus</span> <span class='ocrx_word' id='word_1_102' title='bbox 864 1969 900 2016; x_wconf 83' lang='lat' dir='ltr'>ex</span> <span class='ocrx_word' id='word_1_103' title='bbox 922 1950 1057 2034; x_wconf 85' lang='lat' dir='ltr'>quadam</span> <span class='ocrx_word' id='word_1_104' title='bbox 1082 1971 1150 2036; x_wconf 88' lang='lat' dir='ltr'>qua</span> <span class='ocrx_word' id='word_1_105' title='bbox 1171 1954 1262 2019; x_wconf 84' lang='lat' dir='ltr'>soluta</span> 
     </span>
     <span class='ocr_line' id='line_1_14' title="bbox 131 2052 1261 2136; baseline 0.004 -18"><span class='ocrx_word' id='word_1_106' title='bbox 131 2052 331 2119; x_wconf 78' lang='lat' dir='ltr'>discesserint</span> <span class='ocrx_word' id='word_1_107' title='bbox 352 2052 531 2120; x_wconf 85' lang='lat' dir='ltr'>confusione</span> <span class='ocrx_word' id='word_1_108' title='bbox 553 2054 790 2136; x_wconf 86' lang='lat' dir='ltr'>reparabuntur,</span> <span class='ocrx_word' id='word_1_109' title='bbox 806 2053 960 2120; x_wconf 87' lang='lat' dir='ltr'>humanae</span> <span class='ocrx_word' id='word_1_110' title='bbox 976 2053 1130 2121; x_wconf 74' lang='lat' dir='ltr'>facultati</span> <span class='ocrx_word' id='word_1_111' title='bbox 1147 2058 1261 2122; x_wconf 88' lang='lat' dir='ltr'>utrum·</span> 
     </span>
     <span class='ocr_line' id='line_1_15' title="bbox 132 2156 1261 2242; baseline -0.001 -19"><span class='ocrx_word' id='word_1_112' title='bbox 132 2175 193 2240; x_wconf 91' lang='lat' dir='ltr'>que</span> <span class='ocrx_word' id='word_1_113' title='bbox 215 2157 407 2242; x_wconf 89' lang='lat' dir='ltr'>impossibile</span> <span class='ocrx_word' id='word_1_114' title='bbox 431 2159 490 2242; x_wconf 89' lang='lat' dir='ltr'>eet,</span> <span class='ocrx_word' id='word_1_115' title='bbox 514 2156 639 2223; x_wconf 87' lang='lat' dir='ltr'>diuinae</span> <span class='ocrx_word' id='word_1_116' title='bbox 661 2161 768 2222; x_wconf 87' lang='lat' dir='ltr'>autem</span> <span class='ocrx_word' id='word_1_117' title='bbox 792 2158 940 2240; x_wconf 80' lang='lat' dir='ltr'>potestati</span> <span class='ocrx_word' id='word_1_118' title='bbox 962 2159 1139 2240; x_wconf 86' lang='lat' dir='ltr'>utrumque</span> <span class='ocrx_word' id='word_1_119' title='bbox 1156 2158 1261 2225; x_wconf 86' lang='lat' dir='ltr'>facilli·</span> 
     </span>
     <span class='ocr_line' id='line_1_16' title="bbox 131 2259 1285 2344; baseline -0.001 -18"><span class='ocrx_word' id='word_1_120' title='bbox 131 2279 230 2327; x_wconf 90' lang='lat' dir='ltr'>mum.</span> <span class='ocrx_word' id='word_1_121' title='bbox 268 2264 305 2326; x_wconf 92' lang='lat' dir='ltr'>ut</span> <span class='ocrx_word' id='word_1_122' title='bbox 339 2263 422 2326; x_wconf 89' lang='lat' dir='ltr'>enim</span> <span class='ocrx_word' id='word_1_123' title='bbox 456 2259 563 2326; x_wconf 87' lang='lat' dir='ltr'>radius</span> <span class='ocrx_word' id='word_1_124' title='bbox 597 2259 679 2326; x_wconf 87' lang='lat' dir='ltr'>oculi</span> <span class='ocrx_word' id='word_1_125' title='bbox 708 2261 807 2325; x_wconf 86' lang='lat' dir='ltr'>nostri</span> <span class='ocrx_word' id='word_1_126' title='bbox 837 2278 897 2324; x_wconf 91' lang='lat' dir='ltr'>non</span> <span class='ocrx_word' id='word_1_127' title='bbox 928 2259 1022 2325; x_wconf 91' lang='lat' dir='ltr'>citius</span> <span class='ocrx_word' id='word_1_128' title='bbox 1054 2263 1203 2344; x_wconf 88' lang='lat' dir='ltr'>peruenit</span> <span class='ocrx_word' id='word_1_129' title='bbox 1227 2262 1285 2326; x_wconf 74' lang='lat' dir='ltr'>ade</span> 
     </span>
     <span class='ocr_line' id='line_1_17' title="bbox 131 2363 1260 2449; baseline 0.002 -19"><span class='ocrx_word' id='word_1_130' title='bbox 131 2365 361 2449; x_wconf 85' lang='lat' dir='ltr'>propinquiora,</span> <span class='ocrx_word' id='word_1_131' title='bbox 399 2363 520 2430; x_wconf 88' lang='lat' dir='ltr'>tardius</span> <span class='ocrx_word' id='word_1_132' title='bbox 557 2365 596 2430; x_wconf 86' lang='lat' dir='ltr'>ad</span> <span class='ocrx_word' id='word_1_133' title='bbox 632 2363 784 2448; x_wconf 84' lang='lat' dir='ltr'>longiora,</span> <span class='ocrx_word' id='word_1_134' title='bbox 829 2364 883 2429; x_wconf 86' lang='lat' dir='ltr'>sed</span> <span class='ocrx_word' id='word_1_135' title='bbox 922 2364 1056 2446; x_wconf 88' lang='lat' dir='ltr'>utraque</span> <span class='ocrx_word' id='word_1_136' title='bbox 1096 2365 1260 2432; x_wconf 77' lang='lat' dir='ltr'>interualla</span> 
     </span>
     <span class='ocr_line' id='line_1_18' title="bbox 130 2466 1259 2553; baseline -0.002 -19"><span class='ocrx_word' id='word_1_137' title='bbox 130 2467 226 2553; x_wconf 89' lang='lat' dir='ltr'>parili</span> <span class='ocrx_word' id='word_1_138' title='bbox 260 2468 419 2534; x_wconf 88' lang='lat' dir='ltr'>celeritate</span> <span class='ocrx_word' id='word_1_139' title='bbox 453 2466 625 2551; x_wconf 87' lang='lat' dir='ltr'>contingit:</span> <span class='ocrx_word' id='word_1_140' title='bbox 659 2466 706 2531; x_wconf 89' lang='lat' dir='ltr'>ita</span> <span class='ocrx_word' id='word_1_141' title='bbox 736 2485 808 2532; x_wconf 90' lang='lat' dir='ltr'>cum</span> <span class='ocrx_word' id='word_1_142' title='bbox 836 2467 875 2531; x_wconf 91' lang='lat' dir='ltr'>in</span> <span class='ocrx_word' id='word_1_143' title='bbox 905 2466 987 2531; x_wconf 89' lang='lat' dir='ltr'>ictu</span> <span class='ocrx_word' id='word_1_144' title='bbox 1018 2470 1152 2551; x_wconf 91' lang='lat' dir='ltr'>oculi,</span> <span class='ocrx_word' id='word_1_145' title='bbox 1186 2470 1259 2535; x_wconf 87' lang='lat' dir='ltr'>sicut</span> 
     </span>
     <span class='ocr_line' id='line_1_19' title="bbox 131 2569 1257 2655; baseline -0.004 -16"><span class='ocrx_word' id='word_1_146' title='bbox 131 2572 287 2655; x_wconf 86' lang='lat' dir='ltr'>apostolus</span> <span class='ocrx_word' id='word_1_147' title='bbox 310 2570 396 2648; x_wconf 87' lang='lat' dir='ltr'>dicit,</span> <span class='ocrx_word' id='word_1_148' title='bbox 431 2571 467 2635; x_wconf 89' lang='lat' dir='ltr'>fit</span> <span class='ocrx_word' id='word_1_149' title='bbox 489 2569 675 2636; x_wconf 88' lang='lat' dir='ltr'>resurrectio</span> <span class='ocrx_word' id='word_1_150' title='bbox 705 2574 910 2654; x_wconf 86' lang='lat' dir='ltr'>mortuorum,</span> <span class='ocrx_word' id='word_1_151' title='bbox 946 2571 1196 2653; x_wconf 80' lang='lat' dir='ltr'>omnipotentiae</span> <span class='ocrx_word' id='word_1_152' title='bbox 1216 2570 1257 2638; x_wconf 89' lang='lat' dir='ltr'>dei</span> 
     </span>
     <span class='ocr_line' id='line_1_20' title="bbox 131 2673 1257 2755; baseline -0.002 -15"><span class='ocrx_word' id='word_1_153' title='bbox 131 2680 164 2740; x_wconf 85' lang='lat' dir='ltr'>et</span> <span class='ocrx_word' id='word_1_154' title='bbox 185 2674 340 2740; x_wconf 85' lang='lat' dir='ltr'>ineffabili</span> <span class='ocrx_word' id='word_1_155' title='bbox 362 2678 441 2740; x_wconf 87' lang='lat' dir='ltr'>nutu</span> <span class='ocrx_word' id='word_1_156' title='bbox 472 2673 566 2740; x_wconf 85' lang='lat' dir='ltr'>facile</span> <span class='ocrx_word' id='word_1_157' title='bbox 589 2676 635 2738; x_wconf 91' lang='lat' dir='ltr'>est</span> <span class='ocrx_word' id='word_1_158' title='bbox 664 2690 803 2755; x_wconf 88' lang='lat' dir='ltr'>quaeque</span> <span class='ocrx_word' id='word_1_159' title='bbox 831 2673 971 2738; x_wconf 89' lang='lat' dir='ltr'>recentia</span> <span class='ocrx_word' id='word_1_160' title='bbox 999 2690 1096 2755; x_wconf 88' lang='lat' dir='ltr'>qnam</span> <span class='ocrx_word' id='word_1_161' title='bbox 1121 2675 1257 2742; x_wconf 88' lang='lat' dir='ltr'>diuturno</span> 
     </span>
     <span class='ocr_line' id='line_1_21' title="bbox 131 2775 1284 2862; baseline -0.001 -19"><span class='ocrx_word' id='word_1_162' title='bbox 131 2781 273 2861; x_wconf 88' lang='lat' dir='ltr'>tempore</span> <span class='ocrx_word' id='word_1_163' title='bbox 307 2777 428 2862; x_wconf 86' lang='lat' dir='ltr'>dilapsa</span> <span class='ocrx_word' id='word_1_164' title='bbox 459 2778 614 2843; x_wconf 88' lang='lat' dir='ltr'>cadauera</span> <span class='ocrx_word' id='word_1_165' title='bbox 647 2775 808 2844; x_wconf 87' lang='lat' dir='ltr'>suscitare.</span> <span class='ocrx_word' id='word_1_166' title='bbox 846 2776 1043 2844; x_wconf 88' lang='lat' dir='ltr'>incredibilia</span> <span class='ocrx_word' id='word_1_167' title='bbox 1080 2781 1161 2845; x_wconf 89' lang='lat' dir='ltr'>sunt</span> <span class='ocrx_word' id='word_1_168' title='bbox 1191 2779 1284 2845; x_wconf 73' lang='lat' dir='ltr'>hecco</span> 
     </span>
     <span class='ocr_line' id='line_1_22' title="bbox 131 2879 1258 2964; baseline -0.001 -19"><span class='ocrx_word' id='word_1_169' title='bbox 131 2880 329 2964; x_wconf 85' lang='lat' dir='ltr'>quibusdam,</span> <span class='ocrx_word' id='word_1_170' title='bbox 352 2879 426 2962; x_wconf 88' lang='lat' dir='ltr'>quia</span> <span class='ocrx_word' id='word_1_171' title='bbox 447 2879 615 2964; x_wconf 86' lang='lat' dir='ltr'>inexperta,</span> <span class='ocrx_word' id='word_1_172' title='bbox 647 2899 718 2946; x_wconf 89' lang='lat' dir='ltr'>cum</span> <span class='ocrx_word' id='word_1_173' title='bbox 742 2882 842 2947; x_wconf 83' lang='lat' dir='ltr'>omnis</span> <span class='ocrx_word' id='word_1_174' title='bbox 863 2884 976 2945; x_wconf 87' lang='lat' dir='ltr'>natura</span> <span class='ocrx_word' id='word_1_175' title='bbox 998 2899 1108 2946; x_wconf 88' lang='lat' dir='ltr'>rerum</span> <span class='ocrx_word' id='word_1_176' title='bbox 1137 2887 1203 2949; x_wconf 86' lang='lat' dir='ltr'>tam</span> <span class='ocrx_word' id='word_1_177' title='bbox 1222 2881 1258 2946; x_wconf 87' lang='lat' dir='ltr'>sit</span> 
     </span>
     <span class='ocr_line' id='line_1_23' title="bbox 131 2982 1256 3069; baseline 0 -20"><span class='ocrx_word' id='word_1_178' title='bbox 131 2984 225 3067; x_wconf 88' lang='lat' dir='ltr'>plena</span> <span class='ocrx_word' id='word_1_179' title='bbox 254 2982 426 3058; x_wconf 81' lang='lat' dir='ltr'>miraculis,</span> <span class='ocrx_word' id='word_1_180' title='bbox 461 2984 496 3048; x_wconf 92' lang='lat' dir='ltr'>ut</span> <span class='ocrx_word' id='word_1_181' title='bbox 524 3002 585 3049; x_wconf 92' lang='lat' dir='ltr'>non</span> <span class='ocrx_word' id='word_1_182' title='bbox 614 2983 704 3066; x_wconf 87' lang='lat' dir='ltr'>quasi</span> <span class='ocrx_word' id='word_1_183' title='bbox 726 2983 814 3050; x_wconf 84' lang='lat' dir='ltr'>facili</span> <span class='ocrx_word' id='word_1_184' title='bbox 836 2984 1105 3069; x_wconf 85' lang='lat' dir='ltr'>peruestigaticne</span> <span class='ocrx_word' id='word_1_185' title='bbox 1128 2985 1256 3058; x_wconf 79' lang='lat' dir='ltr'>mtionis.</span> 
     </span>
     <span class='ocr_line' id='line_1_24' title="bbox 133 3086 1257 3171; baseline 0.001 -19"><span class='ocrx_word' id='word_1_186' title='bbox 133 3089 188 3153; x_wconf 85' lang='lat' dir='ltr'>sed</span> <span class='ocrx_word' id='word_1_187' title='bbox 210 3086 339 3153; x_wconf 91' lang='lat' dir='ltr'>uidendi</span> <span class='ocrx_word' id='word_1_188' title='bbox 362 3088 584 3154; x_wconf 84' lang='lat' dir='ltr'>cousuetudine</span> <span class='ocrx_word' id='word_1_189' title='bbox 606 3088 687 3154; x_wconf 86' lang='lat' dir='ltr'>mira</span> <span class='ocrx_word' id='word_1_190' title='bbox 708 3105 771 3152; x_wconf 93' lang='lat' dir='ltr'>non</span> <span class='ocrx_word' id='word_1_191' title='bbox 792 3087 858 3153; x_wconf 89' lang='lat' dir='ltr'>sint</span> <span class='ocrx_word' id='word_1_192' title='bbox 881 3106 959 3171; x_wconf 89' lang='lat' dir='ltr'>qnae</span> <span class='ocrx_word' id='word_1_193' title='bbox 982 3089 1020 3154; x_wconf 93' lang='lat' dir='ltr'>ob</span> <span class='ocrx_word' id='word_1_194' title='bbox 1038 3088 1099 3154; x_wconf 91' lang='lat' dir='ltr'>hoc</span> <span class='ocrx_word' id='word_1_195' title='bbox 1122 3109 1179 3157; x_wconf 92' lang='lat' dir='ltr'>nec</span> <span class='ocrx_word' id='word_1_196' title='bbox 1193 3107 1257 3154; x_wconf 92' lang='lat' dir='ltr'>con·</span> 
     </span>
     <span class='ocr_line' id='line_1_25' title="bbox 133 3189 1257 3277; baseline 0.003 -21"><span class='ocrx_word' id='word_1_197' title='bbox 133 3190 322 3257; x_wconf 86' lang='lat' dir='ltr'>sideratioue</span> <span class='ocrx_word' id='word_1_198' title='bbox 344 3209 399 3255; x_wconf 91' lang='lat' dir='ltr'>nec</span> <span class='ocrx_word' id='word_1_199' title='bbox 414 3189 617 3274; x_wconf 87' lang='lat' dir='ltr'>inquisitione</span> <span class='ocrx_word' id='word_1_200' title='bbox 633 3189 729 3273; x_wconf 77' lang='lat' dir='ltr'>digna</span> <span class='ocrx_word' id='word_1_201' title='bbox 744 3190 905 3256; x_wconf 88' lang='lat' dir='ltr'>uidentur.</span> <span class='ocrx_word' id='word_1_202' title='bbox 929 3209 1001 3257; x_wconf 89' lang='lat' dir='ltr'>nam</span> <span class='ocrx_word' id='word_1_203' title='bbox 1019 3210 1077 3277; x_wconf 86' lang='lat' dir='ltr'>ego</span> <span class='ocrx_word' id='word_1_204' title='bbox 1095 3196 1130 3259; x_wconf 90' lang='lat' dir='ltr'>et</span> <span class='ocrx_word' id='word_1_205' title='bbox 1145 3212 1257 3260; x_wconf 88' lang='lat' dir='ltr'>mecum</span> 
     </span>
     <span class='ocr_line' id='line_1_26' title="bbox 132 3291 1283 3377; baseline 0 -19"><span class='ocrx_word' id='word_1_206' title='bbox 132 3293 319 3377; x_wconf 86' lang='lat' dir='ltr'>quicumque</span> <span class='ocrx_word' id='word_1_207' title='bbox 347 3292 523 3359; x_wconf 87' lang='lat' dir='ltr'>inuisibilia</span> <span class='ocrx_word' id='word_1_208' title='bbox 556 3291 607 3359; x_wconf 89' lang='lat' dir='ltr'>dei</span> <span class='ocrx_word' id='word_1_209' title='bbox 636 3311 691 3375; x_wconf 89' lang='lat' dir='ltr'>per</span> <span class='ocrx_word' id='word_1_210' title='bbox 718 3311 753 3359; x_wconf 87' lang='lat' dir='ltr'>ca</span> <span class='ocrx_word' id='word_1_211' title='bbox 782 3311 862 3375; x_wconf 88' lang='lat' dir='ltr'>quae</span> <span class='ocrx_word' id='word_1_212' title='bbox 892 3292 975 3358; x_wconf 86' lang='lat' dir='ltr'>faeta</span> <span class='ocrx_word' id='word_1_213' title='bbox 1003 3297 1079 3359; x_wconf 90' lang='lat' dir='ltr'>sunt</span> <span class='ocrx_word' id='word_1_214' title='bbox 1102 3295 1283 3362; x_wconf 73' lang='lat' dir='ltr'>intellects¹</span> 
     </span>
    </p>
   </div>
   <div class='ocr_carea' id='block_1_3' title="bbox 12 3396 1258 3482">
    <p class='ocr_par' dir='ltr' id='par_1_4' title="bbox 12 3396 1258 3482">
     <span class='ocr_line' id='line_1_27' title="bbox 12 3396 1258 3482; baseline -0.002 -21"><span class='ocrx_word' id='word_1_215' title='bbox 12 3430 15 3434; x_wconf 96' lang='lat'>·</span> <span class='ocrx_word' id='word_1_216' title='bbox 131 3396 337 3482; x_wconf 87' lang='lat' dir='ltr'>conspiciunt,</span> <span class='ocrx_word' id='word_1_217' title='bbox 367 3397 423 3461; x_wconf 88' lang='lat' dir='ltr'>aut</span> <span class='ocrx_word' id='word_1_218' title='bbox 451 3413 512 3461; x_wconf 95' lang='lat' dir='ltr'>non</span> <span class='ocrx_word' id='word_1_219' title='bbox 542 3396 647 3461; x_wconf 92' lang='lat' dir='ltr'>minus</span> <span class='ocrx_word' id='word_1_220' title='bbox 676 3399 731 3460; x_wconf 88' lang='lat' dir='ltr'>out</span> <span class='ocrx_word' id='word_1_221' title='bbox 759 3396 896 3478; x_wconf 89' lang='lat' dir='ltr'>amplius</span> <span class='ocrx_word' id='word_1_222' title='bbox 925 3397 1123 3465; x_wconf 87' lang='lat' dir='ltr'>admiramur</span> <span class='ocrx_word' id='word_1_223' title='bbox 1152 3400 1185 3465; x_wconf 93' lang='lat' dir='ltr'>in</span> <span class='ocrx_word' id='word_1_224' title='bbox 1207 3414 1258 3462; x_wconf 93' lang='lat' dir='ltr'>uno</span> 
     </span>
    </p>
   </div>
   <div class='ocr_carea' id='block_1_4' title="bbox 131 3498 1283 3892">
    <p class='ocr_par' dir='ltr' id='par_1_5' title="bbox 131 3498 1283 3892">
     <span class='ocr_line' id='line_1_28' title="bbox 131 3498 1257 3583; baseline 0 -19"><span class='ocrx_word' id='word_1_225' title='bbox 131 3499 260 3566; x_wconf 87' lang='lat' dir='ltr'>seminis</span> <span class='ocrx_word' id='word_1_226' title='bbox 283 3500 349 3565; x_wconf 87' lang='lat' dir='ltr'>tam</span> <span class='ocrx_word' id='word_1_227' title='bbox 372 3498 504 3582; x_wconf 90' lang='lat' dir='ltr'>paruulo</span> <span class='ocrx_word' id='word_1_228' title='bbox 533 3515 630 3583; x_wconf 84' lang='lat' dir='ltr'>grano</span> <span class='ocrx_word' id='word_1_229' title='bbox 653 3500 767 3582; x_wconf 88' lang='lat' dir='ltr'>omnia,</span> <span class='ocrx_word' id='word_1_230' title='bbox 799 3516 878 3581; x_wconf 88' lang='lat' dir='ltr'>quae</span> <span class='ocrx_word' id='word_1_231' title='bbox 901 3499 1066 3566; x_wconf 88' lang='lat' dir='ltr'>laudamus</span> <span class='ocrx_word' id='word_1_232' title='bbox 1089 3501 1123 3567; x_wconf 91' lang='lat' dir='ltr'>in</span> <span class='ocrx_word' id='word_1_233' title='bbox 1147 3500 1257 3573; x_wconf 81' lang='lat' dir='ltr'>arbore,</span> 
     </span>
     <span class='ocr_line' id='line_1_29' title="bbox 131 3601 1257 3690; baseline -0.001 -22"><span class='ocrx_word' id='word_1_234' title='bbox 131 3606 294 3687; x_wconf 85' lang='lat' dir='ltr'>tamquam</span> <span class='ocrx_word' id='word_1_235' title='bbox 324 3602 429 3668; x_wconf 87' lang='lat' dir='ltr'>liciata</span> <span class='ocrx_word' id='word_1_236' title='bbox 457 3602 598 3681; x_wconf 83' lang='lat' dir='ltr'>latuisse,</span> <span class='ocrx_word' id='word_1_237' title='bbox 634 3619 728 3685; x_wconf 89' lang='lat' dir='ltr'>quam</span> <span class='ocrx_word' id='word_1_238' title='bbox 759 3602 867 3667; x_wconf 91' lang='lat' dir='ltr'>mnndi</span> <span class='ocrx_word' id='word_1_239' title='bbox 898 3601 991 3668; x_wconf 88' lang='lat' dir='ltr'>huius</span> <span class='ocrx_word' id='word_1_240' title='bbox 1013 3606 1082 3669; x_wconf 86' lang='lat' dir='ltr'>tam</span> <span class='ocrx_word' id='word_1_241' title='bbox 1106 3605 1257 3690; x_wconf 84' lang='lat' dir='ltr'>ingentem</span> 
     </span>
     <span class='ocr_line' id='line_1_30' title="bbox 134 3704 1257 3789; baseline -0.001 -20"><span class='ocrx_word' id='word_1_242' title='bbox 134 3706 237 3771; x_wconf 91' lang='lat' dir='ltr'>sinum</span> <span class='ocrx_word' id='word_1_243' title='bbox 261 3724 339 3788; x_wconf 88' lang='lat' dir='ltr'>quae</span> <span class='ocrx_word' id='word_1_244' title='bbox 363 3704 401 3770; x_wconf 92' lang='lat' dir='ltr'>de</span> <span class='ocrx_word' id='word_1_245' title='bbox 425 3704 605 3788; x_wconf 87' lang='lat' dir='ltr'>corporibus</span> <span class='ocrx_word' id='word_1_246' title='bbox 627 3704 784 3789; x_wconf 81' lang='lat' dir='ltr'>humanis,</span> <span class='ocrx_word' id='word_1_247' title='bbox 808 3707 883 3770; x_wconf 89' lang='lat' dir='ltr'>dum</span> <span class='ocrx_word' id='word_1_248' title='bbox 905 3704 1102 3787; x_wconf 84' lang='lat' dir='ltr'>dilabuntur,</span> <span class='ocrx_word' id='word_1_249' title='bbox 1130 3706 1257 3773; x_wconf 87' lang='lat' dir='ltr'>absumit</span> 
     </span>
     <span class='ocr_line' id='line_1_31' title="bbox 133 3808 1283 3892; baseline 0 -18"><span class='ocrx_word' id='word_1_250' title='bbox 133 3808 358 3874; x_wconf 86' lang='lat' dir='ltr'>resurrectione</span> <span class='ocrx_word' id='word_1_251' title='bbox 382 3808 490 3874; x_wconf 85' lang='lat' dir='ltr'>futura</span> <span class='ocrx_word' id='word_1_252' title='bbox 512 3809 545 3873; x_wconf 89' lang='lat' dir='ltr'>et</span> <span class='ocrx_word' id='word_1_253' title='bbox 567 3813 634 3874; x_wconf 88' lang='lat' dir='ltr'>tota</span> <span class='ocrx_word' id='word_1_254' title='bbox 656 3812 689 3874; x_wconf 91' lang='lat' dir='ltr'>et</span> <span class='ocrx_word' id='word_1_255' title='bbox 710 3809 835 3892; x_wconf 83' lang='lat' dir='ltr'>integra</span> <span class='ocrx_word' id='word_1_256' title='bbox 856 3809 1065 3874; x_wconf 89' lang='lat' dir='ltr'>redditurum.</span> <span class='ocrx_word' id='word_1_257' title='bbox 1263 3814 1283 3856; x_wconf 76' lang='lat'>³⁹</span> 
     </span>
    </p>
   </div>
   <div class='ocr_carea' id='block_1_5' title="bbox 235 3961 874 4027">
    <p class='ocr_par' dir='ltr' id='par_1_6' title="bbox 235 3961 874 4027">
     <span class='ocr_line' id='line_1_32' title="bbox 235 3961 874 4027; baseline 0.002 -12"><span class='ocrx_word' id='word_1_258' title='bbox 235 3963 268 4015; x_wconf 76' lang='lat'>17</span> <span class='ocrx_word' id='word_1_259' title='bbox 287 3963 302 4017; x_wconf 95' lang='grc' dir='ltr'>Ι</span> <span class='ocrx_word' id='word_1_260' title='bbox 320 3962 379 4019; x_wconf 82' lang='lat' dir='ltr'>Cor.</span> <span class='ocrx_word' id='word_1_261' title='bbox 399 3963 440 4026; x_wconf 84' lang='lat'>15,</span> <span class='ocrx_word' id='word_1_262' title='bbox 459 3962 493 4017; x_wconf 83' lang='lat'>52</span> <span class='ocrx_word' id='word_1_263' title='bbox 595 3963 630 4018; x_wconf 81' lang='grc'>25</span> <span class='ocrx_word' id='word_1_264' title='bbox 646 3962 681 4020; x_wconf 83' lang='lat' dir='ltr'>cf.</span> <span class='ocrx_word' id='word_1_265' title='bbox 698 3961 776 4016; x_wconf 81' lang='lat' dir='ltr'>Item.</span> <span class='ocrx_word' id='word_1_266' title='bbox 796 3963 819 4027; x_wconf 86' lang='lat'>1,</span> <span class='ocrx_word' id='word_1_267' title='bbox 839 3961 874 4016; x_wconf 79' lang='lat'>20</span> 
     </span>
    </p>
   </div>
   <div class='ocr_carea' id='block_1_6' title="bbox 182 4099 1201 4170">
    <p class='ocr_par' dir='ltr' id='par_1_7' title="bbox 182 4099 1201 4170">
     <span class='ocr_line' id='line_1_33' title="bbox 182 4099 1201 4170; baseline 0.003 -18"><span class='ocrx_word' id='word_1_268' title='bbox 182 4099 385 4153; x_wconf 74' lang='lat' dir='ltr'>daduerterint</span> <span class='ocrx_word' id='word_1_269' title='bbox 403 4101 424 4168; x_wconf 86' lang='lat' dir='ltr'>(i</span> <span class='ocrx_word' id='word_1_270' title='bbox 443 4116 479 4156; x_wconf 77' lang='lat' dir='ltr'>ec</span> <span class='ocrx_word' id='word_1_271' title='bbox 496 4116 510 4154; x_wconf 90' lang='lat' dir='ltr'>e</span> <span class='ocrx_word' id='word_1_272' title='bbox 528 4115 600 4156; x_wconf 81' lang='lat' dir='ltr'>corr.</span> <span class='ocrx_word' id='word_1_273' title='bbox 617 4116 652 4157; x_wconf 85' lang='lat' dir='ltr'>m.</span> <span class='ocrx_word' id='word_1_274' title='bbox 671 4102 702 4170; x_wconf 82' lang='lat'>2)</span> <span class='ocrx_word' id='word_1_275' title='bbox 720 4101 749 4155; x_wconf 92' lang='lat' dir='ltr'><em>P</em></span> <span class='ocrx_word' id='word_1_276' title='bbox 842 4101 989 4155; x_wconf 72' lang='lat' dir='ltr'>duraturae</span> <span class='ocrx_word' id='word_1_277' title='bbox 1011 4101 1049 4155; x_wconf 81' lang='lat' dir='ltr'>V:</span> <span class='ocrx_word' id='word_1_278' title='bbox 1078 4117 1130 4157; x_wconf 78' lang='lat' dir='ltr'>oua</span> <span class='ocrx_word' id='word_1_279' title='bbox 1149 4100 1201 4158; x_wconf 81' lang='lat' dir='ltr'>GP</span> 
     </span>
    </p>
   </div>
   <div class='ocr_carea' id='block_1_7' title="bbox 131 4200 1256 4283">
    <p class='ocr_par' dir='ltr' id='par_1_8' title="bbox 131 4182 1256 4283">
     <span class='ocr_line' id='line_1_34' title="bbox 131 4200 1256 4283; baseline 0.009 -29"><span class='ocrx_word' id='word_1_280' title='bbox 131 4201 164 4255; x_wconf 86' lang='lat'>13</span> <span class='ocrx_word' id='word_1_281' title='bbox 183 4200 382 4270; x_wconf 79' lang='lat' dir='ltr'>reparabuntur</span> <span class='ocrx_word' id='word_1_282' title='bbox 404 4205 439 4260; x_wconf 86' lang='lat' dir='ltr'>V¹</span> <span class='ocrx_word' id='word_1_283' title='bbox 544 4206 578 4260; x_wconf 85' lang='grc'>16</span> <span class='ocrx_word' id='word_1_284' title='bbox 599 4205 722 4275; x_wconf 80' lang='lat' dir='ltr'>longiore</span> <span class='ocrx_word' id='word_1_285' title='bbox 744 4205 781 4259; x_wconf 83' lang='lat' dir='ltr'>V:</span> <span class='ocrx_word' id='word_1_286' title='bbox 811 4206 1002 4275; x_wconf 76' lang='lat' dir='ltr'>longinquiora</span> <span class='ocrx_word' id='word_1_287' title='bbox 1027 4205 1084 4261; x_wconf 79' lang='lat' dir='ltr'>GP</span> <span class='ocrx_word' id='word_1_288' title='bbox 1183 4204 1213 4258; x_wconf 84' lang='grc'>19</span> <span class='ocrx_word' id='word_1_289' title='bbox 1233 4200 1256 4283; x_wconf 52' lang='grc'>0,*</span> 
     </span>
    </p>
   </div>
   <div class='ocr_carea' id='block_1_8' title="bbox 127 4298 1257 4644">
    <p class='ocr_par' dir='ltr' id='par_1_9' title="bbox 127 4298 1257 4552">
     <span class='ocr_line' id='line_1_35' title="bbox 130 4298 1257 4377; baseline 0.004 -19"><span class='ocrx_word' id='word_1_290' title='bbox 130 4304 261 4359; x_wconf 83' lang='lat' dir='ltr'>ineffabili</span> <span class='ocrx_word' id='word_1_291' title='bbox 286 4309 323 4373; x_wconf 88' lang='lat' dir='ltr'>(et</span> <span class='ocrx_word' id='word_1_292' title='bbox 347 4306 399 4362; x_wconf 78' lang='lat' dir='ltr'>del.</span> <span class='ocrx_word' id='word_1_293' title='bbox 422 4323 457 4363; x_wconf 87' lang='lat' dir='ltr'>m.</span> <span class='ocrx_word' id='word_1_294' title='bbox 479 4310 510 4376; x_wconf 81' lang='lat'>2)</span> <span class='ocrx_word' id='word_1_295' title='bbox 532 4308 561 4363; x_wconf 89' lang='lat' dir='ltr'><strong><em>P</em></strong></span> <span class='ocrx_word' id='word_1_296' title='bbox 663 4311 732 4363; x_wconf 92' lang='lat' dir='ltr'>nutu</span> <span class='ocrx_word' id='word_1_297' title='bbox 758 4308 840 4365; x_wconf 80' lang='lat' dir='ltr'>GPV</span> <span class='ocrx_word' id='word_1_298' title='bbox 860 4309 907 4377; x_wconf 60' lang='lat' dir='ltr'>(oft</span> <span class='ocrx_word' id='word_1_299' title='bbox 929 4308 1048 4364; x_wconf 70' lang='lat' dir='ltr'>neom</span> <span class='ocrx_word' id='word_1_300' title='bbox 1072 4308 1155 4375; x_wconf 71' lang='lat' dir='ltr'>Auos.</span> <span class='ocrx_word' id='word_1_301' title='bbox 1179 4298 1257 4363; x_wconf 69' lang='lat' dir='ltr'>sul</span> 
     </span>
     <span class='ocr_line' id='line_1_36' title="bbox 127 4390 1254 4463; baseline 0.004 -16"><span class='ocrx_word' id='word_1_302' title='bbox 127 4410 157 4463; x_wconf 88' lang='lat' dir='ltr'>p.</span> <span class='ocrx_word' id='word_1_303' title='bbox 169 4395 250 4459; x_wconf 72' lang='lat' dir='ltr'>asllz</span> <span class='ocrx_word' id='word_1_304' title='bbox 280 4395 394 4449; x_wconf 85' lang='lat' dir='ltr'>nutuio</span> <span class='ocrx_word' id='word_1_305' title='bbox 489 4395 567 4450; x_wconf 82' lang='lat' dir='ltr'>facile</span> <span class='ocrx_word' id='word_1_306' title='bbox 586 4397 654 4452; x_wconf 84' lang='lat' dir='ltr'>PV:</span> <span class='ocrx_word' id='word_1_307' title='bbox 685 4397 727 4451; x_wconf 87' lang='lat' dir='ltr'>ita</span> <span class='ocrx_word' id='word_1_308' title='bbox 744 4395 870 4452; x_wconf 79' lang='lat' dir='ltr'>facileG</span> <span class='ocrx_word' id='word_1_309' title='bbox 965 4396 1000 4451; x_wconf 79' lang='lat'>29</span> <span class='ocrx_word' id='word_1_310' title='bbox 1017 4396 1138 4453; x_wconf 85' lang='lat' dir='ltr'>absumit</span> <span class='ocrx_word' id='word_1_311' title='bbox 1158 4396 1193 4451; x_wconf 82' lang='lat' dir='ltr'>V:</span> <span class='ocrx_word' id='word_1_312' title='bbox 1216 4390 1254 4447; x_wconf 75' lang='lat' dir='ltr'>ed·</span> 
     </span>
     <span class='ocr_line' id='line_1_37' title="bbox 130 4479 1201 4552; baseline 0.003 -19"><span class='ocrx_word' id='word_1_313' title='bbox 130 4479 253 4534; x_wconf 87' lang='lat' dir='ltr'>sumitP</span> <span class='ocrx_word' id='word_1_314' title='bbox 330 4480 563 4536; x_wconf 72' lang='lat' dir='ltr'>doresurreotioni</span> <span class='ocrx_word' id='word_1_315' title='bbox 576 4481 612 4537; x_wconf 76' lang='grc' dir='ltr'><em>Ρ</em></span> <span class='ocrx_word' id='word_1_316' title='bbox 695 4480 827 4536; x_wconf 85' lang='lat' dir='ltr'>futuraet</span> <span class='ocrx_word' id='word_1_317' title='bbox 842 4480 878 4536; x_wconf 84' lang='lat' dir='ltr'>V:</span> <span class='ocrx_word' id='word_1_318' title='bbox 898 4481 1201 4552; x_wconf 65' lang='lat' dir='ltr'>unumquemq?</span> 
     </span>
    </p>

    <p class='ocr_par' dir='ltr' id='par_1_10' title="bbox 128 4566 914 4644">
     <span class='ocr_line' id='line_1_38' title="bbox 128 4566 914 4644; baseline -0.001 -18"><span class='ocrx_word' id='word_1_319' title='bbox 128 4572 157 4628; x_wconf 83' lang='lat' dir='ltr'>et</span> <span class='ocrx_word' id='word_1_320' title='bbox 174 4569 285 4644; x_wconf 75' lang='lat' dir='ltr'>integra</span> <span class='ocrx_word' id='word_1_321' title='bbox 301 4566 481 4626; x_wconf 84' lang='lat' dir='ltr'>redditurum.</span> <span class='ocrx_word' id='word_1_322' title='bbox 507 4568 657 4639; x_wconf 72' lang='lat' dir='ltr'>Quomodol</span> <span class='ocrx_word' id='word_1_323' title='bbox 673 4568 740 4625; x_wconf 80' lang='lat' dir='ltr'>cdd.</span> <span class='ocrx_word' id='word_1_324' title='bbox 759 4570 795 4625; x_wconf 79' lang='lat' dir='ltr'>P·</span> <span class='ocrx_word' id='word_1_325' title='bbox 812 4570 845 4625; x_wconf 74' lang='lat' dir='ltr'>in</span> <span class='ocrx_word' id='word_1_326' title='bbox 861 4585 914 4640; x_wconf 59' lang='grc' dir='ltr'>ηιμ.</span> 
     </span>
    </p>
   </div>
   <div class='ocr_carea' id='block_1_9' title="bbox 0 109 1384 4814">
    <p class='ocr_par' dir='ltr' id='par_1_11' title="bbox 0 109 1384 4814">
     <span class='ocr_line' id='line_1_39' title="bbox 0 109 1384 4814; baseline 0 0"><span class='ocrx_word' id='word_1_327' title='bbox 0 109 1384 4814; x_wconf 95' lang='lat' dir='ltr'> </span> 
     </span>
    </p>
   </div>
  </div>
 </body>
</html>
