2760 4814
287 502 454 575 Excerpta
471 520 506 560 er
523 520 594 574 opp.
612 505 640 562 8.
656 504 846 575 Augustini
870 504 986 563 CVIIII.
1138 507 1207 575 385

70 695 173 762 iustus
204 693 378 777 reputatur.
415 694 443 759 si
473 693 543 776 quis
570 692 732 760 uolutatus
762 693 860 761 fuerit
886 713 957 760 cum
979 694 1103 762 ancillis
1124 697 1201 774 suis,

68 799 191 865 amator
212 796 328 865 blenda
349 796 520 881 accipitur,
544 797 770 865 conumtuutur
791 798 971 865 uulnerain
985 799 1064 866 ioca
1086 800 1202 883 siquis

69 905 178 968 sutem
211 900 343 967 exsistat
376 901 430 983 qui
462 899 610 967 dicatsc
639 903 759 967 cretum
791 919 852 968 nou
881 901 981 968 iacere
1002 902 1202 980 adulterium,

71 1007 182 1071 notum
205 1005 312 1070 autem
339 1003 385 1070 sit
404 1003 489 1087 quod
511 1019 571 1070 nou
594 1003 700 1089 faciut,
723 1005 879 1071 erubescit
900 1005 1046 1073 accedere
1068 1006 1107 1072 sd
1129 1006 1203 1073 illos

43 1126 132 1175 enon
152 1105 203 1174 sui
225 1106 358 1180 similes,
380 1124 420 1171 ne
440 1105 606 1185 insultant,
629 1125 669 1172 ne
691 1107 853 1187 irrideant,
877 1126 915 1174 ue
931 1107 1041 1174 dicant
1055 1126 1118 1174 non
1133 1126 1201 1175 esse

69 1211 192 1277 uirum·
209 1209 321 1277 adhoc
336 1209 463 1292 delapsa
478 1213 524 1276 est
539 1211 676 1277 humana
697 1209 896 1294 peruersitas,
919 1215 957 1278 ut
978 1210 1028 1277 uir
1049 1212 1202 1286 habeatur

68 1317 171 1380 uictus
195 1332 215 1380 a
235 1311 367 1379 libidine
390 1315 421 1379 et
443 1313 492 1379 uir
519 1331 581 1380 non
609 1312 761 1380 habeatur
782 1313 889 1380 uictor
907 1313 1058 1380 libidinis.
1086 1315 1200 1381 trium-

66 1416 203 1501 phantes
232 1416 388 1482 exsultant
417 1419 449 1482 et
471 1433 533 1482 non
561 1414 635 1481 subt
656 1417 736 1496 uiri3
770 1415 873 1483 iacent
888 1417 1051 1501 'prostrati
1079 1420 1119 1484 at<
1140 1420 1200 1485 uiri

68 1523 161 1585 sunt!
191 1521 219 1585 si
248 1520 412 1603 spectares,
442 1520 497 1587 iila
525 1520 584 1586 tibi
615 1521 773 1612 uideretur
796 1519 906 1589 fortior
928 1523 981 1603 qui
1002 1520 1118 1587 moeret
1140 1522 1199 1588 sub

33 1623 181 1700 sebastia,
203 1641 298 1707 quam
322 1624 375 1706 qui
397 1622 564 1706 perimeret
586 1623 743 1690 bastiaml

109 1743 170 1811 Sed
204 1744 279 1827 quia
309 1743 520 1810 dissimulatis
543 1763 562 1809 a
584 1763 688 1830 pugna
721 1745 868 1811 interiore
897 1746 931 1811 et
954 1723 1115 1813 'sermm
1144 1764 1199 1811 uos

66 1861 191 1933 pugnae
205 1846 382 1931 exteriores,
397 1843 467 1913 idco
482 1865 543 1913 non
553 1849 664 1913 uultis·
673 1849 830 1932 pertinere
840 1849 880 1914 ad
896 1849 1054 1915 canticum
1070 1864 1198 1927 nouom,

65 1950 268 2018 ubidicitur:
293 1951 359 2034 qui
381 1950 494 2017 docet
517 1970 651 2017 manus
673 1970 777 2020 meas
800 1953 838 2017 in
860 1953 1026 2036 proelio,
1049 1952 1199 2037 digitos

65 2072 171 2121 meos
192 2055 237 2121 ad
259 2053 418 2121 bellum.
446 2056 493 2120 est
515 2056 599 2120 enim
621 2054 751 2135 bellum,
774 2055 857 2138 quod
879 2073 984 2122 secum
1008 2055 1075 2141 egit
1095 2055 1198 2130 homo,

32 2158 219 2225 sdimicaus
256 2161 362 2225 contra
398 2158 666 2243 concupiscentiae
702 2160 817 2239 malas,
855 2159 998 2226 frenans*
1019 2158 1198 2236 auaritiam,

63 2263 182 2328 elidens
205 2260 392 2344 superbiam,
417 2263 572 2329 suffocans
594 2255 813 2348 ambitionem,
838 2263 1000 2328 trucidsm
1022 2263 1197 2328 libidinem.

63 2368 121 2431 has
142 2376 265 2450 pugnus
288 2365 365 2430 iacis
387 2366 576 2445 inocculto,
599 2369 632 2432 et
653 2371 716 2434 noh
737 2368 872 2433 uisceris
890 2367 923 2431 in
938 2369 1054 2450 aperto.
1078 2364 1117 2429 ad
1137 2365 1197 2430 hoc

63 2469 217 2534 doceatur
238 2486 349 2535 manus
372 2471 494 2536 uestrae
516 2470 556 2536 sd
573 2470 727 2556 proelium
743 2473 774 2536 et
789 2469 884 2555 digiti
899 2468 996 2534 uestri
1011 2469 1050 2534 ad
1066 2467 1197 2533 bellum.

63 2591 125 2639 non
145 2573 196 2639 cat
217 2573 329 2639 hocin
352 2574 541 2657 spectaculis
570 2575 693 2641 uestris.
723 2575 757 2639 iu
772 2573 844 2640 'illis
858 2572 1056 2657 spectaculis
1078 2588 1140 2636 non
1158 2570 1197 2634 *id

30 2681 112 2741 neat
142 2676 273 2742 uenator
305 2677 387 2759 quod
417 2676 589 2743 citharista.
627 2677 716 2743 aliud
742 2677 809 2762 egit
830 2679 971 2758 uenator,
1005 2674 1092 2741 aliud
1119 2673 1197 2741 iacit

63 2777 243 2846 cithsrista:
273 2782 305 2846 in
327 2781 505 2864 spectaculo
526 2780 579 2847 dei
609 2799 707 2847 unum
730 2781 786 2847 est.
821 2782 916 2866 tange
931 2782 1073 2847 ‘casdem
1088 2779 1196 2844 decem

63 2882 193 2949 chordas
222 2884 254 2948 ot
285 2883 364 2949 ferae
392 2885 527 2968 occides,
558 2887 724 2970 utrumque
754 2884 849 2951 simul
871 2878 968 2950 ¹iacis.
1005 2882 1109 2970 tangis
1130 2880 1196 2965 pri·

63 3003 150 3051 mam
173 2979 426 3071 chordamque
454 3006 536 3054 unus
567 2989 681 3055 colitur
711 2989 802 3055 deus:
832 2989 946 3055 cecidit
966 2987 1069 3054 baetis
1089 3003 1197 3069 auper-

62 3088 215 3155 stitiouis.
247 3093 352 3175 tangis
375 3092 553 3170 secundam,
573 3110 635 3176 que
657 3110 717 3158 non
733 3092 846 3176 accipis
869 3109 982 3157 romeu
1005 3091 1123 3156 domini
1146 3090 1196 3154 dei

31 3193 113 3258 elui
143 3193 178 3258 irr
207 3212 341 3260 uanum:
376 3195 489 3260 cecidit
521 3196 622 3262 bestia
652 3198 762 3261 erroris
792 3196 998 3262 nefandarum
1020 3194 1194 3272 haeresum,

63 3314 143 3377 quae
173 3295 208 3361 id
237 3299 440 3380 putauerunt.
478 3299 582 3382 hugis
615 3291 756 3366 tertiam·
776 3298 932 3380 chordam,
965 3294 1021 3362 ubi
1053 3314 1109 3379 pro
1140 3312 1195 3377 epe
1230 3344 1235 3355 .

64 3399 188 3465 futurae
225 3401 341 3482 quietis
378 3401 455 3467 facis
493 3402 643 3485 quidquid
682 3402 777 3469 iacis:
815 3400 1004 3467 interficitur
1038 3397 1195 3464 crudelior

163 3560 586 3677 manassei¹

114 3759 127 3810 l
155 3758 298 3826 reputatur
329 3756 364 3808 V:
400 3756 547 3824 deputatur
573 3756 648 3813 DTe
786 3759 935 3829 uolutatus]
964 3757 1080 3812 uiolatus
1107 3773 1123 3810 o

64 3843 199 3897 lsmstor
219 3842 255 3897 T:
285 3845 393 3896 amatur
409 3841 485 3898 DVo
588 3844 746 3913 domistat]
766 3844 943 3899 existimato
1044 3842 1101 3911 qui]
1121 3839 1192 3911 quod

64 3944 78 3980 c
179 3930 197 3982 4
221 3929 325 3999 motum]
344 3931 517 3984 etpotamo
621 3929 816 3986 crubisoot'Dl
840 3942 842 3949 ¹
919 3929 1055 3985 accadare
1078 3935 1107 3997 (u
1125 3945 1192 4011 rua)

64 4013 91 4067 D
192 4012 336 4069 bdelsbss
360 4014 386 4068 V
483 4015 584 4084 bpost
607 4016 705 4070 iaceret
727 4016 840 4084 suplicit
863 4016 892 4071 D
996 4017 1029 4072 10
1047 4024 1195 4087 peremerat

68 4096 91 4149 V
185 4098 217 4152 1³
234 4099 263 4153 in
281 4099 382 4168 proelio
402 4100 467 4156 TV:
493 4100 529 4154 sd
546 4101 677 4170 proelium
695 4103 724 4156 et
735 4105 759 4168 (e
771 4106 797 4166 u)
817 4102 860 4158 Pr
959 4102 991 4159 19
1010 4102 1038 4157 id
1049 4102 1103 4170 ert]
1122 4102 1192 4156 idem

65 4188 102 4238 ert
124 4184 151 4239 P
178 4184 289 4241 memo
391 4187 427 4241 20
452 4186 526 4242 aliud
551 4187 809 4257 agit—citharista]
836 4204 886 4243 osa
918 4188 951 4246 Y*
1056 4188 1124 4258 agit]
1151 4189 1194 4242 ait

67 4270 98 4323 P
191 4271 223 4326 21
242 4269 402 4342 cllitbarista
419 4273 449 4340 (h
467 4273 521 4329 dcl.
538 4289 573 4328 m.
586 4276 616 4339 2)
638 4273 664 4328 Τ
691 4272 876 4342 cytharistao
974 4275 1008 4329 Ἠ
1026 4274 1117 4332 cordas
1139 4273 1193 4336 Vos

64 4359 99 4411 ric
122 4373 228 4427 semper
331 4358 417 4414 iserae
447 4359 473 4415 V
573 4359 608 4416 23
632 4360 694 4431 qua]
722 4360 787 4430 quia
813 4359 854 4416 To
958 4361 1058 4429 (stibi
1080 4359 1196 4417 caecidit

71 4442 94 4493 Γ
188 4442 226 4500 tt
243 4459 344 4501 uanum
362 4446 416 4501 Tor
443 4461 556 4502 uacuum
579 4446 636 4518 bs3
705 4445 738 4501 tl
756 4445 825 4504 iacit
840 4445 1001 4515 quidquido

113 4545 206 4603 vnn.
1055 4548 1090 4603 25
