2760 4814
208 504 272 569 814
689 499 856 571 uugrppu

206 712 266 776 que
294 693 420 758 seoutus
450 692 608 758 adiunxit:
646 693 684 758 et
710 692 862 776 lignum
885 694 994 758 uitae
1015 693 1055 758 in
1077 692 1211 759 medio
1234 710 1335 775 para·

208 797 308 873 uiso,
332 799 367 859 et
390 796 542 880 lignum
564 798 762 863 scientiae
779 798 867 863 boni
890 799 928 862 et
949 796 1053 861 mali.
1083 796 1197 862 deinde
1213 796 1335 871 flumen,

207 916 266 980 quo
289 897 452 979 paradisus
475 898 668 981 irrigaretur,
692 901 829 965 diuisum
851 900 884 963 in
907 900 1054 981 quattuor
1074 899 1234 983 principia
1249 900 1335 965 llum·

207 1020 295 1066 orum
311 1004 459 1084 quattuor
475 1002 664 1085 explicatum
680 1003 761 1085 quod
776 1004 879 1066 totum
894 1002 1032 1085 pertinet
1048 1003 1089 1068 ad
1104 1002 1336 1069 institutionem

206 1105 351 1187 paradisi.
391 1106 471 1188 quod
495 1106 549 1170 ubi
571 1107 763 1190 terminauit,
782 1104 930 1187 repetiuit
944 1103 1025 1169 illud
1040 1105 1123 1187 quod
1138 1107 1205 1171 iam
1222 1106 1359 1173 dixerats

207 1213 239 1273 et
262 1227 294 1273 re
317 1227 393 1274 uera
415 1210 471 1274 boo
493 1210 691 1291 sequebatur,
715 1212 809 1291 atque
833 1209 895 1273 ait:
928 1209 966 1273 et
988 1210 1135 1273 sumsit
1157 1209 1334 1275 domiuus

205 1312 299 1376 deus
322 1310 532 1391 hominem,
557 1331 667 1394 quoru
692 1310 831 1386 finxit,
855 1317 892 1375 et
914 1311 1050 1393 posuit
1074 1312 1335 1396 euminpara·

206 1415 292 1479 diso
323 1418 355 1479 et
378 1418 488 1480 cetera.
533 1420 604 1497 post
632 1417 694 1480 ista
723 1415 809 1479 enim
839 1414 920 1480 laeta
950 1414 994 1478 ibi
1021 1420 1069 1478 est
1090 1417 1214 1497 positus
1239 1418 1333 1493 bomo,

205 1518 288 1584 siout
310 1536 394 1583 nuno
409 1521 481 1583 ordo
504 1518 569 1599 ipse
586 1519 785 1596 demonstrat,
803 1536 863 1582 non
879 1519 949 1600 post
964 1518 1122 1582 bominem
1137 1518 1185 1583 ibi
1200 1520 1334 1602 positum

206 1623 290 1687 laets
311 1625 385 1686 sunt
408 1621 479 1702 ista,
503 1623 583 1686 siout
605 1623 691 1703 prius
713 1621 833 1686 dietum
849 1621 953 1703 putari
972 1624 1085 1703 potest,
1100 1622 1165 1687 nisi
1179 1625 1358 1708 recapituo

205 1725 281 1789 latio
304 1724 371 1790 illio
394 1724 563 1809 uigilanter
586 1725 796 1808 intellegatur,
819 1742 881 1807 qua
903 1724 1039 1788 reditum
1062 1728 1112 1789 est
1135 1728 1175 1791 ad
1199 1745 1237 1792 ea
1261 1744 1332 1810 quas

204 1829 328 1893 fuerant
357 1830 584 1909 praetermissa.
631 1828 769 1910 itemque
798 1827 831 1892 in
863 1830 969 1893 eodem
992 1827 1083 1907 libro,
1107 1846 1181 1894 oum
1203 1851 1332 1897 comme

206 1934 399 1995 morarentur
428 1930 642 2013 generationes
671 1931 807 1996 filiorum
837 1930 911 2010 Noe,
942 1932 1062 1996 dietum
1092 1936 1158 1996 est:
1188 1933 1231 1998 bi
1254 1934 1331 1999 filii

204 2033 320 2099 cham
343 2033 382 2099 iu
404 2033 592 2099 tribubus
615 2033 713 2112 suis,
745 2036 959 2099 secuudum
981 2033 1146 2118 linguas
1169 2054 1277 2117 suas,
1299 2039 1330 2101 iu

204 2136 436 2219 regionibus
459 2138 556 2216 suis,
588 2140 625 2201 et
654 2136 844 2219 gentibus
866 2137 963 2201 suis.
999 2140 1193 2205 enumeratis
1218 2159 1356 2225 quoqueo

204 2240 278 2305 tiliis
302 2239 374 2306 Sem
397 2240 527 2305 dieitur:
551 2240 590 2303 hi
613 2238 699 2303 filii
716 2238 801 2304 Sem
822 2238 860 2304 in
877 2240 1061 2305 tribubus
1077 2241 1179 2325 suis,
1202 2262 1328 2311 secuu-

204 2343 290 2407 dum
325 2343 488 2428 linguas
523 2360 628 2420 suas,
663 2345 701 2407 et
733 2341 773 2405 in
806 2342 1038 2424 regionibus
1073 2343 1175 2425 suis,
1221 2349 1265 2413 et
1296 2348 1328 2411 iu

203 2444 396 2527 gentibus
427 2445 520 2511 suis.
559 2452 592 2511 et
620 2446 795 2511 adnectitur
825 2445 863 2509 de
894 2446 1058 2511 omnibus:
1097 2446 1168 2513 bae
1204 2451 1328 2515 tribus

204 2549 387 2614 filiorum
417 2551 497 2615 Noe
536 2550 751 2614 seeundum
786 2549 1066 2631 generationes
1096 2569 1244 2629 eorum,
1277 2572 1327 2619 se·

203 2654 366 2717 eundum
397 2654 529 2735 gentes
560 2670 705 2716 eorum.
749 2653 793 2717 ab
823 2654 884 2718 his
915 2653 1125 2735 dispersae
1156 2660 1253 2721 sunt
1280 2657 1352 2721 ius

202 2756 317 2821 sulae
339 2756 517 2839 gentium
541 2773 654 2837 super
676 2760 824 2820 terram
848 2760 933 2840 post
949 2756 1160 2824 diluuium.
1199 2765 1236 2824 et
1254 2758 1327 2825 erat

204 2859 328 2923 oruuis
352 2859 459 2923 terra
482 2859 629 2924 labium
653 2879 787 2937 unum,
810 2865 847 2925 et
869 2880 939 2926 uox
957 2863 1240 2927 unaomuibus.
1277 2863 1327 2928 hoe

202 2962 307 3044 itaque
330 2963 410 3043 quod
433 2963 616 3028 adiunctum
639 2967 702 3028 est:
740 2967 777 3027 et
800 2969 886 3028 erat
909 2965 1032 3030 omnis
1055 2965 1164 3029 terra
1186 2965 1324 3031 labium

203 3084 335 3144 uuum,
368 3069 406 3131 et
431 3083 502 3131 uor
525 3085 600 3132 una
623 3066 820 3146 omnibus,
845 3069 876 3133 id
900 3070 947 3133 est
969 3087 1032 3133 uua
1053 3067 1164 3153 lingua
1186 3072 1324 3145 omnium,

202 3170 249 3235 ita
278 3170 397 3235 dictum
427 3169 560 3247 uidetur,
593 3174 754 3254 tamquam
784 3190 819 3238 eo
847 3172 912 3237 iam
942 3175 1090 3253 tempore,
1119 3190 1181 3255 quo
1204 3170 1347 3258 dispersis

201 3275 327 3339 fueraut
357 3292 449 3355 super
479 3276 606 3352 terram,
637 3275 735 3341 etiam
765 3277 934 3343 secundum
962 3277 1082 3342 insulas
1103 3279 1249 3361 gentium
1270 3291 1323 3341 um

202 3376 298 3442 fuerit
320 3376 465 3441 omnibus
487 3377 597 3462 lingua
619 3381 799 3444 eommunis.
829 3380 911 3461 quod
934 3380 1041 3462 proeul
1063 3379 1157 3445 dubio
1178 3378 1322 3464 repugnat

201 3479 413 3561 superioribus
450 3481 563 3559 uerbis,
599 3481 653 3546 ubi
687 3480 806 3547 dictum
842 3483 905 3547 est:
942 3483 980 3547 in
1014 3482 1203 3550 tribubus
1229 3483 1320 3556 suis,

201 3585 417 3649 secundum
442 3584 605 3668 linguas
634 3603 734 3650 suas.
763 3586 969 3667 nequeenim
993 3585 1318 3652 dienenturbsbuiso

304 3764 404 3819 lGeu.
423 3766 483 3829 29
581 3765 724 3831 6Gon.2,
745 3767 777 3820 15
877 3766 909 3820 13
928 3767 991 3821 Gen.
1012 3766 1106 3834 10,20
1212 3768 1243 3823 16
1260 3766 1315 3821 (leu-

202 3850 483 3919 Qfflmmml

253 4012 267 4063 1
296 4010 432 4065 adiuuerit
460 4013 487 4067 P
588 4014 710 4084 paradiso
742 4013 778 4068 V:
814 4015 938 4084 paradysi
966 4015 994 4068 P
1093 4013 1110 4067 2
1138 4015 1263 4070 scientias
1288 4006 1316 4066 θ’

200 4096 268 4151 PV:
298 4096 398 4150 sciendi
423 4099 461 4153 ΘΙ
563 4100 580 4154 9
603 4101 659 4169 ipse
681 4100 745 4155 ordo
769 4101 797 4154 P
900 4102 930 4155 11
954 4100 1071 4155 reditum
1088 4102 1132 4154 est
1149 4101 1260 4171 scripsi:
1285 4111 1315 4151 rt·

199 4183 302 4237 dietum
319 4185 361 4236 eat
379 4182 474 4239 G‘PV
499 4184 601 4239 reditur
618 4202 637 4239 o
659 4186 695 4241 θ’
711 4186 744 4240 ior
760 4203 813 4256 mg.
904 4185 995 4255 1311]
1014 4186 1053 4239 hii
1076 4185 1102 4238 V
1194 4190 1227 4243 lb
1243 4180 1316 4257 genti

201 4268 251 4321 bns
279 4268 314 4321 V:
345 4268 374 4321 in
397 4268 524 4337 gentibus
554 4271 610 4326 GP
713 4271 745 4325 16
771 4272 810 4343 bi]
838 4271 879 4327 bii
906 4270 934 4324 V
1034 4271 1066 4324 17
1093 4288 1156 4327 suas
1184 4276 1213 4329 et
1238 4274 1265 4327 in
1289 4266 1317 4326 V=

200 4354 309 4409 suasim
329 4353 386 4409 GP
489 4356 520 4409 le
541 4356 630 4410 tribus
650 4357 716 4414 GP:
745 4356 872 4412 tribubus
895 4355 921 4410 V
1022 4357 1054 4409 19
1077 4356 1146 4430 Noe]
1167 4375 1217 4415 neo
1241 4358 1267 4414 V

199 4440 234 4495 22
252 4439 301 4494 hoo
318 4440 511 4510 itaque-una
528 4442 661 4513 omnibus]
680 4458 730 4497 om.
750 4443 778 4498 P
876 4442 910 4497 23
928 4441 1031 4497 lanium
1054 4442 1080 4498 V
