<?xml version="1.0" encoding="UTF-8"?>
<!DOCTYPE html PUBLIC "-//W3C//DTD XHTML 1.0 Transitional//EN"
    "http://www.w3.org/TR/xhtml1/DTD/xhtml1-transitional.dtd">
<html xmlns="http://www.w3.org/1999/xhtml" xml:lang="en" lang="en">
 <head>
  <title>
</title>
<meta http-equiv="Content-Type" content="text/html;charset=utf-8" />
  <meta name='ocr-system' content='tesseract 3.04.00' />
  <meta name='ocr-capabilities' content='ocr_page ocr_carea ocr_par ocr_line ocrx_word'/>
</head>
<body>
  <div class='ocr_page' id='page_1' title='image "./evgippiiexcerpt00kngoog/evgippiiexcerpt00kngoog_0727.png"; bbox 0 0 2760 4814; ppageno 0'>
   <div class='ocr_carea' id='block_1_1' title="bbox 199 305 845 376">
    <p class='ocr_par' dir='ltr' id='par_1_1' title="bbox 199 305 845 376">
     <span class='ocr_line' id='line_1_1' title="bbox 199 305 845 376; baseline 0 -1"><span class='ocrx_word' id='word_1_1' title='bbox 199 311 262 376; x_wconf 68' lang='lat' dir='ltr'><strong>lm</strong></span> <span class='ocrx_word' id='word_1_2' title='bbox 679 305 845 375; x_wconf 52' lang='lat' dir='ltr'><strong>&amp;ww</strong></span> 
     </span>
    </p>
   </div>
   <div class='ocr_carea' id='block_1_2' title="bbox 143 495 1353 1926">
    <p class='ocr_par' dir='ltr' id='par_1_2' title="bbox 143 495 1353 1926">
     <span class='ocr_line' id='line_1_2' title="bbox 143 495 1328 584; baseline -0.004 -19"><span class='ocrx_word' id='word_1_3' title='bbox 143 546 146 555; x_wconf 80' lang='lat'><em>.</em></span> <span class='ocrx_word' id='word_1_4' title='bbox 198 501 236 565; x_wconf 91' lang='lat' dir='ltr'><strong>et</strong></span> <span class='ocrx_word' id='word_1_5' title='bbox 257 497 484 584; x_wconf 81' lang='lat' dir='ltr'>longitudo,</span> <span class='ocrx_word' id='word_1_6' title='bbox 508 499 544 563; x_wconf 90' lang='lat' dir='ltr'><strong>ut</strong></span> <span class='ocrx_word' id='word_1_7' title='bbox 567 497 803 582; x_wconf 67' lang='lat' dir='ltr'><strong>longanimitate</strong></span> <span class='ocrx_word' id='word_1_8' title='bbox 825 514 879 580; x_wconf 93' lang='lat' dir='ltr'><strong>pro</strong></span> <span class='ocrx_word' id='word_1_9' title='bbox 895 495 954 561; x_wconf 87' lang='lat' dir='ltr'><strong>heo</strong></span> <span class='ocrx_word' id='word_1_10' title='bbox 975 495 1144 561; x_wconf 86' lang='lat' dir='ltr'><strong>latitudine</strong></span> <span class='ocrx_word' id='word_1_11' title='bbox 1160 495 1328 562; x_wconf 70' lang='lat' dir='ltr'><strong>molestiae</strong></span> 
     </span>
     <span class='ocr_line' id='line_1_3' title="bbox 197 599 1326 686; baseline -0.004 -18"><span class='ocrx_word' id='word_1_12' title='bbox 197 601 378 680; x_wconf 88' lang='lat' dir='ltr'><strong>tolerentur,</strong></span> <span class='ocrx_word' id='word_1_13' title='bbox 401 603 440 667; x_wconf 90' lang='lat' dir='ltr'><strong>et</strong></span> <span class='ocrx_word' id='word_1_14' title='bbox 462 603 651 685; x_wconf 74' lang='lat' dir='ltr'><strong>altitudo,</strong></span> <span class='ocrx_word' id='word_1_15' title='bbox 674 603 711 667; x_wconf 91' lang='lat' dir='ltr'><strong>ut</strong></span> <span class='ocrx_word' id='word_1_16' title='bbox 732 619 787 686; x_wconf 91' lang='lat' dir='ltr'><strong>pro</strong></span> <span class='ocrx_word' id='word_1_17' title='bbox 809 600 858 666; x_wconf 92' lang='lat' dir='ltr'><strong>his</strong></span> <span class='ocrx_word' id='word_1_18' title='bbox 882 603 1044 666; x_wconf 80' lang='lat' dir='ltr'><strong>aeternum</strong></span> <span class='ocrx_word' id='word_1_19' title='bbox 1060 599 1143 682; x_wconf 88' lang='lat' dir='ltr'><strong>quod</strong></span> <span class='ocrx_word' id='word_1_20' title='bbox 1163 599 1199 663; x_wconf 92' lang='lat' dir='ltr'><strong>iu</strong></span> <span class='ocrx_word' id='word_1_21' title='bbox 1217 617 1326 684; x_wconf 86' lang='lat' dir='ltr'><strong>snper·</strong></span> 
     </span>
     <span class='ocr_line' id='line_1_4' title="bbox 195 703 1326 789; baseline -0.002 -21"><span class='ocrx_word' id='word_1_22' title='bbox 195 705 245 769; x_wconf 91' lang='lat' dir='ltr'><strong>nis</strong></span> <span class='ocrx_word' id='word_1_23' title='bbox 268 709 316 769; x_wconf 90' lang='lat' dir='ltr'><strong>est</strong></span> <span class='ocrx_word' id='word_1_24' title='bbox 336 708 519 789; x_wconf 89' lang='lat' dir='ltr'><strong>praemium,</strong></span> <span class='ocrx_word' id='word_1_25' title='bbox 550 724 610 771; x_wconf 92' lang='lat' dir='ltr'><strong>uon</strong></span> <span class='ocrx_word' id='word_1_26' title='bbox 633 724 750 771; x_wconf 89' lang='lat' dir='ltr'><strong>uanum</strong></span> <span class='ocrx_word' id='word_1_27' title='bbox 772 705 891 788; x_wconf 89' lang='lat' dir='ltr'><strong>aliquid</strong></span> <span class='ocrx_word' id='word_1_28' title='bbox 912 703 1083 787; x_wconf 85' lang='lat' dir='ltr'><strong>temporalo</strong></span> <span class='ocrx_word' id='word_1_29' title='bbox 1104 703 1258 785; x_wconf 78' lang='lat' dir='ltr'><strong>speretur,</strong></span> <span class='ocrx_word' id='word_1_30' title='bbox 1287 708 1326 766; x_wconf 87' lang='lat' dir='ltr'><strong>st</strong></span> 
     </span>
     <span class='ocr_line' id='line_1_5' title="bbox 195 807 1324 893; baseline -0.001 -20"><span class='ocrx_word' id='word_1_31' title='bbox 195 809 447 890; x_wconf 84' lang='lat' dir='ltr'><strong>protundum,</strong></span> <span class='ocrx_word' id='word_1_32' title='bbox 470 810 552 874; x_wconf 90' lang='lat' dir='ltr'><strong>unde</strong></span> <span class='ocrx_word' id='word_1_33' title='bbox 574 811 712 893; x_wconf 86' lang='lat' dir='ltr'><strong>gratuita</strong></span> <span class='ocrx_word' id='word_1_34' title='bbox 733 810 835 892; x_wconf 87' lang='lat' dir='ltr'><strong>gratia</strong></span> <span class='ocrx_word' id='word_1_35' title='bbox 849 810 898 875; x_wconf 91' lang='lat' dir='ltr'><strong>dei</strong></span> <span class='ocrx_word' id='word_1_36' title='bbox 921 809 1090 874; x_wconf 90' lang='lat' dir='ltr'><strong>seeundum</strong></span> <span class='ocrx_word' id='word_1_37' title='bbox 1111 807 1270 872; x_wconf 79' lang='lat' dir='ltr'><strong>secretum</strong></span> <span class='ocrx_word' id='word_1_38' title='bbox 1292 809 1324 872; x_wconf 81' lang='lat' dir='ltr'><strong>et</strong></span> 
     </span>
     <span class='ocr_line' id='line_1_6' title="bbox 195 909 1353 991; baseline -0.001 -15"><span class='ocrx_word' id='word_1_39' title='bbox 195 911 339 977; x_wconf 91' lang='lat' dir='ltr'><strong>abditum</strong></span> <span class='ocrx_word' id='word_1_40' title='bbox 369 913 544 978; x_wconf 88' lang='lat' dir='ltr'><strong>uoluntatis</strong></span> <span class='ocrx_word' id='word_1_41' title='bbox 574 913 640 978; x_wconf 89' lang='lat' dir='ltr'><strong>eius</strong></span> <span class='ocrx_word' id='word_1_42' title='bbox 666 914 795 979; x_wconf 86' lang='lat' dir='ltr'><strong>exsistit.</strong></span> <span class='ocrx_word' id='word_1_43' title='bbox 833 911 878 977; x_wconf 89' lang='lat' dir='ltr'><strong>ibi</strong></span> <span class='ocrx_word' id='word_1_44' title='bbox 901 912 985 977; x_wconf 88' lang='lat' dir='ltr'><strong>enirn</strong></span> <span class='ocrx_word' id='word_1_45' title='bbox 1007 909 1149 991; x_wconf 82' lang='lat' dir='ltr'><strong>radiasti,</strong></span> <span class='ocrx_word' id='word_1_46' title='bbox 1180 909 1234 975; x_wconf 84' lang='grc' dir='ltr'>ιιιι.</span> <span class='ocrx_word' id='word_1_47' title='bbox 1250 909 1353 975; x_wconf 78' lang='lat' dir='ltr'><strong>iun-s</strong></span> 
     </span>
     <span class='ocr_line' id='line_1_7' title="bbox 195 1014 1321 1100; baseline -0.003 -19"><span class='ocrx_word' id='word_1_48' title='bbox 195 1017 261 1084; x_wconf 86' lang='lat' dir='ltr'><strong>dati</strong></span> <span class='ocrx_word' id='word_1_49' title='bbox 291 1035 414 1098; x_wconf 75' lang='lat' dir='ltr'><strong>sumus,</strong></span> <span class='ocrx_word' id='word_1_50' title='bbox 448 1016 577 1082; x_wconf 87' lang='lat' dir='ltr'><strong>redioati</strong></span> <span class='ocrx_word' id='word_1_51' title='bbox 610 1021 736 1099; x_wconf 89' lang='lat' dir='ltr'><strong>propter</strong></span> <span class='ocrx_word' id='word_1_52' title='bbox 768 1016 1003 1100; x_wconf 75' lang='lat' dir='ltr'><strong>agriculturam,</strong></span> <span class='ocrx_word' id='word_1_53' title='bbox 1040 1014 1161 1079; x_wconf 81' lang='lat' dir='ltr'><strong>fundati</strong></span> <span class='ocrx_word' id='word_1_54' title='bbox 1195 1015 1321 1096; x_wconf 85' lang='lat' dir='ltr'><strong>propter</strong></span> 
     </span>
     <span class='ocr_line' id='line_1_8' title="bbox 194 1116 1320 1201; baseline -0.004 -15"><span class='ocrx_word' id='word_1_55' title='bbox 194 1119 451 1187; x_wconf 78' lang='lat' dir='ltr'><strong>aedificationem.</strong></span> <span class='ocrx_word' id='word_1_56' title='bbox 491 1137 569 1201; x_wconf 88' lang='lat' dir='ltr'><strong>quae</strong></span> <span class='ocrx_word' id='word_1_57' title='bbox 598 1117 745 1201; x_wconf 89' lang='lat' dir='ltr'><strong>quoniam</strong></span> <span class='ocrx_word' id='word_1_58' title='bbox 774 1137 834 1184; x_wconf 92' lang='lat' dir='ltr'><strong>non</strong></span> <span class='ocrx_word' id='word_1_59' title='bbox 864 1121 911 1184; x_wconf 92' lang='lat' dir='ltr'><strong>est</strong></span> <span class='ocrx_word' id='word_1_60' title='bbox 934 1119 973 1185; x_wconf 87' lang='lat' dir='ltr'><strong>ab</strong></span> <span class='ocrx_word' id='word_1_61' title='bbox 994 1117 1127 1195; x_wconf 89' lang='lat' dir='ltr'><strong>homine,</strong></span> <span class='ocrx_word' id='word_1_62' title='bbox 1158 1117 1245 1183; x_wconf 81' lang='lat' dir='ltr'><strong>dioit</strong></span> <span class='ocrx_word' id='word_1_63' title='bbox 1259 1116 1320 1183; x_wconf 86' lang='lat' dir='ltr'><strong>alio</strong></span> 
     </span>
     <span class='ocr_line' id='line_1_9' title="bbox 194 1219 1319 1305; baseline -0.002 -18"><span class='ocrx_word' id='word_1_64' title='bbox 194 1223 262 1289; x_wconf 87' lang='lat' dir='ltr'><strong>loeo</strong></span> <span class='ocrx_word' id='word_1_65' title='bbox 283 1223 366 1288; x_wconf 90' lang='lat' dir='ltr'><strong>idem</strong></span> <span class='ocrx_word' id='word_1_66' title='bbox 389 1222 565 1305; x_wconf 88' lang='lat' dir='ltr'><strong>apostolus:</strong></span> <span class='ocrx_word' id='word_1_67' title='bbox 597 1222 657 1286; x_wconf 94' lang='lat' dir='ltr'><strong>dei</strong></span> <span class='ocrx_word' id='word_1_68' title='bbox 692 1221 960 1305; x_wconf 81' lang='lat' dir='ltr'><strong>agricultura,</strong></span> <span class='ocrx_word' id='word_1_69' title='bbox 991 1220 1053 1287; x_wconf 93' lang='lat' dir='ltr'><strong>dei</strong></span> <span class='ocrx_word' id='word_1_70' title='bbox 1081 1219 1319 1287; x_wconf 83' lang='lat' dir='ltr'><strong>aediiioatio</strong></span> 
     </span>
     <span class='ocr_line' id='line_1_10' title="bbox 194 1324 1319 1410; baseline -0.005 -17"><span class='ocrx_word' id='word_1_71' title='bbox 194 1327 303 1393; x_wconf 88' lang='lat' dir='ltr'><strong>estis.</strong></span> <span class='ocrx_word' id='word_1_72' title='bbox 338 1325 396 1391; x_wconf 91' lang='lat' dir='ltr'><strong>hoe</strong></span> <span class='ocrx_word' id='word_1_73' title='bbox 427 1329 530 1390; x_wconf 91' lang='lat' dir='ltr'><strong>totum</strong></span> <span class='ocrx_word' id='word_1_74' title='bbox 562 1327 676 1410; x_wconf 92' lang='lat' dir='ltr'><strong>agitur,</strong></span> <span class='ocrx_word' id='word_1_75' title='bbox 707 1344 779 1390; x_wconf 90' lang='lat' dir='ltr'><strong>eum</strong></span> <span class='ocrx_word' id='word_1_76' title='bbox 810 1325 842 1390; x_wconf 91' lang='lat' dir='ltr'><strong>in</strong></span> <span class='ocrx_word' id='word_1_77' title='bbox 864 1324 922 1390; x_wconf 90' lang='lat' dir='ltr'><strong>hae</strong></span> <span class='ocrx_word' id='word_1_78' title='bbox 944 1326 1048 1390; x_wconf 86' lang='lat' dir='ltr'><strong>nostra</strong></span> <span class='ocrx_word' id='word_1_79' title='bbox 1070 1325 1319 1408; x_wconf 84' lang='lat' dir='ltr'><strong>peregrinatione</strong></span> 
     </span>
     <span class='ocr_line' id='line_1_11' title="bbox 193 1428 1350 1512; baseline 0 -18"><span class='ocrx_word' id='word_1_80' title='bbox 193 1430 268 1496; x_wconf 88' lang='lat' dir='ltr'><strong>fides</strong></span> <span class='ocrx_word' id='word_1_81' title='bbox 297 1448 351 1511; x_wconf 91' lang='lat' dir='ltr'><strong>per</strong></span> <span class='ocrx_word' id='word_1_82' title='bbox 380 1428 579 1494; x_wconf 77' lang='lat' dir='ltr'><strong>dilectionem</strong></span> <span class='ocrx_word' id='word_1_83' title='bbox 602 1429 756 1512; x_wconf 88' lang='lat' dir='ltr'><strong>operatur.</strong></span> <span class='ocrx_word' id='word_1_84' title='bbox 789 1428 823 1493; x_wconf 93' lang='lat' dir='ltr'><strong>in</strong></span> <span class='ocrx_word' id='word_1_85' title='bbox 845 1428 950 1494; x_wconf 80' lang='lat' dir='ltr'><strong>futuro</strong></span> <span class='ocrx_word' id='word_1_86' title='bbox 973 1430 1080 1494; x_wconf 91' lang='lat' dir='ltr'><strong>autem</strong></span> <span class='ocrx_word' id='word_1_87' title='bbox 1102 1429 1231 1494; x_wconf 83' lang='lat' dir='ltr'><strong>saeoulo</strong></span> <span class='ocrx_word' id='word_1_88' title='bbox 1249 1447 1350 1512; x_wconf 82' lang='lat' dir='ltr'><strong>per-o</strong></span> 
     </span>
     <span class='ocr_line' id='line_1_12' title="bbox 193 1530 1318 1616; baseline -0.003 -18"><span class='ocrx_word' id='word_1_89' title='bbox 193 1533 278 1599; x_wconf 82' lang='lat' dir='ltr'><strong>festa</strong></span> <span class='ocrx_word' id='word_1_90' title='bbox 307 1533 340 1597; x_wconf 91' lang='lat' dir='ltr'><strong>et</strong></span> <span class='ocrx_word' id='word_1_91' title='bbox 368 1532 459 1616; x_wconf 89' lang='lat' dir='ltr'><strong>plena</strong></span> <span class='ocrx_word' id='word_1_92' title='bbox 488 1533 601 1597; x_wconf 86' lang='lat' dir='ltr'><strong>caritas</strong></span> <span class='ocrx_word' id='word_1_93' title='bbox 632 1532 699 1597; x_wconf 92' lang='lat' dir='ltr'><strong>sine</strong></span> <span class='ocrx_word' id='word_1_94' title='bbox 721 1532 787 1598; x_wconf 92' lang='lat' dir='ltr'><strong>ulla</strong></span> <span class='ocrx_word' id='word_1_95' title='bbox 810 1534 964 1597; x_wconf 88' lang='lat' dir='ltr'><strong>malorum</strong></span> <span class='ocrx_word' id='word_1_96' title='bbox 986 1531 1153 1597; x_wconf 80' lang='lat' dir='ltr'><strong>tolerantia</strong></span> <span class='ocrx_word' id='word_1_97' title='bbox 1174 1549 1238 1597; x_wconf 88' lang='lat' dir='ltr'><strong>nou</strong></span> <span class='ocrx_word' id='word_1_98' title='bbox 1260 1530 1318 1595; x_wconf 86' lang='lat' dir='ltr'><strong>tide</strong></span> 
     </span>
     <span class='ocr_line' id='line_1_13' title="bbox 194 1634 1317 1719; baseline -0.003 -18"><span class='ocrx_word' id='word_1_99' title='bbox 194 1637 292 1701; x_wconf 87' lang='lat' dir='ltr'><strong>eredit</strong></span> <span class='ocrx_word' id='word_1_100' title='bbox 314 1636 395 1718; x_wconf 91' lang='lat' dir='ltr'><strong>quod</strong></span> <span class='ocrx_word' id='word_1_101' title='bbox 417 1652 479 1700; x_wconf 94' lang='lat' dir='ltr'><strong>non</strong></span> <span class='ocrx_word' id='word_1_102' title='bbox 502 1635 600 1713; x_wconf 88' lang='lat' dir='ltr'><strong>uidet,</strong></span> <span class='ocrx_word' id='word_1_103' title='bbox 623 1655 680 1701; x_wconf 88' lang='lat' dir='ltr'><strong>nse</strong></span> <span class='ocrx_word' id='word_1_104' title='bbox 703 1655 758 1719; x_wconf 89' lang='lat' dir='ltr'><strong>spe</strong></span> <span class='ocrx_word' id='word_1_105' title='bbox 780 1636 935 1701; x_wconf 88' lang='lat' dir='ltr'><strong>desiderat</strong></span> <span class='ocrx_word' id='word_1_106' title='bbox 957 1636 1039 1718; x_wconf 89' lang='lat' dir='ltr'><strong>quod</strong></span> <span class='ocrx_word' id='word_1_107' title='bbox 1062 1654 1123 1701; x_wconf 93' lang='lat' dir='ltr'><strong>non</strong></span> <span class='ocrx_word' id='word_1_108' title='bbox 1145 1637 1243 1712; x_wconf 80' lang='lat' dir='ltr'><strong>tenet,</strong></span> <span class='ocrx_word' id='word_1_109' title='bbox 1265 1634 1317 1700; x_wconf 87' lang='lat' dir='ltr'><strong>sed</strong></span> 
     </span>
     <span class='ocr_line' id='line_1_14' title="bbox 192 1737 1316 1822; baseline 0 -20"><span class='ocrx_word' id='word_1_110' title='bbox 192 1737 225 1802; x_wconf 93' lang='lat' dir='ltr'><strong>in</strong></span> <span class='ocrx_word' id='word_1_111' title='bbox 248 1743 409 1803; x_wconf 87' lang='lat' dir='ltr'><strong>aeternum</strong></span> <span class='ocrx_word' id='word_1_112' title='bbox 431 1739 576 1803; x_wconf 89' lang='lat' dir='ltr'><strong>ueritatis</strong></span> <span class='ocrx_word' id='word_1_113' title='bbox 590 1739 879 1805; x_wconf 75' lang='lat' dir='ltr'><strong>incommutabilem</strong></span> <span class='ocrx_word' id='word_1_114' title='bbox 895 1739 1030 1821; x_wconf 84' lang='lat' dir='ltr'><strong>speeiem</strong></span> <span class='ocrx_word' id='word_1_115' title='bbox 1045 1740 1316 1822; x_wconf 83' lang='lat' dir='ltr'><strong>oontemplatitsr,</strong></span> 
     </span>
     <span class='ocr_line' id='line_1_15' title="bbox 192 1841 1318 1926; baseline 0.001 -20"><span class='ocrx_word' id='word_1_116' title='bbox 192 1841 279 1906; x_wconf 88' lang='lat' dir='ltr'><strong>ouius</strong></span> <span class='ocrx_word' id='word_1_117' title='bbox 301 1841 367 1906; x_wconf 90' lang='lat' dir='ltr'><strong>sins</strong></span> <span class='ocrx_word' id='word_1_118' title='bbox 389 1842 450 1906; x_wconf 89' lang='lat' dir='ltr'><strong>fine</strong></span> <span class='ocrx_word' id='word_1_119' title='bbox 472 1845 611 1925; x_wconf 89' lang='lat' dir='ltr'><strong>quietum</strong></span> <span class='ocrx_word' id='word_1_120' title='bbox 634 1860 710 1926; x_wconf 93' lang='lat' dir='ltr'><strong>opus</strong></span> <span class='ocrx_word' id='word_1_121' title='bbox 726 1843 788 1907; x_wconf 89' lang='lat' dir='ltr'><strong>erit</strong></span> <span class='ocrx_word' id='word_1_122' title='bbox 808 1844 934 1908; x_wconf 88' lang='lat' dir='ltr'><strong>laudare</strong></span> <span class='ocrx_word' id='word_1_123' title='bbox 956 1843 1037 1925; x_wconf 89' lang='lat' dir='ltr'><strong>quod</strong></span> <span class='ocrx_word' id='word_1_124' title='bbox 1059 1848 1146 1908; x_wconf 84' lang='lat' dir='ltr'><strong>umet</strong></span> <span class='ocrx_word' id='word_1_125' title='bbox 1167 1850 1200 1908; x_wconf 90' lang='lat' dir='ltr'><strong>et</strong></span> <span class='ocrx_word' id='word_1_126' title='bbox 1215 1860 1318 1909; x_wconf 80' lang='lat' dir='ltr'><strong>amare</strong></span> 
     </span>
    </p>
   </div>
   <div class='ocr_carea' id='block_1_3' title="bbox 68 1944 1352 2030">
    <p class='ocr_par' dir='ltr' id='par_1_3' title="bbox 68 1944 1352 2030">
     <span class='ocr_line' id='line_1_16' title="bbox 68 1944 1352 2030; baseline 0 -21"><span class='ocrx_word' id='word_1_127' title='bbox 68 2011 71 2022; x_wconf 75' lang='grc'>,</span> <span class='ocrx_word' id='word_1_128' title='bbox 193 1945 273 2026; x_wconf 89' lang='lat' dir='ltr'><strong>quod</strong></span> <span class='ocrx_word' id='word_1_129' title='bbox 290 1944 408 2010; x_wconf 87' lang='lat' dir='ltr'><strong>laudat.</strong></span> <span class='ocrx_word' id='word_1_130' title='bbox 440 1946 478 2011; x_wconf 91' lang='lat' dir='ltr'><strong>de</strong></span> <span class='ocrx_word' id='word_1_131' title='bbox 492 1945 549 2010; x_wconf 86' lang='lat' dir='ltr'><strong>hae</strong></span> <span class='ocrx_word' id='word_1_132' title='bbox 564 1949 786 2028; x_wconf 81' lang='lat' dir='ltr'><strong>consequenter</strong></span> <span class='ocrx_word' id='word_1_133' title='bbox 802 1946 896 2011; x_wconf 90' lang='lat' dir='ltr'><strong>dioit:</strong></span> <span class='ocrx_word' id='word_1_134' title='bbox 919 1948 1019 2011; x_wconf 85' lang='lat' dir='ltr'><strong>seire</strong></span> <span class='ocrx_word' id='word_1_135' title='bbox 1043 1946 1171 2011; x_wconf 89' lang='lat' dir='ltr'><strong>etiam.</strong></span> <span class='ocrx_word' id='word_1_136' title='bbox 1186 1963 1352 2030; x_wconf 79' lang='lat' dir='ltr'><strong>super-s</strong></span> 
     </span>
    </p>
   </div>
   <div class='ocr_carea' id='block_1_4' title="bbox 190 2047 1318 2236">
    <p class='ocr_par' dir='ltr' id='par_1_4' title="bbox 190 2047 1318 2236">
     <span class='ocr_line' id='line_1_17' title="bbox 192 2047 1318 2135; baseline 0.004 -23"><span class='ocrx_word' id='word_1_137' title='bbox 192 2048 432 2114; x_wconf 89' lang='lat' dir='ltr'><strong>eminentem</strong></span> <span class='ocrx_word' id='word_1_138' title='bbox 455 2048 665 2114; x_wconf 87' lang='lat' dir='ltr'><strong>seientiam</strong></span> <span class='ocrx_word' id='word_1_139' title='bbox 688 2050 875 2114; x_wconf 82' lang='lat' dir='ltr'><strong>caritatis</strong></span> <span class='ocrx_word' id='word_1_140' title='bbox 898 2047 1065 2132; x_wconf 79' lang='lat' dir='ltr'><strong>Christi,</strong></span> <span class='ocrx_word' id='word_1_141' title='bbox 1090 2052 1132 2115; x_wconf 94' lang='lat' dir='ltr'><strong>ut</strong></span> <span class='ocrx_word' id='word_1_142' title='bbox 1155 2050 1318 2135; x_wconf 89' lang='lat' dir='ltr'><strong>implea-</strong></span> 
     </span>
     <span class='ocr_line' id='line_1_18' title="bbox 190 2151 947 2236; baseline 0.001 -19"><span class='ocrx_word' id='word_1_143' title='bbox 190 2152 291 2218; x_wconf 90' lang='lat' dir='ltr'><strong>mini</strong></span> <span class='ocrx_word' id='word_1_144' title='bbox 314 2153 354 2217; x_wconf 92' lang='lat' dir='ltr'><strong>in</strong></span> <span class='ocrx_word' id='word_1_145' title='bbox 379 2170 526 2219; x_wconf 91' lang='lat' dir='ltr'><strong>omnem</strong></span> <span class='ocrx_word' id='word_1_146' title='bbox 550 2151 850 2236; x_wconf 92' lang='lat' dir='ltr'><strong>plenitudinem</strong></span> <span class='ocrx_word' id='word_1_147' title='bbox 874 2154 947 2219; x_wconf 90' lang='lat' dir='ltr'><strong>dei.</strong></span> 
     </span>
    </p>
   </div>
   <div class='ocr_carea' id='block_1_5' title="bbox 187 2273 1351 3285">
    <p class='ocr_par' dir='ltr' id='par_1_5' title="bbox 187 2273 1351 3285">
     <span class='ocr_line' id='line_1_19' title="bbox 232 2273 1318 2358; baseline 0.002 -20"><span class='ocrx_word' id='word_1_148' title='bbox 232 2275 271 2339; x_wconf 93' lang='lat' dir='ltr'><strong>ln</strong></span> <span class='ocrx_word' id='word_1_149' title='bbox 303 2274 361 2338; x_wconf 90' lang='lat' dir='ltr'><strong>hoo</strong></span> <span class='ocrx_word' id='word_1_150' title='bbox 392 2276 542 2358; x_wconf 82' lang='lat' dir='ltr'><strong>mysterio</strong></span> <span class='ocrx_word' id='word_1_151' title='bbox 576 2275 675 2358; x_wconf 87' lang='lat' dir='ltr'><strong>figura</strong></span> <span class='ocrx_word' id='word_1_152' title='bbox 704 2274 804 2340; x_wconf 88' lang='lat' dir='ltr'><strong>erneis</strong></span> <span class='ocrx_word' id='word_1_153' title='bbox 833 2277 1014 2340; x_wconf 80' lang='lat' dir='ltr'><strong>ostenditur.</strong></span> <span class='ocrx_word' id='word_1_154' title='bbox 1058 2274 1112 2358; x_wconf 92' lang='lat' dir='ltr'><strong>qui</strong></span> <span class='ocrx_word' id='word_1_155' title='bbox 1134 2273 1222 2338; x_wconf 90' lang='lat' dir='ltr'><strong>enim</strong></span> <span class='ocrx_word' id='word_1_156' title='bbox 1244 2274 1318 2358; x_wconf 83' lang='lat' dir='ltr'><strong>quia</strong></span> 
     </span>
     <span class='ocr_line' id='line_1_20' title="bbox 191 2374 1317 2462; baseline 0.002 -20"><span class='ocrx_word' id='word_1_157' title='bbox 191 2374 458 2444; x_wconf 67' lang='lat' dir='ltr'><strong>uoluit‘mortuus</strong></span> <span class='ocrx_word' id='word_1_158' title='bbox 481 2385 538 2458; x_wconf 90' lang='lat' dir='ltr'><strong>est,</strong></span> <span class='ocrx_word' id='word_1_159' title='bbox 562 2378 713 2462; x_wconf 90' lang='lat' dir='ltr'><strong>quomodo</strong></span> <span class='ocrx_word' id='word_1_160' title='bbox 736 2379 838 2445; x_wconf 90' lang='lat' dir='ltr'><strong>uoluit</strong></span> <span class='ocrx_word' id='word_1_161' title='bbox 859 2386 999 2444; x_wconf 90' lang='lat' dir='ltr'><strong>mortuus</strong></span> <span class='ocrx_word' id='word_1_162' title='bbox 1022 2381 1078 2443; x_wconf 91' lang='lat' dir='ltr'><strong>est.</strong></span> <span class='ocrx_word' id='word_1_163' title='bbox 1115 2395 1177 2443; x_wconf 94' lang='lat' dir='ltr'><strong>non</strong></span> <span class='ocrx_word' id='word_1_164' title='bbox 1200 2378 1317 2444; x_wconf 86' lang='lat' dir='ltr'><strong>frustra</strong></span> 
     </span>
     <span class='ocr_line' id='line_1_21' title="bbox 189 2481 1351 2566; baseline -0.001 -23"><span class='ocrx_word' id='word_1_165' title='bbox 189 2481 289 2563; x_wconf 89' lang='lat' dir='ltr'><strong>igitur</strong></span> <span class='ocrx_word' id='word_1_166' title='bbox 317 2482 382 2546; x_wconf 90' lang='lat' dir='ltr'><strong>tale</strong></span> <span class='ocrx_word' id='word_1_167' title='bbox 404 2500 501 2565; x_wconf 90' lang='lat' dir='ltr'><strong>genus</strong></span> <span class='ocrx_word' id='word_1_168' title='bbox 523 2482 634 2546; x_wconf 91' lang='lat' dir='ltr'><strong>mortis</strong></span> <span class='ocrx_word' id='word_1_169' title='bbox 655 2483 760 2566; x_wconf 90' lang='lat' dir='ltr'><strong>elegit,</strong></span> <span class='ocrx_word' id='word_1_170' title='bbox 792 2484 851 2547; x_wconf 90' lang='lat' dir='ltr'><strong>nisi</strong></span> <span class='ocrx_word' id='word_1_171' title='bbox 873 2489 910 2547; x_wconf 93' lang='lat' dir='ltr'><strong>ut</strong></span> <span class='ocrx_word' id='word_1_172' title='bbox 940 2484 974 2546; x_wconf 93' lang='lat' dir='ltr'><strong>in</strong></span> <span class='ocrx_word' id='word_1_173' title='bbox 996 2499 1031 2546; x_wconf 91' lang='lat' dir='ltr'><strong>oo</strong></span> <span class='ocrx_word' id='word_1_174' title='bbox 1053 2498 1175 2564; x_wconf 87' lang='lat' dir='ltr'><strong>quoque</strong></span> <span class='ocrx_word' id='word_1_175' title='bbox 1204 2482 1351 2547; x_wconf 67' lang='lat' dir='ltr'><strong>latirus</strong></span> 
     </span>
     <span class='ocr_line' id='line_1_22' title="bbox 190 2582 1316 2667; baseline 0.003 -20"><span class='ocrx_word' id='word_1_176' title='bbox 190 2582 273 2647; x_wconf 89' lang='lat' dir='ltr'><strong>dinis</strong></span> <span class='ocrx_word' id='word_1_177' title='bbox 295 2582 387 2648; x_wconf 91' lang='lat' dir='ltr'><strong>huius</strong></span> <span class='ocrx_word' id='word_1_178' title='bbox 410 2589 441 2648; x_wconf 87' lang='lat' dir='ltr'><strong>et</strong></span> <span class='ocrx_word' id='word_1_179' title='bbox 469 2584 674 2667; x_wconf 78' lang='lat' dir='ltr'><strong>longitudinis</strong></span> <span class='ocrx_word' id='word_1_180' title='bbox 696 2589 729 2650; x_wconf 94' lang='lat' dir='ltr'><strong>et</strong></span> <span class='ocrx_word' id='word_1_181' title='bbox 750 2585 926 2650; x_wconf 90' lang='lat' dir='ltr'><strong>altitudinis</strong></span> <span class='ocrx_word' id='word_1_182' title='bbox 949 2586 981 2650; x_wconf 91' lang='lat' dir='ltr'><strong>et</strong></span> <span class='ocrx_word' id='word_1_183' title='bbox 1002 2583 1226 2666; x_wconf 79' lang='lat' dir='ltr'><strong>profunditatis</strong></span> <span class='ocrx_word' id='word_1_184' title='bbox 1250 2603 1316 2650; x_wconf 89' lang='lat' dir='ltr'><strong>me·</strong></span> 
     </span>
     <span class='ocr_line' id='line_1_23' title="bbox 189 2685 1317 2771; baseline 0.003 -21"><span class='ocrx_word' id='word_1_185' title='bbox 189 2686 287 2770; x_wconf 89' lang='lat' dir='ltr'><strong>gister</strong></span> <span class='ocrx_word' id='word_1_186' title='bbox 301 2686 455 2749; x_wconf 84' lang='lat' dir='ltr'><strong>existeret.</strong></span> <span class='ocrx_word' id='word_1_187' title='bbox 489 2704 562 2750; x_wconf 90' lang='lat' dir='ltr'><strong>nam</strong></span> <span class='ocrx_word' id='word_1_188' title='bbox 587 2685 721 2750; x_wconf 90' lang='lat' dir='ltr'><strong>latitudo</strong></span> <span class='ocrx_word' id='word_1_189' title='bbox 736 2690 784 2752; x_wconf 90' lang='lat' dir='ltr'><strong>est</strong></span> <span class='ocrx_word' id='word_1_190' title='bbox 797 2685 831 2750; x_wconf 92' lang='lat' dir='ltr'><strong>in</strong></span> <span class='ocrx_word' id='word_1_191' title='bbox 846 2705 882 2752; x_wconf 88' lang='lat' dir='ltr'><strong>eo</strong></span> <span class='ocrx_word' id='word_1_192' title='bbox 904 2687 998 2771; x_wconf 89' lang='lat' dir='ltr'><strong>ligno,</strong></span> <span class='ocrx_word' id='word_1_193' title='bbox 1016 2703 1078 2768; x_wconf 87' lang='lat' dir='ltr'><strong>qua</strong></span> <span class='ocrx_word' id='word_1_194' title='bbox 1099 2688 1317 2753; x_wconf 85' lang='lat' dir='ltr'><strong>transuersum</strong></span> 
     </span>
     <span class='ocr_line' id='line_1_24' title="bbox 189 2786 1315 2873; baseline 0.001 -19"><span class='ocrx_word' id='word_1_195' title='bbox 189 2789 319 2872; x_wconf 89' lang='lat' dir='ltr'><strong>desuper</strong></span> <span class='ocrx_word' id='word_1_196' title='bbox 347 2786 472 2871; x_wconf 72' lang='lat' dir='ltr'><strong>figitur,</strong></span> <span class='ocrx_word' id='word_1_197' title='bbox 505 2788 562 2853; x_wconf 87' lang='lat' dir='ltr'><strong>hoe</strong></span> <span class='ocrx_word' id='word_1_198' title='bbox 584 2788 623 2854; x_wconf 90' lang='lat' dir='ltr'><strong>ad</strong></span> <span class='ocrx_word' id='word_1_199' title='bbox 647 2789 727 2854; x_wconf 89' lang='lat' dir='ltr'><strong>bona</strong></span> <span class='ocrx_word' id='word_1_200' title='bbox 756 2807 848 2873; x_wconf 87' lang='lat' dir='ltr'><strong>opera</strong></span> <span class='ocrx_word' id='word_1_201' title='bbox 869 2791 1014 2873; x_wconf 89' lang='lat' dir='ltr'><strong>pertinet,</strong></span> <span class='ocrx_word' id='word_1_202' title='bbox 1044 2788 1117 2872; x_wconf 87' lang='lat' dir='ltr'><strong>quie</strong></span> <span class='ocrx_word' id='word_1_203' title='bbox 1138 2787 1185 2854; x_wconf 87' lang='lat' dir='ltr'><strong>iti</strong></span> <span class='ocrx_word' id='word_1_204' title='bbox 1207 2791 1315 2855; x_wconf 85' lang='lat' dir='ltr'><strong>exten·</strong></span> 
     </span>
     <span class='ocr_line' id='line_1_25' title="bbox 189 2892 1314 2976; baseline 0.002 -17"><span class='ocrx_word' id='word_1_205' title='bbox 189 2893 306 2959; x_wconf 89' lang='lat' dir='ltr'><strong>duntur</strong></span> <span class='ocrx_word' id='word_1_206' title='bbox 333 2910 454 2957; x_wconf 89' lang='lat' dir='ltr'><strong>manus.</strong></span> <span class='ocrx_word' id='word_1_207' title='bbox 494 2893 655 2974; x_wconf 89' lang='lat' dir='ltr'><strong>longitudo</strong></span> <span class='ocrx_word' id='word_1_208' title='bbox 678 2896 710 2959; x_wconf 95' lang='lat' dir='ltr'><strong>in</strong></span> <span class='ocrx_word' id='word_1_209' title='bbox 734 2896 871 2975; x_wconf 84' lang='lat' dir='ltr'><strong>eoquod</strong></span> <span class='ocrx_word' id='word_1_210' title='bbox 894 2892 934 2958; x_wconf 92' lang='lat' dir='ltr'><strong>ab</strong></span> <span class='ocrx_word' id='word_1_211' title='bbox 959 2893 1026 2975; x_wconf 87' lang='lat' dir='ltr'><strong>ipso</strong></span> <span class='ocrx_word' id='word_1_212' title='bbox 1048 2893 1133 2976; x_wconf 90' lang='lat' dir='ltr'><strong>ligno</strong></span> <span class='ocrx_word' id='word_1_213' title='bbox 1155 2913 1255 2976; x_wconf 79' lang='lat' dir='ltr'><strong>usone</strong></span> <span class='ocrx_word' id='word_1_214' title='bbox 1276 2896 1314 2961; x_wconf 91' lang='lat' dir='ltr'><strong>ad</strong></span> 
     </span>
     <span class='ocr_line' id='line_1_26' title="bbox 189 2997 1350 3080; baseline 0 -18"><span class='ocrx_word' id='word_1_215' title='bbox 189 3002 305 3063; x_wconf 90' lang='lat' dir='ltr'><strong>terram</strong></span> <span class='ocrx_word' id='word_1_216' title='bbox 328 2997 525 3078; x_wconf 87' lang='lat' dir='ltr'><strong>oonspieuum</strong></span> <span class='ocrx_word' id='word_1_217' title='bbox 547 2998 611 3080; x_wconf 80' lang='lat' dir='ltr'><strong>est3</strong></span> <span class='ocrx_word' id='word_1_218' title='bbox 640 2998 683 3063; x_wconf 89' lang='lat' dir='ltr'><strong>ibi</strong></span> <span class='ocrx_word' id='word_1_219' title='bbox 705 2997 788 3062; x_wconf 91' lang='lat' dir='ltr'><strong>enim</strong></span> <span class='ocrx_word' id='word_1_220' title='bbox 810 2997 942 3079; x_wconf 87' lang='lat' dir='ltr'><strong>quodam</strong></span> <span class='ocrx_word' id='word_1_221' title='bbox 965 2998 1056 3061; x_wconf 92' lang='lat' dir='ltr'><strong>modo</strong></span> <span class='ocrx_word' id='word_1_222' title='bbox 1077 3001 1189 3077; x_wconf 90' lang='lat' dir='ltr'><strong>statur,</strong></span> <span class='ocrx_word' id='word_1_223' title='bbox 1213 2997 1246 3062; x_wconf 93' lang='lat' dir='ltr'><strong>id</strong></span> <span class='ocrx_word' id='word_1_224' title='bbox 1268 3003 1350 3062; x_wconf 77' lang='lat' dir='ltr'><strong>ests</strong></span> 
     </span>
     <span class='ocr_line' id='line_1_27' title="bbox 188 3098 1312 3184; baseline 0 -19"><span class='ocrx_word' id='word_1_225' title='bbox 188 3100 366 3184; x_wconf 81' lang='lat' dir='ltr'><strong>persistitur</strong></span> <span class='ocrx_word' id='word_1_226' title='bbox 389 3104 421 3166; x_wconf 89' lang='lat' dir='ltr'><strong>et</strong></span> <span class='ocrx_word' id='word_1_227' title='bbox 442 3102 666 3182; x_wconf 61' lang='lat' dir='ltr'><strong>perseueratum</strong></span> <span class='ocrx_word' id='word_1_228' title='bbox 690 3102 772 3182; x_wconf 87' lang='lat' dir='ltr'><strong>quod</strong></span> <span class='ocrx_word' id='word_1_229' title='bbox 794 3099 1028 3183; x_wconf 87' lang='lat' dir='ltr'><strong>longanimitati</strong></span> <span class='ocrx_word' id='word_1_230' title='bbox 1051 3098 1211 3165; x_wconf 89' lang='lat' dir='ltr'><strong>tribuitur.</strong></span> <span class='ocrx_word' id='word_1_231' title='bbox 1241 3102 1312 3166; x_wconf 88' lang='lat' dir='ltr'><strong>alti·</strong></span> 
     </span>
     <span class='ocr_line' id='line_1_28' title="bbox 187 3200 1313 3285; baseline 0.001 -18"><span class='ocrx_word' id='word_1_232' title='bbox 187 3204 263 3269; x_wconf 90' lang='lat' dir='ltr'><strong>tudo</strong></span> <span class='ocrx_word' id='word_1_233' title='bbox 293 3206 341 3269; x_wconf 90' lang='lat' dir='ltr'><strong>est</strong></span> <span class='ocrx_word' id='word_1_234' title='bbox 374 3205 405 3269; x_wconf 91' lang='lat' dir='ltr'><strong>in</strong></span> <span class='ocrx_word' id='word_1_235' title='bbox 437 3222 474 3269; x_wconf 90' lang='lat' dir='ltr'><strong>ea</strong></span> <span class='ocrx_word' id='word_1_236' title='bbox 505 3203 582 3285; x_wconf 91' lang='lat' dir='ltr'><strong>ligni</strong></span> <span class='ocrx_word' id='word_1_237' title='bbox 613 3207 711 3284; x_wconf 88' lang='lat' dir='ltr'><strong>parte,</strong></span> <span class='ocrx_word' id='word_1_238' title='bbox 745 3221 821 3285; x_wconf 88' lang='lat' dir='ltr'><strong>quae</strong></span> <span class='ocrx_word' id='word_1_239' title='bbox 843 3201 882 3267; x_wconf 89' lang='lat' dir='ltr'><strong>ab</strong></span> <span class='ocrx_word' id='word_1_240' title='bbox 916 3202 971 3267; x_wconf 92' lang='lat' dir='ltr'><strong>illo</strong></span> <span class='ocrx_word' id='word_1_241' title='bbox 994 3200 1074 3285; x_wconf 90' lang='lat' dir='ltr'><strong>qood</strong></span> <span class='ocrx_word' id='word_1_242' title='bbox 1099 3205 1313 3268; x_wconf 89' lang='lat' dir='ltr'><strong>transuersum</strong></span> 
     </span>
    </p>
   </div>
   <div class='ocr_carea' id='block_1_6' title="bbox 187 3305 1312 3392">
    <p class='ocr_par' dir='ltr' id='par_1_6' title="bbox 187 3305 1312 3392">
     <span class='ocr_line' id='line_1_29' title="bbox 187 3305 1312 3392; baseline -0.001 -21"><span class='ocrx_word' id='word_1_243' title='bbox 187 3306 295 3392; x_wconf 88' lang='lat' dir='ltr'><strong>ligitur</strong></span> <span class='ocrx_word' id='word_1_244' title='bbox 323 3326 447 3373; x_wconf 88' lang='lat' dir='ltr'><strong>sursum</strong></span> <span class='ocrx_word' id='word_1_245' title='bbox 476 3325 585 3371; x_wconf 89' lang='lat' dir='ltr'><strong>uersus</strong></span> <span class='ocrx_word' id='word_1_246' title='bbox 609 3306 807 3388; x_wconf 88' lang='lat' dir='ltr'><strong>relinquitur,</strong></span> <span class='ocrx_word' id='word_1_247' title='bbox 831 3305 889 3371; x_wconf 89' lang='lat' dir='ltr'><strong>hoe</strong></span> <span class='ocrx_word' id='word_1_248' title='bbox 911 3310 960 3370; x_wconf 91' lang='lat' dir='ltr'><strong>est</strong></span> <span class='ocrx_word' id='word_1_249' title='bbox 983 3306 1023 3370; x_wconf 90' lang='lat' dir='ltr'><strong>ad</strong></span> <span class='ocrx_word' id='word_1_250' title='bbox 1045 3307 1141 3387; x_wconf 84' lang='lat' dir='ltr'><strong>eaput</strong></span> <span class='ocrx_word' id='word_1_251' title='bbox 1162 3305 1312 3384; x_wconf 82' lang='lat' dir='ltr'><strong>erueifiri,</strong></span> 
     </span>
    </p>
   </div>
   <div class='ocr_carea' id='block_1_7' title="bbox 288 3490 820 3560">
    <p class='ocr_par' dir='ltr' id='par_1_7' title="bbox 288 3490 820 3560">
     <span class='ocr_line' id='line_1_30' title="bbox 288 3490 820 3560; baseline -0.006 -13"><span class='ocrx_word' id='word_1_252' title='bbox 288 3490 497 3558; x_wconf 63' lang='lat' dir='ltr'><strong>wmae</strong></span> <span class='ocrx_word' id='word_1_253' title='bbox 602 3490 820 3560; x_wconf 60' lang='lat' dir='ltr'><strong>umam</strong></span> 
     </span>
    </p>
   </div>
   <div class='ocr_carea' id='block_1_8' title="bbox 183 3661 1314 4316">
    <p class='ocr_par' dir='ltr' id='par_1_8' title="bbox 183 3661 1314 4316">
     <span class='ocr_line' id='line_1_31' title="bbox 238 3661 1314 3731; baseline 0.002 -16"><span class='ocrx_word' id='word_1_254' title='bbox 238 3663 251 3715; x_wconf 97' lang='lat' dir='ltr'><strong>l</strong></span> <span class='ocrx_word' id='word_1_255' title='bbox 275 3664 307 3715; x_wconf 89' lang='lat' dir='ltr'><strong>ut</strong></span> <span class='ocrx_word' id='word_1_256' title='bbox 330 3661 427 3717; x_wconf 74' lang='lat' dir='ltr'><strong>P²Vo=</strong></span> <span class='ocrx_word' id='word_1_257' title='bbox 457 3665 484 3715; x_wconf 91' lang='lat' dir='ltr'><strong>et</strong></span> <span class='ocrx_word' id='word_1_258' title='bbox 506 3663 574 3716; x_wconf 78' lang='lat' dir='ltr'><strong>AP¹</strong></span> <span class='ocrx_word' id='word_1_259' title='bbox 677 3661 911 3731; x_wconf 84' lang='lat' dir='ltr'><strong>longanimitatem</strong></span> <span class='ocrx_word' id='word_1_260' title='bbox 935 3662 963 3717; x_wconf 91' lang='lat' dir='ltr'><strong><em>P</em></strong></span> <span class='ocrx_word' id='word_1_261' title='bbox 1062 3663 1079 3716; x_wconf 88' lang='lat'><strong>3</strong></span> <span class='ocrx_word' id='word_1_262' title='bbox 1102 3678 1203 3718; x_wconf 83' lang='lat' dir='ltr'><strong>uanum</strong></span> <span class='ocrx_word' id='word_1_263' title='bbox 1227 3665 1314 3720; x_wconf 79' lang='lat' dir='ltr'><strong>AVo:</strong></span> 
     </span>
     <span class='ocr_line' id='line_1_32' title="bbox 186 3751 1311 3850; baseline 0.006 -33"><span class='ocrx_word' id='word_1_264' title='bbox 186 3763 290 3817; x_wconf 87' lang='lat' dir='ltr'><strong>uarium</strong></span> <span class='ocrx_word' id='word_1_265' title='bbox 314 3762 343 3817; x_wconf 89' lang='lat' dir='ltr'><strong><em>P</em></strong></span> <span class='ocrx_word' id='word_1_266' title='bbox 443 3764 598 3835; x_wconf 88' lang='lat' dir='ltr'><strong>temporale]</strong></span> <span class='ocrx_word' id='word_1_267' title='bbox 617 3751 775 3850; x_wconf 64' lang='lat' dir='ltr'><strong>temporale}</strong></span> <span class='ocrx_word' id='word_1_268' title='bbox 794 3768 821 3819; x_wconf 78' lang='lat' dir='ltr'><strong><em>A</em></strong></span> <span class='ocrx_word' id='word_1_269' title='bbox 851 3768 879 3818; x_wconf 90' lang='lat' dir='ltr'><strong>et</strong></span> <span class='ocrx_word' id='word_1_270' title='bbox 896 3764 1076 3833; x_wconf 87' lang='lat' dir='ltr'><strong>temporaleo</strong></span> <span class='ocrx_word' id='word_1_271' title='bbox 1179 3767 1196 3821; x_wconf 80' lang='lat'>7</span> <span class='ocrx_word' id='word_1_272' title='bbox 1221 3769 1311 3824; x_wconf 84' lang='lat' dir='ltr'><strong>aediti·</strong></span> 
     </span>
     <span class='ocr_line' id='line_1_33' title="bbox 186 3856 1245 3937; baseline 0.006 -16"><span class='ocrx_word' id='word_1_273' title='bbox 186 3867 303 3921; x_wconf 75' lang='lat' dir='ltr'><strong>oatione·</strong></span> <span class='ocrx_word' id='word_1_274' title='bbox 319 3869 356 3932; x_wconf 87' lang='lat' dir='ltr'><strong>(m</strong></span> <span class='ocrx_word' id='word_1_275' title='bbox 375 3872 440 3932; x_wconf 81' lang='lat' dir='ltr'><strong>raa.)</strong></span> <span class='ocrx_word' id='word_1_276' title='bbox 464 3866 492 3923; x_wconf 75' lang='lat' dir='ltr'><strong><em>V</em></strong></span> <span class='ocrx_word' id='word_1_277' title='bbox 591 3869 620 3923; x_wconf 91' lang='lat'><strong>11</strong></span> <span class='ocrx_word' id='word_1_278' title='bbox 645 3869 753 3937; x_wconf 80' lang='lat' dir='ltr'><strong>raritas]</strong></span> <span class='ocrx_word' id='word_1_279' title='bbox 776 3868 923 3923; x_wconf 79' lang='lat' dir='ltr'><strong>caritateo</strong></span> <span class='ocrx_word' id='word_1_280' title='bbox 1024 3856 1199 3926; x_wconf 78' lang='lat' dir='ltr'><strong>tolerantiam</strong></span> <span class='ocrx_word' id='word_1_281' title='bbox 1216 3872 1245 3927; x_wconf 75' lang='lat' dir='ltr'><strong><em>A</em></strong></span> 
     </span>
     <span class='ocr_line' id='line_1_34' title="bbox 186 3944 1312 4043; baseline 0.006 -20"><span class='ocrx_word' id='word_1_282' title='bbox 186 3966 742 4040; x_wconf 58' lang='lat' dir='ltr'><strong>nmmvmmmm</strong></span> <span class='ocrx_word' id='word_1_283' title='bbox 839 3944 1312 4043; x_wconf 54' lang='lat' dir='ltr'><strong>mmmmwfflm</strong></span> 
     </span>
     <span class='ocr_line' id='line_1_35' title="bbox 184 4062 1314 4138; baseline 0.006 -21"><span class='ocrx_word' id='word_1_284' title='bbox 184 4062 224 4117; x_wconf 76' lang='lat' dir='ltr'><strong>A¹</strong></span> <span class='ocrx_word' id='word_1_285' title='bbox 240 4075 399 4130; x_wconf 63' lang='lat' dir='ltr'><strong>supr-uera.</strong></span> <span class='ocrx_word' id='word_1_286' title='bbox 494 4063 648 4119; x_wconf 85' lang='lat' dir='ltr'><strong>altitudinis</strong></span> <span class='ocrx_word' id='word_1_287' title='bbox 665 4066 752 4120; x_wconf 78' lang='lat' dir='ltr'><strong>APor</strong></span> <span class='ocrx_word' id='word_1_288' title='bbox 780 4064 977 4120; x_wconf 81' lang='lat' dir='ltr'><strong>latitudiuisV</strong></span> <span class='ocrx_word' id='word_1_289' title='bbox 1072 4066 1107 4121; x_wconf 75' lang='grc'><strong>22</strong></span> <span class='ocrx_word' id='word_1_290' title='bbox 1125 4082 1181 4136; x_wconf 79' lang='lat' dir='ltr'><strong>qua·</strong></span> <span class='ocrx_word' id='word_1_291' title='bbox 1196 4067 1231 4123; x_wconf 84' lang='lat' dir='ltr'><strong>V:</strong></span> <span class='ocrx_word' id='word_1_292' title='bbox 1260 4085 1314 4138; x_wconf 85' lang='lat' dir='ltr'><strong>quo</strong></span> 
     </span>
     <span class='ocr_line' id='line_1_36' title="bbox 184 4156 1314 4233; baseline 0.005 -22"><span class='ocrx_word' id='word_1_293' title='bbox 184 4156 229 4212; x_wconf 76' lang='lat' dir='ltr'><strong>Aa</strong></span> <span class='ocrx_word' id='word_1_294' title='bbox 331 4156 365 4211; x_wconf 82' lang='grc'><strong>23</strong></span> <span class='ocrx_word' id='word_1_295' title='bbox 387 4158 514 4227; x_wconf 88' lang='lat' dir='ltr'><strong>pertinet]</strong></span> <span class='ocrx_word' id='word_1_296' title='bbox 531 4159 623 4227; x_wconf 86' lang='lat' dir='ltr'><strong>ptinet</strong></span> <span class='ocrx_word' id='word_1_297' title='bbox 641 4161 669 4215; x_wconf 78' lang='lat' dir='ltr'><strong><em>A</em></strong></span> <span class='ocrx_word' id='word_1_298' title='bbox 771 4159 924 4214; x_wconf 83' lang='lat' dir='ltr'><strong>extenditur</strong></span> <span class='ocrx_word' id='word_1_299' title='bbox 940 4162 968 4214; x_wconf 77' lang='lat' dir='ltr'><strong><em>A</em></strong></span> <span class='ocrx_word' id='word_1_300' title='bbox 1070 4160 1105 4215; x_wconf 79' lang='lat'><strong>24</strong></span> <span class='ocrx_word' id='word_1_301' title='bbox 1126 4161 1212 4231; x_wconf 76' lang='lat' dir='ltr'><strong>liguo]</strong></span> <span class='ocrx_word' id='word_1_302' title='bbox 1230 4163 1314 4233; x_wconf 87' lang='lat' dir='ltr'><strong>longe</strong></span> 
     </span>
     <span class='ocr_line' id='line_1_37' title="bbox 183 4240 1243 4316; baseline 0.005 -18"><span class='ocrx_word' id='word_1_303' title='bbox 183 4259 200 4298; x_wconf 82' lang='lat' dir='ltr'><strong>a</strong></span> <span class='ocrx_word' id='word_1_304' title='bbox 292 4240 326 4297; x_wconf 73' lang='grc'><strong>27</strong></span> <span class='ocrx_word' id='word_1_305' title='bbox 344 4243 416 4313; x_wconf 85' lang='lat' dir='ltr'><strong>quod</strong></span> <span class='ocrx_word' id='word_1_306' title='bbox 433 4244 516 4298; x_wconf 80' lang='lat' dir='ltr'><strong>APor</strong></span> <span class='ocrx_word' id='word_1_307' title='bbox 542 4243 614 4313; x_wconf 83' lang='lat' dir='ltr'><strong>quad</strong></span> <span class='ocrx_word' id='word_1_308' title='bbox 634 4243 670 4299; x_wconf 85' lang='lat' dir='ltr'><strong>V¹</strong></span> <span class='ocrx_word' id='word_1_309' title='bbox 697 4260 765 4315; x_wconf 82' lang='lat' dir='ltr'><strong>quae</strong></span> <span class='ocrx_word' id='word_1_310' title='bbox 786 4246 820 4301; x_wconf 73' lang='lat' dir='ltr'><strong>V’</strong></span> <span class='ocrx_word' id='word_1_311' title='bbox 913 4247 947 4301; x_wconf 77' lang='lat'><strong>28</strong></span> <span class='ocrx_word' id='word_1_312' title='bbox 965 4248 1084 4316; x_wconf 84' lang='lat' dir='ltr'><strong>sursum]</strong></span> <span class='ocrx_word' id='word_1_313' title='bbox 1100 4262 1243 4303; x_wconf 86' lang='lat' dir='ltr'><strong>rursumo</strong></span> 
     </span>
    </p>
   </div>
   <div class='ocr_carea' id='block_1_9' title="bbox 0 0 1384 4814">
    <p class='ocr_par' dir='ltr' id='par_1_9' title="bbox 0 0 1384 4814">
     <span class='ocr_line' id='line_1_38' title="bbox 0 0 1384 4814; baseline 0 4"><span class='ocrx_word' id='word_1_314' title='bbox 0 0 1384 4814; x_wconf 95' lang='lat' dir='ltr'><strong> </strong></span> 
     </span>
    </p>
   </div>
  </div>
 </body>
</html>
