<?xml version="1.0" encoding="UTF-8"?>
<!DOCTYPE html PUBLIC "-//W3C//DTD XHTML 1.0 Transitional//EN"
    "http://www.w3.org/TR/xhtml1/DTD/xhtml1-transitional.dtd">
<html xmlns="http://www.w3.org/1999/xhtml" xml:lang="en" lang="en">
 <head>
  <title>
</title>
<meta http-equiv="Content-Type" content="text/html;charset=utf-8" />
  <meta name='ocr-system' content='tesseract 3.04.00' />
  <meta name='ocr-capabilities' content='ocr_page ocr_carea ocr_par ocr_line ocrx_word'/>
</head>
<body>
  <div class='ocr_page' id='page_1' title='image "./evgippiiexcerpt00kngoog/evgippiiexcerpt00kngoog_0643.png"; bbox 0 0 2760 4814; ppageno 0'>
   <div class='ocr_carea' id='block_1_1' title="bbox 199 282 850 352">
    <p class='ocr_par' dir='ltr' id='par_1_1' title="bbox 199 282 850 352">
     <span class='ocr_line' id='line_1_1' title="bbox 199 282 850 352; baseline 0.002 -2"><span class='ocrx_word' id='word_1_1' title='bbox 199 285 265 351; x_wconf 83' lang='lat'><strong>620</strong></span> <span class='ocrx_word' id='word_1_2' title='bbox 683 282 850 352; x_wconf 74' lang='lat' dir='ltr'><strong>Euaiuuii</strong></span> 
     </span>
    </p>
   </div>
   <div class='ocr_carea' id='block_1_2' title="bbox 201 472 1365 1262">
    <p class='ocr_par' dir='ltr' id='par_1_2' title="bbox 201 472 1365 1262">
     <span class='ocr_line' id='line_1_2' title="bbox 201 472 1333 558; baseline -0.001 -19"><span class='ocrx_word' id='word_1_3' title='bbox 201 493 272 541; x_wconf 87' lang='lat' dir='ltr'><strong>care</strong></span> <span class='ocrx_word' id='word_1_4' title='bbox 295 474 412 558; x_wconf 89' lang='lat' dir='ltr'><strong>dicunt,</strong></span> <span class='ocrx_word' id='word_1_5' title='bbox 444 472 564 555; x_wconf 90' lang='lat' dir='ltr'><strong>quaudo</strong></span> <span class='ocrx_word' id='word_1_6' title='bbox 591 474 701 538; x_wconf 86' lang='lat' dir='ltr'><strong>natura</strong></span> <span class='ocrx_word' id='word_1_7' title='bbox 726 473 798 538; x_wconf 86' lang='lat' dir='ltr'><strong>meli</strong></span> <span class='ocrx_word' id='word_1_8' title='bbox 823 473 983 555; x_wconf 86' lang='lat' dir='ltr'><strong>praeualet</strong></span> <span class='ocrx_word' id='word_1_9' title='bbox 1005 474 1134 538; x_wconf 88' lang='lat' dir='ltr'><strong>naturae</strong></span> <span class='ocrx_word' id='word_1_10' title='bbox 1157 472 1217 537; x_wconf 92' lang='lat' dir='ltr'><strong>dei.</strong></span> <span class='ocrx_word' id='word_1_11' title='bbox 1258 472 1333 538; x_wconf 87' lang='lat' dir='ltr'><strong>haec</strong></span> 
     </span>
     <span class='ocr_line' id='line_1_3' title="bbox 202 575 1333 658; baseline -0.002 -15"><span class='ocrx_word' id='word_1_12' title='bbox 202 576 456 643; x_wconf 78' lang='lat' dir='ltr'><strong>Manichaeorum</strong></span> <span class='ocrx_word' id='word_1_13' title='bbox 487 579 535 640; x_wconf 88' lang='lat' dir='ltr'><strong>est</strong></span> <span class='ocrx_word' id='word_1_14' title='bbox 564 575 816 641; x_wconf 84' lang='lat' dir='ltr'><strong>immundissima</strong></span> <span class='ocrx_word' id='word_1_15' title='bbox 846 575 978 653; x_wconf 82' lang='lat' dir='ltr'><strong>insania,</strong></span> <span class='ocrx_word' id='word_1_16' title='bbox 1010 594 1141 658; x_wconf 89' lang='lat' dir='ltr'><strong>quorum</strong></span> <span class='ocrx_word' id='word_1_17' title='bbox 1171 576 1333 641; x_wconf 88' lang='lat' dir='ltr'><strong>machina·</strong></span> 
     </span>
     <span class='ocr_line' id='line_1_4' title="bbox 203 678 1333 762; baseline -0.001 -17"><span class='ocrx_word' id='word_1_18' title='bbox 203 685 311 745; x_wconf 89' lang='lat' dir='ltr'><strong>menta</strong></span> <span class='ocrx_word' id='word_1_19' title='bbox 340 679 493 746; x_wconf 88' lang='lat' dir='ltr'><strong>diabolica</strong></span> <span class='ocrx_word' id='word_1_20' title='bbox 523 681 674 746; x_wconf 79' lang='lat' dir='ltr'>facillime</span> <span class='ocrx_word' id='word_1_21' title='bbox 704 683 819 746; x_wconf 74' lang='lat' dir='ltr'><strong>ueritas</strong></span> <span class='ocrx_word' id='word_1_22' title='bbox 849 680 1027 746; x_wconf 85' lang='lat' dir='ltr'><strong>indubitata</strong></span> <span class='ocrx_word' id='word_1_23' title='bbox 1052 678 1220 757; x_wconf 79' lang='lat' dir='ltr'><strong>subuertit,</strong></span> <span class='ocrx_word' id='word_1_24' title='bbox 1253 697 1333 762; x_wconf 85' lang='lat' dir='ltr'><strong>puae</strong></span> 
     </span>
     <span class='ocr_line' id='line_1_5' title="bbox 202 782 1332 866; baseline 0.002 -20"><span class='ocrx_word' id='word_1_25' title='bbox 202 782 250 848; x_wconf 89' lang='lat' dir='ltr'><strong>dei</strong></span> <span class='ocrx_word' id='word_1_26' title='bbox 270 786 414 848; x_wconf 88' lang='lat' dir='ltr'><strong>naturam</strong></span> <span class='ocrx_word' id='word_1_27' title='bbox 437 783 745 849; x_wconf 77' lang='lat' dir='ltr'><strong>incontaminabilem</strong></span> <span class='ocrx_word' id='word_1_28' title='bbox 761 789 855 866; x_wconf 88' lang='lat' dir='ltr'><strong>atque</strong></span> <span class='ocrx_word' id='word_1_29' title='bbox 870 782 1139 864; x_wconf 82' lang='lat' dir='ltr'><strong>incorruptibilem</strong></span> <span class='ocrx_word' id='word_1_30' title='bbox 1154 782 1332 848; x_wconf 86' lang='lat' dir='ltr'><strong>confitetur.</strong></span> 
     </span>
     <span class='ocr_line' id='line_1_6' title="bbox 202 885 1365 970; baseline -0.004 -21"><span class='ocrx_word' id='word_1_31' title='bbox 202 885 278 967; x_wconf 92' lang='lat' dir='ltr'><strong>quid</strong></span> <span class='ocrx_word' id='word_1_32' title='bbox 302 890 407 951; x_wconf 86' lang='lat' dir='ltr'><strong>autern</strong></span> <span class='ocrx_word' id='word_1_33' title='bbox 430 886 603 970; x_wconf 81' lang='lat' dir='ltr'><strong>flagitiosae</strong></span> <span class='ocrx_word' id='word_1_34' title='bbox 626 885 900 951; x_wconf 76' lang='lat' dir='ltr'><strong>contaminationis</strong></span> <span class='ocrx_word' id='word_1_35' title='bbox 918 887 951 950; x_wconf 90' lang='lat' dir='ltr'><strong>et</strong></span> <span class='ocrx_word' id='word_1_36' title='bbox 965 886 1172 969; x_wconf 83' lang='lat' dir='ltr'><strong>corruptionis</strong></span> <span class='ocrx_word' id='word_1_37' title='bbox 1195 885 1236 950; x_wconf 91' lang='lat' dir='ltr'><strong>de</strong></span> <span class='ocrx_word' id='word_1_38' title='bbox 1259 885 1365 950; x_wconf 81' lang='lat' dir='ltr'><strong>istise</strong></span> 
     </span>
     <span class='ocr_line' id='line_1_7' title="bbox 201 989 1331 1072; baseline 0 -19"><span class='ocrx_word' id='word_1_39' title='bbox 201 989 314 1055; x_wconf 88' lang='lat' dir='ltr'><strong>merito</strong></span> <span class='ocrx_word' id='word_1_40' title='bbox 348 1008 407 1054; x_wconf 95' lang='lat' dir='ltr'><strong>non</strong></span> <span class='ocrx_word' id='word_1_41' title='bbox 443 990 589 1069; x_wconf 82' lang='lat' dir='ltr'><strong>ereditur,</strong></span> <span class='ocrx_word' id='word_1_42' title='bbox 624 1009 643 1055; x_wconf 91' lang='lat' dir='ltr'><strong>a</strong></span> <span class='ocrx_word' id='word_1_43' title='bbox 673 992 784 1071; x_wconf 89' lang='lat' dir='ltr'><strong>quibus</strong></span> <span class='ocrx_word' id='word_1_44' title='bbox 814 990 901 1067; x_wconf 83' lang='lat' dir='ltr'><strong>deuo,</strong></span> <span class='ocrx_word' id='word_1_45' title='bbox 936 990 990 1072; x_wconf 89' lang='lat' dir='ltr'><strong>qui</strong></span> <span class='ocrx_word' id='word_1_46' title='bbox 1018 1007 1139 1054; x_wconf 86' lang='lat' dir='ltr'><strong>summe</strong></span> <span class='ocrx_word' id='word_1_47' title='bbox 1161 989 1260 1070; x_wconf 90' lang='lat' dir='ltr'><strong>atque</strong></span> <span class='ocrx_word' id='word_1_48' title='bbox 1281 989 1331 1053; x_wconf 92' lang='lat' dir='ltr'><strong>iu·</strong></span> 
     </span>
     <span class='ocr_line' id='line_1_8' title="bbox 203 1088 1329 1176; baseline -0.003 -19"><span class='ocrx_word' id='word_1_49' title='bbox 203 1092 454 1176; x_wconf 82' lang='lat' dir='ltr'><strong>comparabiliter</strong></span> <span class='ocrx_word' id='word_1_50' title='bbox 475 1095 573 1159; x_wconf 87' lang='lat' dir='ltr'><strong>bonne</strong></span> <span class='ocrx_word' id='word_1_51' title='bbox 604 1094 660 1174; x_wconf 77' lang='lat' dir='ltr'><strong>ert</strong></span> <span class='ocrx_word' id='word_1_52' title='bbox 692 1092 942 1160; x_wconf 86' lang='lat' dir='ltr'><strong>contaminabilis</strong></span> <span class='ocrx_word' id='word_1_53' title='bbox 966 1093 998 1157; x_wconf 91' lang='lat' dir='ltr'><strong>et</strong></span> <span class='ocrx_word' id='word_1_54' title='bbox 1021 1088 1237 1174; x_wconf 85' lang='lat' dir='ltr'><strong>corruptibilis</strong></span> <span class='ocrx_word' id='word_1_55' title='bbox 1261 1108 1329 1156; x_wconf 91' lang='lat' dir='ltr'><strong>cre·</strong></span> 
     </span>
     <span class='ocr_line' id='line_1_9' title="bbox 202 1195 313 1262; baseline -0.018 -1"><span class='ocrx_word' id='word_1_56' title='bbox 202 1195 313 1262; x_wconf 77' lang='lat' dir='ltr'><strong>ditur?</strong></span> 
     </span>
    </p>
   </div>
   <div class='ocr_carea' id='block_1_3' title="bbox 144 1314 1363 2425">
    <p class='ocr_par' dir='ltr' id='par_1_3' title="bbox 144 1314 1363 2425">
     <span class='ocr_line' id='line_1_10' title="bbox 144 1314 1329 1398; baseline -0.005 -16"><span class='ocrx_word' id='word_1_57' title='bbox 144 1366 149 1373; x_wconf 85' lang='lat'><em>.</em></span> <span class='ocrx_word' id='word_1_58' title='bbox 246 1314 327 1382; x_wconf 82' lang='lat' dir='ltr'><strong>Sunt</strong></span> <span class='ocrx_word' id='word_1_59' title='bbox 348 1319 380 1379; x_wconf 90' lang='lat' dir='ltr'><strong>et</strong></span> <span class='ocrx_word' id='word_1_60' title='bbox 404 1316 436 1381; x_wconf 95' lang='lat' dir='ltr'><strong>hi</strong></span> <span class='ocrx_word' id='word_1_61' title='bbox 461 1317 570 1398; x_wconf 87' lang='lat' dir='ltr'><strong>quiec</strong></span> <span class='ocrx_word' id='word_1_62' title='bbox 594 1316 685 1381; x_wconf 93' lang='lat' dir='ltr'><strong>modo</strong></span> <span class='ocrx_word' id='word_1_63' title='bbox 707 1315 740 1381; x_wconf 94' lang='lat' dir='ltr'><strong>in</strong></span> <span class='ocrx_word' id='word_1_64' title='bbox 763 1315 957 1382; x_wconf 82' lang='lat' dir='ltr'><strong>excusatione</strong></span> <span class='ocrx_word' id='word_1_65' title='bbox 979 1315 1178 1398; x_wconf 86' lang='lat' dir='ltr'><strong>peccatorum</strong></span> <span class='ocrx_word' id='word_1_66' title='bbox 1201 1330 1329 1377; x_wconf 90' lang='lat' dir='ltr'><strong>suornm</strong></span> 
     </span>
     <span class='ocr_line' id='line_1_11' title="bbox 201 1414 1363 1501; baseline -0.007 -16"><span class='ocrx_word' id='word_1_67' title='bbox 201 1420 349 1485; x_wconf 88' lang='lat' dir='ltr'><strong>accusant</strong></span> <span class='ocrx_word' id='word_1_68' title='bbox 371 1418 473 1497; x_wconf 85' lang='lat' dir='ltr'><strong>deum,</strong></span> <span class='ocrx_word' id='word_1_69' title='bbox 504 1422 539 1483; x_wconf 91' lang='lat' dir='ltr'><strong>ut</strong></span> <span class='ocrx_word' id='word_1_70' title='bbox 562 1419 670 1483; x_wconf 86' lang='lat' dir='ltr'><strong>dicant</strong></span> <span class='ocrx_word' id='word_1_71' title='bbox 692 1417 721 1481; x_wconf 93' lang='lat' dir='ltr'><strong>ei</strong></span> <span class='ocrx_word' id='word_1_72' title='bbox 743 1417 865 1501; x_wconf 89' lang='lat' dir='ltr'><strong>placere</strong></span> <span class='ocrx_word' id='word_1_73' title='bbox 891 1422 1028 1500; x_wconf 88' lang='lat' dir='ltr'><strong>peccata.</strong></span> <span class='ocrx_word' id='word_1_74' title='bbox 1072 1436 1145 1483; x_wconf 88' lang='lat' dir='ltr'><strong>nam</strong></span> <span class='ocrx_word' id='word_1_75' title='bbox 1168 1415 1195 1481; x_wconf 89' lang='lat' dir='ltr'><strong>ei</strong></span> <span class='ocrx_word' id='word_1_76' title='bbox 1218 1414 1363 1499; x_wconf 72' lang='lat' dir='ltr'><strong>displire</strong></span> 
     </span>
     <span class='ocr_line' id='line_1_12' title="bbox 201 1519 1329 1604; baseline -0.002 -19"><span class='ocrx_word' id='word_1_77' title='bbox 201 1522 316 1599; x_wconf 85' lang='lat' dir='ltr'><strong>carent,</strong></span> <span class='ocrx_word' id='word_1_78' title='bbox 339 1519 496 1603; x_wconf 84' lang='lat' dir='ltr'><strong>inquiunt,</strong></span> <span class='ocrx_word' id='word_1_79' title='bbox 523 1521 610 1587; x_wconf 93' lang='lat' dir='ltr'><strong>nullo</strong></span> <span class='ocrx_word' id='word_1_80' title='bbox 632 1524 722 1586; x_wconf 90' lang='lat' dir='ltr'><strong>modo</strong></span> <span class='ocrx_word' id='word_1_81' title='bbox 745 1539 782 1586; x_wconf 90' lang='lat' dir='ltr'><strong>ea</strong></span> <span class='ocrx_word' id='word_1_82' title='bbox 804 1521 872 1586; x_wconf 90' lang='lat' dir='ltr'><strong>fieri</strong></span> <span class='ocrx_word' id='word_1_83' title='bbox 894 1521 1200 1604; x_wconf 86' lang='lat' dir='ltr'><strong>omnipotentissima</strong></span> <span class='ocrx_word' id='word_1_84' title='bbox 1221 1519 1329 1603; x_wconf 89' lang='lat' dir='ltr'><strong>utique</strong></span> 
     </span>
     <span class='ocr_line' id='line_1_13' title="bbox 201 1621 1328 1707; baseline 0.002 -22"><span class='ocrx_word' id='word_1_85' title='bbox 201 1624 358 1704; x_wconf 87' lang='lat' dir='ltr'><strong>potestate</strong></span> <span class='ocrx_word' id='word_1_86' title='bbox 380 1621 585 1705; x_wconf 85' lang='lat' dir='ltr'><strong>permitteret.</strong></span> <span class='ocrx_word' id='word_1_87' title='bbox 623 1622 713 1705; x_wconf 88' lang='lat' dir='ltr'><strong>quasi</strong></span> <span class='ocrx_word' id='word_1_88' title='bbox 735 1640 809 1687; x_wconf 92' lang='lat' dir='ltr'><strong>uero</strong></span> <span class='ocrx_word' id='word_1_89' title='bbox 832 1626 961 1707; x_wconf 87' lang='lat' dir='ltr'><strong>peccata</strong></span> <span class='ocrx_word' id='word_1_90' title='bbox 983 1626 1056 1689; x_wconf 92' lang='lat' dir='ltr'><strong>deus</strong></span> <span class='ocrx_word' id='word_1_91' title='bbox 1084 1624 1242 1705; x_wconf 85' lang='lat' dir='ltr'><strong>impunita</strong></span> <span class='ocrx_word' id='word_1_92' title='bbox 1265 1640 1328 1687; x_wconf 88' lang='lat' dir='ltr'><strong>esee</strong></span> 
     </span>
     <span class='ocr_line' id='line_1_14' title="bbox 201 1725 1328 1809; baseline 0.001 -20"><span class='ocrx_word' id='word_1_93' title='bbox 201 1725 380 1805; x_wconf 83' lang='lat' dir='ltr'><strong>permiserit</strong></span> <span class='ocrx_word' id='word_1_94' title='bbox 402 1725 498 1789; x_wconf 89' lang='lat' dir='ltr'><strong>etiam</strong></span> <span class='ocrx_word' id='word_1_95' title='bbox 519 1726 552 1790; x_wconf 95' lang='lat' dir='ltr'><strong>in</strong></span> <span class='ocrx_word' id='word_1_96' title='bbox 575 1727 619 1791; x_wconf 91' lang='lat' dir='ltr'><strong>eis</strong></span> <span class='ocrx_word' id='word_1_97' title='bbox 641 1744 717 1809; x_wconf 89' lang='lat' dir='ltr'><strong>quos</strong></span> <span class='ocrx_word' id='word_1_98' title='bbox 739 1726 927 1808; x_wconf 86' lang='lat' dir='ltr'><strong>asupplioio</strong></span> <span class='ocrx_word' id='word_1_99' title='bbox 942 1726 1130 1809; x_wconf 84' lang='lat' dir='ltr'><strong>sempiterno</strong></span> <span class='ocrx_word' id='word_1_100' title='bbox 1145 1725 1328 1791; x_wconf 83' lang='lat' dir='ltr'><strong>remissione</strong></span> 
     </span>
     <span class='ocr_line' id='line_1_15' title="bbox 202 1827 1328 1915; baseline 0.001 -22"><span class='ocrx_word' id='word_1_101' title='bbox 202 1827 316 1893; x_wconf 90' lang='lat' dir='ltr'><strong>liberat</strong></span> <span class='ocrx_word' id='word_1_102' title='bbox 345 1833 552 1912; x_wconf 87' lang='lat' dir='ltr'><strong>peccatorum.</strong></span> <span class='ocrx_word' id='word_1_103' title='bbox 593 1829 698 1894; x_wconf 90' lang='lat' dir='ltr'><strong>nullus</strong></span> <span class='ocrx_word' id='word_1_104' title='bbox 732 1830 846 1912; x_wconf 89' lang='lat' dir='ltr'><strong>quippe</strong></span> <span class='ocrx_word' id='word_1_105' title='bbox 875 1828 999 1895; x_wconf 88' lang='lat' dir='ltr'><strong>debitae</strong></span> <span class='ocrx_word' id='word_1_106' title='bbox 1028 1828 1183 1915; x_wconf 83' lang='lat' dir='ltr'><strong>grauioris</strong></span> <span class='ocrx_word' id='word_1_107' title='bbox 1213 1846 1328 1913; x_wconf 78' lang='lat' dir='ltr'><strong>poenm</strong></span> 
     </span>
     <span class='ocr_line' id='line_1_16' title="bbox 201 1931 1352 2016; baseline -0.003 -19"><span class='ocrx_word' id='word_1_108' title='bbox 201 1931 317 2013; x_wconf 85' lang='lat' dir='ltr'><strong>accipit</strong></span> <span class='ocrx_word' id='word_1_109' title='bbox 339 1932 473 2013; x_wconf 83' lang='lat' dir='ltr'><strong>ueniam,</strong></span> <span class='ocrx_word' id='word_1_110' title='bbox 496 1931 556 1996; x_wconf 88' lang='lat' dir='ltr'><strong>nisi</strong></span> <span class='ocrx_word' id='word_1_111' title='bbox 579 1932 848 2015; x_wconf 82' lang='lat' dir='ltr'><strong>qualemcumque,</strong></span> <span class='ocrx_word' id='word_1_112' title='bbox 872 1932 932 1998; x_wconf 86' lang='lat' dir='ltr'><strong>etsi</strong></span> <span class='ocrx_word' id='word_1_113' title='bbox 955 1933 1046 2016; x_wconf 84' lang='lat' dir='ltr'><strong>longe</strong></span> <span class='ocrx_word' id='word_1_114' title='bbox 1066 1933 1222 1997; x_wconf 91' lang='lat' dir='ltr'><strong>minorem</strong></span> <span class='ocrx_word' id='word_1_115' title='bbox 1236 1948 1352 2014; x_wconf 82' lang='lat' dir='ltr'><strong>quamn</strong></span> 
     </span>
     <span class='ocr_line' id='line_1_17' title="bbox 203 2033 1328 2118; baseline 0 -20"><span class='ocrx_word' id='word_1_116' title='bbox 203 2033 336 2099; x_wconf 85' lang='lat' dir='ltr'><strong>debebat</strong></span> <span class='ocrx_word' id='word_1_117' title='bbox 359 2035 487 2099; x_wconf 87' lang='lat' dir='ltr'><strong>soluerit</strong></span> <span class='ocrx_word' id='word_1_118' title='bbox 504 2052 650 2117; x_wconf 85' lang='lat' dir='ltr'><strong>poenam;</strong></span> <span class='ocrx_word' id='word_1_119' title='bbox 678 2042 771 2118; x_wconf 86' lang='lat' dir='ltr'><strong>atque</strong></span> <span class='ocrx_word' id='word_1_120' title='bbox 792 2038 839 2100; x_wconf 87' lang='lat' dir='ltr'><strong>ita</strong></span> <span class='ocrx_word' id='word_1_121' title='bbox 857 2036 1039 2118; x_wconf 84' lang='lat' dir='ltr'><strong>impertitur</strong></span> <span class='ocrx_word' id='word_1_122' title='bbox 1060 2034 1191 2115; x_wconf 88' lang='lat' dir='ltr'><strong>largitas</strong></span> <span class='ocrx_word' id='word_1_123' title='bbox 1207 2033 1328 2100; x_wconf 85' lang='lat' dir='ltr'><strong>miseri·</strong></span> 
     </span>
     <span class='ocr_line' id='line_1_18' title="bbox 201 2137 1331 2220; baseline -0.003 -17"><span class='ocrx_word' id='word_1_124' title='bbox 201 2139 480 2216; x_wconf 71' lang='lat' dir='ltr'><strong>cordiaecirca</strong></span> <span class='ocrx_word' id='word_1_125' title='bbox 505 2137 699 2220; x_wconf 87' lang='lat' dir='ltr'><strong>relinquatur</strong></span> <span class='ocrx_word' id='word_1_126' title='bbox 722 2139 818 2203; x_wconf 89' lang='lat' dir='ltr'><strong>etiam</strong></span> <span class='ocrx_word' id='word_1_127' title='bbox 841 2138 965 2203; x_wconf 88' lang='lat' dir='ltr'><strong>iustitia</strong></span> <span class='ocrx_word' id='word_1_128' title='bbox 980 2138 1171 2219; x_wconf 85' lang='lat' dir='ltr'><strong>discipliuae.</strong></span> <span class='ocrx_word' id='word_1_129' title='bbox 1205 2156 1278 2202; x_wconf 88' lang='lat' dir='ltr'><strong>uam</strong></span> <span class='ocrx_word' id='word_1_130' title='bbox 1300 2138 1331 2201; x_wconf 91' lang='lat' dir='ltr'><strong>et</strong></span> 
     </span>
     <span class='ocr_line' id='line_1_19' title="bbox 201 2240 1330 2324; baseline -0.002 -17"><span class='ocrx_word' id='word_1_131' title='bbox 201 2244 375 2324; x_wconf 82' lang='lat' dir='ltr'><strong>peccatum,</strong></span> <span class='ocrx_word' id='word_1_132' title='bbox 407 2241 488 2324; x_wconf 90' lang='lat' dir='ltr'><strong>quod</strong></span> <span class='ocrx_word' id='word_1_133' title='bbox 519 2241 654 2306; x_wconf 90' lang='lat' dir='ltr'><strong>inultum</strong></span> <span class='ocrx_word' id='word_1_134' title='bbox 685 2240 820 2318; x_wconf 81' lang='lat' dir='ltr'><strong>uidetur,</strong></span> <span class='ocrx_word' id='word_1_135' title='bbox 851 2240 946 2306; x_wconf 89' lang='lat' dir='ltr'><strong>habet</strong></span> <span class='ocrx_word' id='word_1_136' title='bbox 974 2240 1173 2322; x_wconf 88' lang='lat' dir='ltr'><strong>pedisequam</strong></span> <span class='ocrx_word' id='word_1_137' title='bbox 1196 2257 1330 2324; x_wconf 87' lang='lat' dir='ltr'><strong>poenam</strong></span> 
     </span>
     <span class='ocr_line' id='line_1_20' title="bbox 201 2342 1333 2425; baseline -0.004 -16"><span class='ocrx_word' id='word_1_138' title='bbox 201 2363 300 2425; x_wconf 85' lang='lat' dir='ltr'><strong>auam,</strong></span> <span class='ocrx_word' id='word_1_139' title='bbox 331 2347 367 2409; x_wconf 91' lang='lat' dir='ltr'><strong>ut</strong></span> <span class='ocrx_word' id='word_1_140' title='bbox 388 2362 480 2409; x_wconf 89' lang='lat' dir='ltr'><strong>nemo</strong></span> <span class='ocrx_word' id='word_1_141' title='bbox 509 2345 547 2409; x_wconf 91' lang='lat' dir='ltr'><strong>de</strong></span> <span class='ocrx_word' id='word_1_142' title='bbox 577 2344 713 2409; x_wconf 90' lang='lat' dir='ltr'><strong>admisso</strong></span> <span class='ocrx_word' id='word_1_143' title='bbox 744 2343 804 2407; x_wconf 86' lang='lat' dir='ltr'><strong>uisi</strong></span> <span class='ocrx_word' id='word_1_144' title='bbox 833 2344 889 2408; x_wconf 90' lang='lat' dir='ltr'><strong>aut</strong></span> <span class='ocrx_word' id='word_1_145' title='bbox 918 2342 1127 2408; x_wconf 89' lang='lat' dir='ltr'><strong>amaritudine</strong></span> <span class='ocrx_word' id='word_1_146' title='bbox 1149 2342 1252 2406; x_wconf 89' lang='lat' dir='ltr'><strong>doleat</strong></span> <span class='ocrx_word' id='word_1_147' title='bbox 1275 2346 1333 2406; x_wconf 84' lang='lat' dir='ltr'><strong>aut</strong></span> 
     </span>
    </p>
   </div>
   <div class='ocr_carea' id='block_1_4' title="bbox 200 2445 1374 3148">
    <p class='ocr_par' dir='ltr' id='par_1_4' title="bbox 200 2445 1374 3148">
     <span class='ocr_line' id='line_1_21' title="bbox 201 2445 1374 2531; baseline -0.005 -18"><span class='ocrx_word' id='word_1_148' title='bbox 201 2447 351 2514; x_wconf 88' lang='lat' dir='ltr'><strong>caecitate</strong></span> <span class='ocrx_word' id='word_1_149' title='bbox 374 2465 435 2511; x_wconf 92' lang='lat' dir='ltr'><strong>non</strong></span> <span class='ocrx_word' id='word_1_150' title='bbox 457 2447 569 2512; x_wconf 89' lang='lat' dir='ltr'><strong>doleat.</strong></span> <span class='ocrx_word' id='word_1_151' title='bbox 599 2448 681 2511; x_wconf 85' lang='lat' dir='ltr'><strong>siout</strong></span> <span class='ocrx_word' id='word_1_152' title='bbox 703 2465 775 2531; x_wconf 83' lang='lat' dir='ltr'><strong>orgo</strong></span> <span class='ocrx_word' id='word_1_153' title='bbox 798 2450 834 2511; x_wconf 90' lang='lat' dir='ltr'><strong>tu</strong></span> <span class='ocrx_word' id='word_1_154' title='bbox 856 2447 954 2512; x_wconf 89' lang='lat' dir='ltr'><strong>dicis:</strong></span> <span class='ocrx_word' id='word_1_155' title='bbox 987 2466 1060 2530; x_wconf 79' lang='lat' dir='ltr'><strong>„cnr</strong></span> <span class='ocrx_word' id='word_1_156' title='bbox 1081 2445 1239 2528; x_wconf 86' lang='lat' dir='ltr'><strong>permittit</strong></span> <span class='ocrx_word' id='word_1_157' title='bbox 1260 2447 1328 2523; x_wconf 68' lang='lat' dir='ltr'><strong>ista,</strong></span> <span class='ocrx_word' id='word_1_158' title='bbox 1344 2454 1374 2501; x_wconf 69' lang='grc' dir='ltr'><strong>Ξ</strong></span> 
     </span>
     <span class='ocr_line' id='line_1_22' title="bbox 200 2546 1329 2634; baseline -0.001 -21"><span class='ocrx_word' id='word_1_159' title='bbox 200 2549 228 2614; x_wconf 87' lang='lat' dir='ltr'><strong>si</strong></span> <span class='ocrx_word' id='word_1_160' title='bbox 243 2550 454 2633; x_wconf 79' lang='lat' dir='ltr'><strong>displiceut“?</strong></span> <span class='ocrx_word' id='word_1_161' title='bbox 475 2549 521 2614; x_wconf 89' lang='lat' dir='ltr'><strong>ita</strong></span> <span class='ocrx_word' id='word_1_162' title='bbox 536 2568 592 2634; x_wconf 84' lang='lat' dir='ltr'><strong>ego</strong></span> <span class='ocrx_word' id='word_1_163' title='bbox 608 2551 691 2614; x_wconf 82' lang='lat' dir='ltr'><strong>dico:</strong></span> <span class='ocrx_word' id='word_1_164' title='bbox 709 2566 783 2634; x_wconf 84' lang='lat' dir='ltr'><strong>„cur</strong></span> <span class='ocrx_word' id='word_1_165' title='bbox 797 2551 888 2631; x_wconf 91' lang='lat' dir='ltr'><strong>punit</strong></span> <span class='ocrx_word' id='word_1_166' title='bbox 903 2548 973 2628; x_wconf 83' lang='lat' dir='ltr'><strong>ista,</strong></span> <span class='ocrx_word' id='word_1_167' title='bbox 989 2549 1016 2615; x_wconf 89' lang='lat' dir='ltr'><strong>si</strong></span> <span class='ocrx_word' id='word_1_168' title='bbox 1031 2546 1201 2631; x_wconf 77' lang='lat' dir='ltr'><strong>plaoent“?</strong></span> <span class='ocrx_word' id='word_1_169' title='bbox 1224 2565 1261 2611; x_wconf 86' lang='lat' dir='ltr'><strong>ao</strong></span> <span class='ocrx_word' id='word_1_170' title='bbox 1275 2565 1329 2630; x_wconf 89' lang='lat' dir='ltr'><strong>por</strong></span> 
     </span>
     <span class='ocr_line' id='line_1_23' title="bbox 202 2650 1329 2736; baseline -0.002 -21"><span class='ocrx_word' id='word_1_171' title='bbox 202 2652 269 2736; x_wconf 89' lang='lat' dir='ltr'><strong>hoc,</strong></span> <span class='ocrx_word' id='word_1_172' title='bbox 293 2653 375 2717; x_wconf 88' lang='lat' dir='ltr'><strong>sicut</strong></span> <span class='ocrx_word' id='word_1_173' title='bbox 398 2670 455 2736; x_wconf 86' lang='lat' dir='ltr'><strong>ego</strong></span> <span class='ocrx_word' id='word_1_174' title='bbox 477 2652 625 2717; x_wconf 87' lang='lat' dir='ltr'><strong>confiteor</strong></span> <span class='ocrx_word' id='word_1_175' title='bbox 647 2654 727 2734; x_wconf 89' lang='lat' dir='ltr'><strong>quod</strong></span> <span class='ocrx_word' id='word_1_176' title='bbox 750 2652 875 2717; x_wconf 92' lang='lat' dir='ltr'><strong>omnino</strong></span> <span class='ocrx_word' id='word_1_177' title='bbox 897 2652 959 2717; x_wconf 89' lang='lat' dir='ltr'><strong>ista</strong></span> <span class='ocrx_word' id='word_1_178' title='bbox 980 2670 1042 2717; x_wconf 94' lang='lat' dir='ltr'><strong>non</strong></span> <span class='ocrx_word' id='word_1_179' title='bbox 1063 2650 1183 2729; x_wconf 87' lang='lat' dir='ltr'><strong>fierent,</strong></span> <span class='ocrx_word' id='word_1_180' title='bbox 1207 2651 1269 2714; x_wconf 91' lang='lat' dir='ltr'><strong>nisi</strong></span> <span class='ocrx_word' id='word_1_181' title='bbox 1291 2650 1329 2713; x_wconf 87' lang='lat' dir='ltr'><strong>ab</strong></span> 
     </span>
     <span class='ocr_line' id='line_1_24' title="bbox 202 2753 1329 2837; baseline -0.003 -18"><span class='ocrx_word' id='word_1_182' title='bbox 202 2753 413 2837; x_wconf 84' lang='lat' dir='ltr'><strong>omnipotente</strong></span> <span class='ocrx_word' id='word_1_183' title='bbox 436 2756 702 2837; x_wconf 81' lang='lat' dir='ltr'><strong>permitterentur,</strong></span> <span class='ocrx_word' id='word_1_184' title='bbox 725 2757 771 2821; x_wconf 92' lang='lat' dir='ltr'><strong>ita</strong></span> <span class='ocrx_word' id='word_1_185' title='bbox 792 2757 828 2820; x_wconf 89' lang='lat' dir='ltr'><strong>tu</strong></span> <span class='ocrx_word' id='word_1_186' title='bbox 849 2754 994 2820; x_wconf 87' lang='lat' dir='ltr'><strong>confitere</strong></span> <span class='ocrx_word' id='word_1_187' title='bbox 1016 2753 1157 2819; x_wconf 83' lang='lat' dir='ltr'><strong>facienda</strong></span> <span class='ocrx_word' id='word_1_188' title='bbox 1178 2771 1240 2818; x_wconf 93' lang='lat' dir='ltr'><strong>non</strong></span> <span class='ocrx_word' id='word_1_189' title='bbox 1262 2770 1329 2816; x_wconf 85' lang='lat' dir='ltr'><strong>esse</strong></span> 
     </span>
     <span class='ocr_line' id='line_1_25' title="bbox 201 2857 1329 2943; baseline -0.005 -19"><span class='ocrx_word' id='word_1_190' title='bbox 201 2877 279 2943; x_wconf 87' lang='lat' dir='ltr'><strong>quae</strong></span> <span class='ocrx_word' id='word_1_191' title='bbox 295 2877 314 2925; x_wconf 92' lang='lat' dir='ltr'><strong>a</strong></span> <span class='ocrx_word' id='word_1_192' title='bbox 328 2859 409 2923; x_wconf 90' lang='lat' dir='ltr'><strong>insto</strong></span> <span class='ocrx_word' id='word_1_193' title='bbox 431 2859 614 2941; x_wconf 88' lang='lat' dir='ltr'><strong>puniuntur,</strong></span> <span class='ocrx_word' id='word_1_194' title='bbox 638 2860 675 2923; x_wconf 89' lang='lat' dir='ltr'><strong>ut</strong></span> <span class='ocrx_word' id='word_1_195' title='bbox 697 2878 758 2924; x_wconf 93' lang='lat' dir='ltr'><strong>nou</strong></span> <span class='ocrx_word' id='word_1_196' title='bbox 775 2857 917 2925; x_wconf 83' lang='lat' dir='ltr'><strong>faciendo</strong></span> <span class='ocrx_word' id='word_1_197' title='bbox 940 2876 1019 2940; x_wconf 90' lang='lat' dir='ltr'><strong>quae</strong></span> <span class='ocrx_word' id='word_1_198' title='bbox 1039 2857 1130 2940; x_wconf 91' lang='lat' dir='ltr'><strong>punit</strong></span> <span class='ocrx_word' id='word_1_199' title='bbox 1150 2872 1329 2920; x_wconf 87' lang='lat' dir='ltr'><strong>mereamur</strong></span> 
     </span>
     <span class='ocr_line' id='line_1_26' title="bbox 200 2958 1374 3045; baseline -0.003 -20"><span class='ocrx_word' id='word_1_200' title='bbox 200 2963 240 3027; x_wconf 91' lang='lat' dir='ltr'><strong>ab</strong></span> <span class='ocrx_word' id='word_1_201' title='bbox 262 2981 297 3027; x_wconf 89' lang='lat' dir='ltr'><strong>eo</strong></span> <span class='ocrx_word' id='word_1_202' title='bbox 320 2962 446 3037; x_wconf 87' lang='lat' dir='ltr'><strong>discere,</strong></span> <span class='ocrx_word' id='word_1_203' title='bbox 470 2981 525 3027; x_wconf 89' lang='lat' dir='ltr'><strong>our</strong></span> <span class='ocrx_word' id='word_1_204' title='bbox 546 2962 704 3045; x_wconf 86' lang='lat' dir='ltr'><strong>permittit</strong></span> <span class='ocrx_word' id='word_1_205' title='bbox 726 2979 792 3026; x_wconf 89' lang='lat' dir='ltr'><strong>esse</strong></span> <span class='ocrx_word' id='word_1_206' title='bbox 808 2980 886 3044; x_wconf 87' lang='lat' dir='ltr'><strong>quae</strong></span> <span class='ocrx_word' id='word_1_207' title='bbox 907 2960 1025 3043; x_wconf 86' lang='lat' dir='ltr'><strong>puniat.</strong></span> <span class='ocrx_word' id='word_1_208' title='bbox 1057 2958 1374 3041; x_wconf 65' lang='lat' dir='ltr'><strong>perlectorumt</strong></span> 
     </span>
     <span class='ocr_line' id='line_1_27' title="bbox 200 3060 1329 3148; baseline -0.004 -19"><span class='ocrx_word' id='word_1_209' title='bbox 200 3067 265 3131; x_wconf 88' lang='lat' dir='ltr'><strong>eet</strong></span> <span class='ocrx_word' id='word_1_210' title='bbox 294 3067 387 3145; x_wconf 89' lang='lat' dir='ltr'><strong>enim,</strong></span> <span class='ocrx_word' id='word_1_211' title='bbox 423 3065 506 3129; x_wconf 89' lang='lat' dir='ltr'><strong>sicut</strong></span> <span class='ocrx_word' id='word_1_212' title='bbox 536 3065 689 3147; x_wconf 88' lang='lat' dir='ltr'><strong>scriptum</strong></span> <span class='ocrx_word' id='word_1_213' title='bbox 720 3067 776 3148; x_wconf 85' lang='lat' dir='ltr'><strong>est,</strong></span> <span class='ocrx_word' id='word_1_214' title='bbox 810 3063 965 3128; x_wconf 80' lang='lat' dir='ltr'><strong>solidur</strong></span> <span class='ocrx_word' id='word_1_215' title='bbox 996 3062 1121 3139; x_wconf 86' lang='lat' dir='ltr'><strong>cibus;</strong></span> <span class='ocrx_word' id='word_1_216' title='bbox 1155 3061 1188 3125; x_wconf 93' lang='lat' dir='ltr'><strong>in</strong></span> <span class='ocrx_word' id='word_1_217' title='bbox 1212 3078 1273 3142; x_wconf 88' lang='lat' dir='ltr'><strong>quo</strong></span> <span class='ocrx_word' id='word_1_218' title='bbox 1296 3060 1329 3126; x_wconf 91' lang='lat' dir='ltr'><strong>hi</strong></span> 
     </span>
    </p>
   </div>
   <div class='ocr_carea' id='block_1_5' title="bbox 303 3302 532 3368">
    <p class='ocr_par' dir='ltr' id='par_1_5' title="bbox 303 3302 532 3368">
     <span class='ocr_line' id='line_1_28' title="bbox 303 3302 532 3368; baseline -0.004 -9"><span class='ocrx_word' id='word_1_219' title='bbox 303 3302 338 3359; x_wconf 78' lang='lat'><strong>25</strong></span> <span class='ocrx_word' id='word_1_220' title='bbox 356 3303 436 3357; x_wconf 91' lang='lat' dir='ltr'><strong>Hebr.</strong></span> <span class='ocrx_word' id='word_1_221' title='bbox 453 3305 479 3368; x_wconf 87' lang='grc'><strong>5,</strong></span> <span class='ocrx_word' id='word_1_222' title='bbox 499 3303 532 3358; x_wconf 83' lang='grc'><strong>14</strong></span> 
     </span>
    </p>
   </div>
   <div class='ocr_carea' id='block_1_6' title="bbox 197 3522 1332 4282">
    <p class='ocr_par' dir='ltr' id='par_1_6' title="bbox 199 3522 1332 4109">
     <span class='ocr_line' id='line_1_29' title="bbox 251 3522 1260 3594; baseline -0.002 -16"><span class='ocrx_word' id='word_1_223' title='bbox 251 3524 478 3581; x_wconf 82' lang='lat' dir='ltr'><strong>2mauicheornm</strong></span> <span class='ocrx_word' id='word_1_224' title='bbox 491 3524 546 3581; x_wconf 82' lang='grc' dir='ltr'><strong>ΔΡ</strong></span> <span class='ocrx_word' id='word_1_225' title='bbox 639 3524 804 3594; x_wconf 74' lang='lat' dir='ltr'><strong>dqnaelqni</strong></span> <span class='ocrx_word' id='word_1_226' title='bbox 817 3525 844 3577; x_wconf 79' lang='lat' dir='ltr'><strong><em>A</em></strong></span> <span class='ocrx_word' id='word_1_227' title='bbox 937 3523 1207 3578; x_wconf 79' lang='lat' dir='ltr'><strong>beontamiuationee</strong></span> <span class='ocrx_word' id='word_1_228' title='bbox 1219 3522 1260 3577; x_wconf 77' lang='grc' dir='ltr'><strong>Ρ·</strong></span> 
     </span>
     <span class='ocr_line' id='line_1_30' title="bbox 199 3608 1330 3681; baseline -0.001 -19"><span class='ocrx_word' id='word_1_229' title='bbox 199 3610 431 3679; x_wconf 85' lang='lat' dir='ltr'><strong>corruptioneeP¹</strong></span> <span class='ocrx_word' id='word_1_230' title='bbox 526 3609 964 3681; x_wconf 75' lang='lat' dir='ltr'><strong>dequibus-crediturAGPo:</strong></span> <span class='ocrx_word' id='word_1_231' title='bbox 992 3626 1041 3665; x_wconf 71' lang='lat' dir='ltr'><strong>ocra.</strong></span> <span class='ocrx_word' id='word_1_232' title='bbox 1054 3608 1119 3663; x_wconf 78' lang='lat' dir='ltr'><strong>MV</strong></span> <span class='ocrx_word' id='word_1_233' title='bbox 1212 3608 1330 3663; x_wconf 69' lang='lat' dir='ltr'><strong>lucon-</strong></span> 
     </span>
     <span class='ocr_line' id='line_1_31' title="bbox 200 3694 1331 3766; baseline -0.001 -18"><span class='ocrx_word' id='word_1_234' title='bbox 200 3695 368 3750; x_wconf 86' lang='lat' dir='ltr'><strong>tamiuabilia</strong></span> <span class='ocrx_word' id='word_1_235' title='bbox 385 3696 424 3764; x_wconf 86' lang='lat' dir='ltr'><strong>(iu</strong></span> <span class='ocrx_word' id='word_1_236' title='bbox 437 3700 505 3765; x_wconf 82' lang='lat' dir='ltr'><strong>roe.)</strong></span> <span class='ocrx_word' id='word_1_237' title='bbox 524 3698 551 3752; x_wconf 92' lang='lat' dir='ltr'><em>P</em></span> <span class='ocrx_word' id='word_1_238' title='bbox 636 3697 709 3766; x_wconf 86' lang='lat' dir='ltr'><strong>9iu]</strong></span> <span class='ocrx_word' id='word_1_239' title='bbox 728 3712 778 3751; x_wconf 75' lang='lat' dir='ltr'><strong>ona</strong></span> <span class='ocrx_word' id='word_1_240' title='bbox 797 3696 825 3751; x_wconf 92' lang='lat' dir='ltr'><strong><em>P</em></strong></span> <span class='ocrx_word' id='word_1_241' title='bbox 909 3696 1076 3751; x_wconf 84' lang='lat' dir='ltr'><strong>excusatione</strong></span> <span class='ocrx_word' id='word_1_242' title='bbox 1094 3695 1133 3750; x_wconf 90' lang='lat' dir='ltr'><strong>P¹</strong></span> <span class='ocrx_word' id='word_1_243' title='bbox 1221 3694 1255 3748; x_wconf 92' lang='grc'><strong>12</strong></span> <span class='ocrx_word' id='word_1_244' title='bbox 1271 3710 1331 3764; x_wconf 85' lang='lat' dir='ltr'><strong>per·</strong></span> 
     </span>
     <span class='ocr_line' id='line_1_32' title="bbox 200 3780 1332 3852; baseline 0.002 -19"><span class='ocrx_word' id='word_1_245' title='bbox 200 3780 318 3834; x_wconf 83' lang='lat' dir='ltr'><strong>mitterit</strong></span> <span class='ocrx_word' id='word_1_246' title='bbox 332 3782 370 3837; x_wconf 84' lang='lat' dir='ltr'><strong>P¹</strong></span> <span class='ocrx_word' id='word_1_247' title='bbox 455 3783 588 3852; x_wconf 77' lang='lat' dir='ltr'><strong>imponite</strong></span> <span class='ocrx_word' id='word_1_248' title='bbox 604 3784 633 3837; x_wconf 76' lang='lat' dir='ltr'><strong><em>A</em></strong></span> <span class='ocrx_word' id='word_1_249' title='bbox 719 3783 752 3837; x_wconf 85' lang='lat'><strong>13</strong></span> <span class='ocrx_word' id='word_1_250' title='bbox 770 3782 882 3851; x_wconf 84' lang='lat' dir='ltr'><strong>suplicio</strong></span> <span class='ocrx_word' id='word_1_251' title='bbox 901 3782 929 3837; x_wconf 91' lang='lat' dir='ltr'><strong><em>P</em></strong></span> <span class='ocrx_word' id='word_1_252' title='bbox 1014 3785 1179 3850; x_wconf 79' lang='lat' dir='ltr'><strong>sempeterna</strong></span> <span class='ocrx_word' id='word_1_253' title='bbox 1197 3785 1222 3845; x_wconf 89' lang='lat' dir='ltr'><strong>(e</strong></span> <span class='ocrx_word' id='word_1_254' title='bbox 1239 3781 1332 3835; x_wconf 75' lang='lat' dir='ltr'><strong>olim</strong></span> 
     </span>
     <span class='ocr_line' id='line_1_33' title="bbox 199 3865 1331 3939; baseline 0.001 -19"><span class='ocrx_word' id='word_1_255' title='bbox 199 3882 235 3920; x_wconf 76' lang='lat' dir='ltr'><strong>ec</strong></span> <span class='ocrx_word' id='word_1_256' title='bbox 252 3865 263 3920; x_wconf 91' lang='lat' dir='ltr'><strong>i</strong></span> <span class='ocrx_word' id='word_1_257' title='bbox 280 3868 360 3929; x_wconf 66' lang='lat' dir='ltr'><strong>corr.)</strong></span> <span class='ocrx_word' id='word_1_258' title='bbox 379 3868 407 3921; x_wconf 79' lang='lat' dir='ltr'><strong><em>A</em></strong></span> <span class='ocrx_word' id='word_1_259' title='bbox 500 3868 533 3923; x_wconf 89' lang='grc'><strong>16</strong></span> <span class='ocrx_word' id='word_1_260' title='bbox 550 3867 674 3939; x_wconf 87' lang='lat' dir='ltr'><strong>debebat]</strong></span> <span class='ocrx_word' id='word_1_261' title='bbox 693 3868 789 3922; x_wconf 84' lang='lat' dir='ltr'><strong>debeat</strong></span> <span class='ocrx_word' id='word_1_262' title='bbox 808 3867 851 3923; x_wconf 89' lang='lat' dir='ltr'><strong>Po</strong></span> <span class='ocrx_word' id='word_1_263' title='bbox 937 3868 1053 3922; x_wconf 88' lang='lat' dir='ltr'><strong>solueret</strong></span> <span class='ocrx_word' id='word_1_264' title='bbox 1070 3865 1107 3920; x_wconf 71' lang='grc' dir='ltr'><strong>Ρι</strong></span> <span class='ocrx_word' id='word_1_265' title='bbox 1200 3865 1234 3920; x_wconf 87' lang='lat'><strong>18</strong></span> <span class='ocrx_word' id='word_1_266' title='bbox 1253 3865 1331 3935; x_wconf 85' lang='lat' dir='ltr'><strong>pede-</strong></span> 
     </span>
     <span class='ocr_line' id='line_1_34' title="bbox 200 3950 1331 4023; baseline 0.003 -18"><span class='ocrx_word' id='word_1_267' title='bbox 200 3958 283 4022; x_wconf 74' lang='lat' dir='ltr'><strong>aequa</strong></span> <span class='ocrx_word' id='word_1_268' title='bbox 297 3955 375 4022; x_wconf 70' lang='lat' dir='ltr'><strong>(equa</strong></span> <span class='ocrx_word' id='word_1_269' title='bbox 392 3970 411 4007; x_wconf 86' lang='lat' dir='ltr'><strong>a</strong></span> <span class='ocrx_word' id='word_1_270' title='bbox 427 3956 495 4009; x_wconf 74' lang='lat' dir='ltr'><strong>m.2</strong></span> <span class='ocrx_word' id='word_1_271' title='bbox 512 3954 544 4008; x_wconf 75' lang='grc' dir='ltr'><strong>ιι</strong></span> <span class='ocrx_word' id='word_1_272' title='bbox 561 3957 627 4023; x_wconf 82' lang='lat' dir='ltr'><strong>roe.)</strong></span> <span class='ocrx_word' id='word_1_273' title='bbox 646 3954 675 4009; x_wconf 89' lang='lat' dir='ltr'><em>P</em></span> <span class='ocrx_word' id='word_1_274' title='bbox 776 3954 809 4008; x_wconf 86' lang='lat'><strong>19</strong></span> <span class='ocrx_word' id='word_1_275' title='bbox 827 3953 952 4007; x_wconf 84' lang='lat' dir='ltr'><strong>ammisso</strong></span> <span class='ocrx_word' id='word_1_276' title='bbox 972 3953 1080 4020; x_wconf 79' lang='lat' dir='ltr'><strong>(amireo</strong></span> <span class='ocrx_word' id='word_1_277' title='bbox 1101 3953 1154 4018; x_wconf 87' lang='lat' dir='ltr'><strong>Po)</strong></span> <span class='ocrx_word' id='word_1_278' title='bbox 1172 3950 1225 4004; x_wconf 89' lang='lat' dir='ltr'><strong>nisi</strong></span> <span class='ocrx_word' id='word_1_279' title='bbox 1244 3952 1331 4008; x_wconf 84' lang='lat' dir='ltr'><strong>APo:</strong></span> 
     </span>
     <span class='ocr_line' id='line_1_35' title="bbox 199 4036 1260 4109; baseline 0.001 -18"><span class='ocrx_word' id='word_1_280' title='bbox 199 4036 371 4092; x_wconf 76' lang='lat' dir='ltr'><strong>admissionis</strong></span> <span class='ocrx_word' id='word_1_281' title='bbox 401 4037 428 4091; x_wconf 88' lang='lat' dir='ltr'><strong><em>V</em></strong></span> <span class='ocrx_word' id='word_1_282' title='bbox 553 4043 602 4094; x_wconf 87' lang='lat' dir='ltr'><strong>ant</strong></span> <span class='ocrx_word' id='word_1_283' title='bbox 627 4039 896 4109; x_wconf 84' lang='lat' dir='ltr'><strong>coecitate-doleat]</strong></span> <span class='ocrx_word' id='word_1_284' title='bbox 925 4038 990 4093; x_wconf 83' lang='lat' dir='ltr'><strong>odd.</strong></span> <span class='ocrx_word' id='word_1_285' title='bbox 1019 4038 1058 4092; x_wconf 79' lang='lat' dir='ltr'><strong>A²</strong></span> <span class='ocrx_word' id='word_1_286' title='bbox 1083 4052 1159 4107; x_wconf 76' lang='lat' dir='ltr'><strong>supr.</strong></span> <span class='ocrx_word' id='word_1_287' title='bbox 1186 4053 1260 4092; x_wconf 77' lang='lat' dir='ltr'><strong>aere.</strong></span> 
     </span>
    </p>

    <p class='ocr_par' dir='ltr' id='par_1_7' title="bbox 197 4123 1331 4282">
     <span class='ocr_line' id='line_1_36' title="bbox 198 4123 1331 4196; baseline 0.002 -19"><span class='ocrx_word' id='word_1_288' title='bbox 198 4125 230 4180; x_wconf 82' lang='lat'><strong>21</strong></span> <span class='ocrx_word' id='word_1_289' title='bbox 251 4123 341 4193; x_wconf 86' lang='lat' dir='ltr'><strong>punit]</strong></span> <span class='ocrx_word' id='word_1_290' title='bbox 359 4125 436 4193; x_wconf 89' lang='lat' dir='ltr'><strong>pouit</strong></span> <span class='ocrx_word' id='word_1_291' title='bbox 453 4125 517 4180; x_wconf 81' lang='lat' dir='ltr'><strong>AP¹</strong></span> <span class='ocrx_word' id='word_1_292' title='bbox 613 4126 648 4180; x_wconf 90' lang='grc'><strong>23</strong></span> <span class='ocrx_word' id='word_1_293' title='bbox 665 4124 785 4181; x_wconf 83' lang='lat' dir='ltr'><strong>confiteri</strong></span> <span class='ocrx_word' id='word_1_294' title='bbox 801 4125 835 4193; x_wconf 90' lang='lat' dir='ltr'><strong>(ri</strong></span> <span class='ocrx_word' id='word_1_295' title='bbox 853 4126 885 4180; x_wconf 76' lang='lat' dir='ltr'><strong>io</strong></span> <span class='ocrx_word' id='word_1_296' title='bbox 902 4141 930 4179; x_wconf 90' lang='lat' dir='ltr'><strong>re</strong></span> <span class='ocrx_word' id='word_1_297' title='bbox 948 4141 1017 4180; x_wconf 84' lang='lat' dir='ltr'><strong>corr.</strong></span> <span class='ocrx_word' id='word_1_298' title='bbox 1031 4141 1065 4179; x_wconf 86' lang='lat' dir='ltr'><strong>m.</strong></span> <span class='ocrx_word' id='word_1_299' title='bbox 1078 4126 1108 4192; x_wconf 73' lang='lat'><strong>2)</strong></span> <span class='ocrx_word' id='word_1_300' title='bbox 1126 4123 1155 4178; x_wconf 91' lang='lat' dir='ltr'><strong><em>P</em></strong></span> <span class='ocrx_word' id='word_1_301' title='bbox 1248 4124 1285 4179; x_wconf 84' lang='grc'><strong>24</strong></span> <span class='ocrx_word' id='word_1_302' title='bbox 1302 4125 1331 4196; x_wconf 83' lang='grc' dir='ltr'>ι]</span> 
     </span>
     <span class='ocr_line' id='line_1_37' title="bbox 197 4209 1264 4282; baseline -0.002 -17"><span class='ocrx_word' id='word_1_303' title='bbox 197 4209 297 4267; x_wconf 80' lang='lat' dir='ltr'><strong>onnV</strong></span> <span class='ocrx_word' id='word_1_304' title='bbox 388 4212 533 4280; x_wconf 85' lang='lat' dir='ltr'><strong>pouinntur</strong></span> <span class='ocrx_word' id='word_1_305' title='bbox 551 4214 579 4266; x_wconf 76' lang='lat' dir='ltr'><strong><em>A</em></strong></span> <span class='ocrx_word' id='word_1_306' title='bbox 676 4213 764 4282; x_wconf 85' lang='lat' dir='ltr'><strong>punit]</strong></span> <span class='ocrx_word' id='word_1_307' title='bbox 783 4212 859 4281; x_wconf 88' lang='lat' dir='ltr'><strong>ponit</strong></span> <span class='ocrx_word' id='word_1_308' title='bbox 876 4212 903 4266; x_wconf 79' lang='lat' dir='ltr'><em>A</em></span> <span class='ocrx_word' id='word_1_309' title='bbox 999 4211 1033 4265; x_wconf 87' lang='grc'><strong>26</strong></span> <span class='ocrx_word' id='word_1_310' title='bbox 1050 4210 1094 4264; x_wconf 78' lang='lat' dir='ltr'><strong>hi·</strong></span> <span class='ocrx_word' id='word_1_311' title='bbox 1110 4211 1130 4275; x_wconf 89' lang='lat' dir='ltr'><strong>(l</strong></span> <span class='ocrx_word' id='word_1_312' title='bbox 1147 4211 1214 4276; x_wconf 82' lang='lat' dir='ltr'><strong>roa.)</strong></span> <span class='ocrx_word' id='word_1_313' title='bbox 1234 4209 1264 4264; x_wconf 91' lang='lat' dir='ltr'><strong><em>P</em></strong></span> 
     </span>
    </p>
   </div>
   <div class='ocr_carea' id='block_1_7' title="bbox 0 0 1384 4814">
    <p class='ocr_par' dir='ltr' id='par_1_8' title="bbox 0 0 1384 4814">
     <span class='ocr_line' id='line_1_38' title="bbox 0 0 1384 4814; baseline 0 0"><span class='ocrx_word' id='word_1_314' title='bbox 0 0 1384 4814; x_wconf 95' lang='lat' dir='ltr'><strong> </strong></span> 
     </span>
    </p>
   </div>
  </div>
 </body>
</html>
