2760 4814
160 269 224 338 328
647 265 810 336 tortarii
841 306 844 314 ·

158 460 367 525 aeternam.
406 459 546 540 quaestio
576 462 625 522 est
654 456 807 540 quomado
839 457 951 521 dixerit
973 460 1191 538 aeternam,
1221 474 1294 522 cum

159 562 336 627 Israhelitis
352 563 566 644 temporaIIter
581 564 656 626 data
671 562 728 627 sit:
748 565 855 626 utrum
868 562 1043 626 seeundum
1061 561 1117 626 hoc
1132 561 1293 626 saeculum

159 665 245 730 diota
278 665 321 730 sit
354 671 489 746 aeterne,
523 669 560 732 ut
589 666 628 731 ub
660 684 695 730 eo
724 664 808 748 quod
829 668 878 730 est
898 659 979 730 αἶών
1001 683 1120 748 graece,
1154 668 1237 749 quod
1258 669 1293 731 et

158 768 316 834 saeculum
349 769 514 853 significat,
549 768 669 834 dictum
702 769 745 834 sit
777 759 917 843 αἰώνιον,
951 768 1112 851 tamquam
1141 770 1169 833 si
1191 768 1292 834 latine

159 871 221 936 dici
243 874 348 955 posset
370 874 543 956 saeculare,
577 890 617 936 un
640 891 675 936 ex
697 871 756 936 hoc
777 871 898 953 aliquid
921 871 1091 937 secundum
1114 871 1290 954 spiritalem
1315 892 1330 931 ι

157 965 395 1056 promissionem
410 975 462 1040 hic
476 975 659 1058 intellegere
676 992 836 1059 cogemur,
853 978 890 1039 ut
906 975 1068 1040 aeternum
1084 974 1152 1040 ideo
1168 975 1292 1039 dictum

158 1079 209 1157 sit,
234 1079 306 1161 quie
327 1077 401 1143 lunc
423 1080 585 1143 ueternum
601 1076 720 1160 aliquid
743 1076 951 1160 significetur.
981 1095 1020 1142 eu
1040 1078 1144 1159 potius
1160 1078 1292 1144 locutio-

157 1181 206 1246 nis
240 1184 288 1246 est
320 1181 557 1265 seripturarum,
594 1184 628 1246 ut
653 1184 815 1246 aeternum
844 1180 1004 1264 appellent
1034 1183 1189 1246 cuiusrei
1219 1180 1291 1246 linis

158 1302 219 1351 non
247 1286 451 1352 constituitur
485 1286 541 1351 aut
569 1301 630 1349 non
654 1284 699 1350 ita
719 1281 766 1361 fit,
798 1289 835 1348 ut
857 1284 1000 1367 deinceps
1024 1302 1085 1348 non
1107 1284 1151 1348 ιιι
1173 1283 1290 1349 iacien-

157 1391 243 1469 dum,
275 1389 428 1471 quantum
463 1386 601 1471 pertinet
627 1386 669 1453 ad
699 1404 807 1452 curam
837 1388 889 1452 uel
917 1389 1106 1471 potestatem
1128 1385 1328 1465 iacientis310

158 1493 240 1559 mont
261 1493 308 1558 ait
329 1493 495 1558 Horatius:

367 1612 483 1678 seruiet
504 1614 665 1678 aeternum
690 1612 742 1696 qui
764 1630 861 1695 paruo
883 1612 1002 1678 nesciet
1023 1612 1080 1678 uti.

158 1749 220 1797 nun
249 1728 332 1796 enim
365 1733 470 1818 potest
499 1734 531 1797 in
553 1733 714 1798 aeternum
744 1732 871 1810 seruire,
902 1730 990 1798 cuius
1022 1733 1091 1816 ipse
1121 1729 1196 1809 uita,
1226 1750 1288 1814 que

157 1836 263 1909 seruit,
287 1835 412 1901 aeterna
434 1852 499 1900 esse
522 1853 582 1901 non
605 1826 721 1919 potest.
759 1835 840 1918 quod
871 1836 1088 1902 testimonium
1112 1852 1173 1899 non
1195 1832 1288 1900 edhi-

156 1938 271 2023 berem,
293 1938 354 2004 nisi
377 1938 544 2005 locutionis
567 1941 663 2016 esset;
699 1936 865 2005 uerborum
889 1940 1003 2023 quippe
1025 1939 1075 2005 illi
1097 1941 1172 2003 suut
1195 1937 1287 2003 noble
1299 1958 1324 1999 ιι

157 2041 310 2125 auctores,
334 2058 397 2107 non
418 2059 524 2107 rerum
547 2041 600 2107 uel
623 2040 861 2107 sententiarum.
899 2043 926 2108 si
948 2043 1054 2107 eutem
1077 2039 1289 2106 defenduntur

155 2143 325 2227 scripturae
359 2144 531 2210 secundum
564 2135 738 2210 Iocut'Iones
768 2146 919 2228 proprias,
955 2162 1033 2227 quae
1055 2143 1208 2210 idiomata
1230 2163 1285 2210 uo·

154 2249 274 2331 cantur,
307 2249 422 2330 quanto
452 2246 554 2332 magis
584 2247 753 2314 secundum
780 2265 831 2313 eas
865 2265 941 2330 quas
970 2264 1041 2313 cum
1073 2246 1144 2313 aliis
1167 2246 1286 2332 linguis

155 2369 336 2417 communes
359 2350 501 2416 habent?

639 2636 790 2724 LXXII.
1294 2679 1320 2719 ,ι

193 2829 241 2878 EX
263 2829 381 2877 EODEM
403 2826 507 2878 LIBRO
530 2828 775 2891 QVAESTIONVM
798 2831 844 2877 DE
868 2829 1001 2880 OENESI.
1037 2831 1239 2892 SOIEBAM,

152 2932 320 2995 INQVIT,
358 2932 471 2993 QVOD
509 2932 765 2980 consulrvln
802 2931 935 2981 EILIIS
972 2932 1061 2981 SVIS
1096 2935 1199 2982 POST
1237 2936 1283 2983 SE

444 3035 682 3084 CVSTODIRE
704 3035 802 3085 VIAS
825 3032 991 3085 DOMINI.

97 3140 139 3245 EI
194 3172 372 3241 Sciebam
404 3172 505 3238 enim
538 3173 628 3256 quia
658 3176 874 3240 constituti
904 3173 1009 3239 filiIs
1040 3175 1125 3240 suis
1157 3177 1197 3240 et
1219 3175 1282 3241 do·

151 3278 228 3342 mui
251 3295 344 3343 suae
366 3281 454 3361 post
477 3292 533 3352 se,
557 3279 595 3342 et
618 3277 847 3342 custodient
870 3277 956 3342 uias
979 3277 1127 3343 domini
1150 3277 1320 3348 incerere

252 3481 285 3535 m
302 3478 367 3537 uer.
387 3479 472 3548 apro.
490 3480 513 3545 1,
533 3479 573 3542 ιο,
592 3481 626 3535 41
725 3481 756 3534 ar
777 3481 817 3548 (ee
833 3460 878 3548 ar)
897 3479 963 3535 een.
982 3480 1023 3548 re,
1043 3476 1074 3534 19

198 3669 549 3725 autam-notescam.
565 3671 601 3726 Τι
687 3669 831 3741 saeculum]
845 3659 901 3725 ιῖιῖι
917 3671 951 3726 Τ1
1041 3658 1211 3726 Βῶιῖιιινι

146 3773 184 3844 e]
203 3775 248 3827 oc
263 3771 305 3828 re
389 3773 470 3842 reru
489 3781 537 3828 eo
624 3763 735 3833 roffi
752 3774 806 3830 rr
830 3789 894 3828 aeon
908 3775 981 3829 nurse
1000 3774 1044 3830 Pe
1129 3779 1282 3850 umquam]

146 3873 226 3929 quom
243 3858 296 3914 Pe·
380 3858 502 3930 5porsit
519 3860 562 3917 Po
656 3861 893 3932 8scripturarum]
913 3859 963 3915 sub
981 3861 1210 3931 scripturarumo

145 3945 310 4016 appellante
397 3947 428 3999 11
441 3947 545 4001 oratius
557 3947 624 4002 libeni
715 3946 891 4003 renunciate
981 3948 1014 4002 15
1027 3947 1175 4003 locutiones
1187 3955 1283 4007 essent

144 4048 161 4087 o
238 4029 272 4085 20
283 4045 344 4100 cap.
355 4030 481 4086 LXXXV
494 4030 520 4086 Τ
535 4032 685 4089 LXXXVII
698 4034 726 4088 P
741 4032 910 4089 LXXXVIII
923 4034 966 4090 Go
1026 4050 1030 4059 ·
1043 4034 1282 4105 arpocrationem

144 4115 177 4170 de
194 4115 285 4186 genesi
302 4119 401 4174 onuT
484 4116 519 4173 22
537 4119 616 4191 qnod]
634 4120 732 4189 quiao
819 4124 879 4191 post
896 4123 935 4190 ee]
954 4137 1028 4190 posse
1047 4122 1074 4176 P
1163 4123 1199 4177 24
1216 4138 1283 4178 oon·

144 4203 242 4258 stituet
255 4202 335 4272 Tios.
349 4199 475 4267 συντάξει
488 4200 584 4274 LXX)
670 4204 705 4262 25
717 4207 753 4278 et]
767 4224 817 4265 orn.
833 4209 869 4272 T;
887 4211 946 4262 uto
1028 4209 1209 4264 custodiente
