2760 4814
254 302 419 372 Excsrpts
436 317 472 356 ox
489 314 560 370 opp.
579 299 606 355 S.
623 299 811 369 Augustini
831 297 989 356 convnn.
1123 298 1189 367 835

55 490 212 561 doctrinis
234 489 364 556 melotae
387 488 573 555 daemonum
591 487 787 555 formidanda
804 491 899 573 atque
913 486 1045 554 uitanda
1058 488 1187 570 estqui

54 596 140 665 riuil
161 612 235 661 cum
256 594 394 678 principe
410 610 467 658 eno
487 591 613 659 diabulo
635 590 697 659 nisi
719 590 858 657 reditum
879 592 1022 658 metrum
1043 591 1187 657 claudere

53 701 151 783 atque
185 701 325 765 obserare
359 698 521 761 conantur.
564 693 648 760 uout
676 694 780 761 autem
809 694 849 761 de
868 693 981 779 stellis,
1015 712 1093 779 quas
1114 713 1188 761 cou-

54 803 140 872 didit
161 805 194 869 et
214 802 369 868 ordinauit
388 801 474 884 deus,
497 799 651 865 humanae
673 797 706 864 et
726 798 918 883 deceptoriae
938 798 1134 865 coniecturae
1147 798 1188 863 ab

27 906 236 975 elrominibus
263 904 429 970 institutae
456 904 541 983 sunt,
568 902 615 969 sic
641 901 738 969 stiam
764 901 803 968 de
830 902 1003 986 quibusque
1029 902 1188 969 nascenti·

55 1010 117 1077 sus
149 1009 202 1077 uel
233 1026 355 1091 quoquo
388 1009 480 1073 modo
513 1007 639 1073 diuinae
671 1005 886 1090 prouidentiae
914 1005 1187 1073 administratione

52 1111 277 1180 smistmtibus
304 1112 395 1176 rebus
423 1109 517 1175 multi
539 1109 640 1176 multa
660 1108 808 1175 humanis
839 1107 1068 1193 suspicionibus
1095 1111 1187 1192 quasi

52 1216 245 1302 regulariter
275 1214 448 1280 coniecteta
475 1212 591 1279 litteris
617 1213 854 1292 manducarunt,
885 1213 912 1278 si
946 1214 1027 1279 loris
1058 1211 1187 1277 insolite

53 1317 234 1398 acciderint,
264 1321 427 1401 umquam
453 1318 481 1383 si
503 1317 590 1383 mula
616 1318 720 1399 pariat
746 1317 802 1384 aut
824 1316 955 1385 fulmine
978 1314 1095 1401 aliquid
1116 1334 1187 1400 por-

13 1423 206 1491 secutiatur.
1011 1413 1014 1418 ’

101 1546 188 1627 Quae
220 1544 326 1610 omnia
357 1545 483 1609 tantum
517 1543 633 1621 ualent,
668 1545 820 1627 quantum
852 1542 1083 1625 praesumtione
1118 1542 1188 1611 aui·

53 1668 180 1717 morum
203 1648 292 1732 quasi
316 1647 474 1713 communi
496 1650 630 1730 quadam
651 1646 760 1729 lingue
781 1666 853 1714 cum
867 1647 1068 1716 daemonibus
1084 1646 1188 1714 leece-

54 1754 129 1821 rata
150 1754 232 1818 sunt.
264 1770 344 1835 quae
364 1754 471 1816 tamen
488 1752 582 1833 plena
598 1752 672 1817 sunt
686 1750 791 1816 omnia
805 1749 968 1834 pestiferae
982 1751 1186 1829 curiositatis,

54 1854 226 1923 muciautis
254 1852 486 1936 sollicitudinis,
515 1853 695 1920 mortiferae
716 1853 888 1920 seruitutis.
924 1873 985 1921 non
1007 1852 1092 1920 euim
1114 1854 1188 1938 quia
1299 1931 1303 1939 ¹

16 1958 216 2038 uualebant,
252 1958 473 2024 animaduersa
509 1961 594 2037 sunt,
632 1956 686 2023 ssd
715 1956 989 2025 animaduertendo
1018 1958 1112 2041 atque
1141 1958 1187 2022 si-

53 2060 182 2147 mdo
210 2061 330 2126 factum
356 2061 413 2141 ost,
435 2061 473 2126 ut
494 2060 646 2140 ualerent,
671 2062 703 2125 et
724 2059 794 2126 ideo
816 2060 947 2126 muscus
968 2059 1094 2127 diuerso
1115 2079 1186 2145 pro·

54 2165 191 2231 ueniunt
223 2164 394 2229 secuudum
427 2162 633 2246 cogitationes
666 2164 699 2229 et
730 2165 977 2248 praesumtiones
1013 2181 1097 2230 suas.
1136 2165 1185 2230 illi

54 2268 142 2335 enlm
154 2264 297 2351 spiritus,
312 2267 368 2351 qui
381 2265 523 2350 decipere
536 2267 657 2347 uolunt,
673 2264 749 2333 talia
762 2270 932 2351 procurant
945 2267 1067 2351 cuique,
1083 2266 1187 2351 quali·

53 2371 116 2436 bus
139 2388 212 2437 eum
232 2370 394 2436 irretitum
415 2388 470 2453 per
490 2370 680 2453 suspiciones
703 2370 736 2435 et
752 2369 968 2436 consensiones
984 2371 1050 2436 eius
1065 2369 1186 2435 uident

16 2474 140 2543 „siout
168 2473 254 2541 enim
281 2473 370 2539 uerbi
399 2474 502 2557 gratia
529 2492 595 2540 une
620 2472 722 2558 Qum
750 2472 886 2554 litterae,
909 2490 988 2557 quae
1011 2472 1187 2539 decusatim

53 2578 192 2658 notatur,
207 2575 295 2642 aliud
307 2575 389 2660 apud
398 2575 540 2660 Graecos,
552 2577 638 2643 aliud
649 2578 732 2660 apud
738 2576 869 2642 Latinos
880 2578 976 2658 ualet,
986 2595 1051 2643 non
1062 2578 1186 2662 natura,

52 2681 110 2749 sed
139 2679 258 2763 placito
285 2680 320 2745 et
349 2681 547 2746 consensione
569 2679 774 2764 significarem
802 2680 835 2745 et
854 2681 923 2747 ideo
945 2679 1000 2764 qui
1019 2681 1187 2763 unamque

52 2784 198 2868 linguam
218 2783 316 2862 nouit,
338 2782 366 2848 si
385 2782 507 2848 domiui
528 2781 646 2849 Graeco
667 2782 748 2849 uelit
769 2783 889 2866 aliquid
909 2782 1085 2866 siguificare
1108 2784 1185 2849 sori·

52 2886 168 2971 bondo,
190 2902 253 2952 non
273 2887 308 2951 in
322 2904 359 2951 ea
373 2885 600 2971 significatione
612 2885 795 2970 ponitlrauc
815 2886 967 2966 litteram,
990 2886 1024 2951 in
1039 2904 1101 2970 qus
1116 2904 1185 2953 cam

22 2990 155 3074 seponit,
177 3006 249 3055 cum
270 2989 390 3054 homini
411 2988 525 3055 scabit
539 2987 667 3067 Latium
693 2989 727 3054 et
747 2988 821 3055 beta
841 3007 904 3055 uuo
918 2988 1087 3072 eodemque
1107 3006 1185 3055 sono

55 3092 141 3177 apud
156 3090 289 3158 Graecos
310 3090 449 3172 litteras,
471 3091 554 3175 apud
568 3092 696 3157 latinos
718 3091 834 3158 holeris
847 3110 960 3159 nomon
974 3096 1039 3174 sst;
1063 3094 1096 3157 ot
1112 3108 1184 3157 cum

53 3198 140 3265 dico:
160 3195 280 3278 „lege“‚
295 3196 330 3260 iu
344 3195 394 3261 lris
409 3196 529 3263 duabm
544 3195 675 3279 syllabis
687 3195 776 3262 aliud
788 3194 934 3272 Graecus,
948 3194 1035 3260 aliud
1051 3194 1186 3260 latinus

51 3297 216 3384 intellegit
229 3297 367 3363 -siout
389 3314 461 3380 ergo
482 3298 540 3363 hae
557 3314 664 3364 omnes
677 3297 920 3383 significationes
935 3316 990 3382 pro
1005 3316 1063 3363 sua
1077 3298 1182 3363 cuius·

105 3588 125 3645 3
148 3590 277 3643 conantm
297 3604 329 3643 a:
357 3589 468 3643 conatur
489 3586 517 3641 V
626 3588 644 3643 6
667 3586 910 3643 amministratione
929 3585 959 3640 V
1070 3586 1102 3641 11
1125 3586 1185 3641 ani·

51 3698 195 3739 mammo
297 3681 330 3736 12
353 3681 430 3751 quasi
450 3680 489 3736 V:
519 3697 619 3751 qusso
722 3681 757 3735 13
780 3680 907 3750 pestilera
924 3679 1114 3736 curiositates

53 3778 89 3833 14
115 3776 263 3832 cruciamis
286 3776 340 3833 Pu:
370 3776 496 3831 cruciatis
523 3776 579 3832 GV
678 3774 856 3831 sollicitudini
881 3790 898 3829 o
1002 3775 1034 3829 16
1063 3774 1184 3829 musmo

55 3872 84 3929 V
170 3871 204 3925 ll
221 3871 448 3941 praesumptiones
465 3874 528 3940 (om.
546 3873 620 3940 et)o
709 3870 742 3925 19
760 3870 923 3940 suspiciones
941 3869 974 3923 V:
1002 3869 1184 3939 susceptiones

50 3984 70 4023 o
157 3965 202 4021 dt)
217 3965 311 4022 literas
328 3965 400 4023 PVo
491 3966 642 4022 decusatim
658 3964 725 4020 PV:
750 3965 916 4021 decussatim
938 3964 992 4021 oe
1020 3964 1184 4021 decussatim

53 4060 96 4118 θ’
111 4074 192 4130 supr.
203 4076 276 4116 m
370 4060 405 4115 22
422 4061 626 4116 consentioneo
716 4059 754 4115 26
771 4059 866 4115 omitit
887 4059 925 4115 V:
953 4058 1080 4115 sentitur
1096 4079 1114 4118 o

51 4155 128 4227 om]
146 4154 269 4211 mss-1³
350 4154 386 4211 26
402 4154 500 4210 holeris
515 4155 551 4210 Vc
579 4156 660 4210 oleris
679 4155 724 4212 Ge
807 4159 837 4211 et
852 4156 889 4212 Vr
911 4170 996 4211 ose.o
1081 4156 1116 4211 28
1132 4155 1185 4211 lrao

56 4240 223 4298 Vahasco
327 4240 586 4299 suaGstuaeo

1021 4342 1078 4398 53⁸
