2760 4814
184 321 247 388 702
664 318 830 387 Eusiuuii

184 511 284 592 gratia
313 527 420 573 snmus
443 507 523 572 salui
547 507 631 578 iacti,
663 526 722 572 non
745 526 781 571 ex
804 506 948 588 operibus
972 506 1124 584 iustitiae,
1154 524 1235 589 quae
1259 524 1315 571 nos

185 613 332 695 seoimue,
372 614 424 677 sed
462 611 632 676 secundum
669 610 734 674 eius
772 610 1028 674 miseridordiam.
1079 609 1316 675 uoluntarie

184 718 296 799 quippe
326 712 468 796 genuit
497 733 566 779 nos
595 713 717 779 uerbo
747 713 957 792 ueritatis,
995 717 1026 779 et
1057 713 1134 779 haee
1164 712 1313 778 uoluntas

184 819 251 883 eius
274 820 304 883 in
328 818 434 884 abdito
458 822 514 883 est.
551 817 639 882 ouius
662 816 772 882 secreti
794 816 1041 898 profunditatem
1064 815 1201 897 quodam
1224 815 1315 880 modo

185 939 391 1006 expauesoons
415 920 572 1004 apostolus
596 920 727 986 clamat:
751 938 769 984 o
790 920 970 986 altitudo
993 920 1236 985 diuitiarum
1258 935 1344 983 svs

184 1026 364 1108 pientiae
386 1025 449 1090 dei
471 1042 514 1089 ao
535 1023 750 1089 scientiae!
781 1041 892 1107 quam
914 1022 1203 1090 inscrutabilia
1224 1022 1314 1088 snnt

185 1128 331 1195 iudicia
352 1131 436 1194 eius
466 1134 504 1193 et
527 1127 839 1212 inuestigabiles
862 1128 948 1193 niae
970 1131 1066 1194 eius!
1102 1127 1190 1211 quis
1213 1124 1312 1191 enim

184 1233 371 1317 cognouit
400 1250 556 1297 sensnm
586 1231 761 1297 domini?
794 1237 826 1296 et
855 1231 912 1297 hoo
935 1236 982 1296 est
1003 1231 1202 1315 profundum.
1240 1227 1313 1295 alti·

161 1338 260 1405 ¹tudo
294 1337 407 1417 quippe
440 1352 601 1399 commune
631 1351 745 1398 nomen
775 1335 823 1398 est
852 1335 971 1399 excelso
1004 1334 1035 1398 et
1065 1332 1228 1416 profundo,
1261 1329 1312 1396 sed

185 1456 257 1502 oum
278 1439 310 1503 in
332 1439 449 1503 eroelso
474 1437 597 1518 dieitur,
629 1437 834 1503 sublimitatis
865 1437 1036 1503 eminentia
1066 1435 1344 1511 commendatum

186 1558 258 1604 oum
288 1541 393 1605 autem
422 1541 455 1605 in
486 1540 645 1623 profundo,
677 1540 847 1606 diffioultne
879 1540 1129 1625 inuestigationis
1153 1540 1184 1603 et
1208 1537 1314 1622 sogni-

185 1643 289 1708 tionis.
324 1643 406 1708 unde
428 1646 459 1708 et
481 1643 562 1708 illud
580 1644 636 1708 deo
653 1644 784 1710 dieitur:
808 1663 916 1727 quam
941 1642 1203 1728 magnificata
1225 1639 1315 1707 sunt

185 1763 302 1828 opera
334 1748 417 1820 tua,
453 1745 624 1825 domiue;
659 1745 778 1812 nimie
811 1746 1025 1831 profundae
1059 1746 1192 1810 laetae
1222 1746 1315 1812 sunt

187 1849 459 1934 cogitationes
478 1854 578 1916 tuae.
611 1852 791 1917 etiterum:
809 1850 961 1918 iudicia
977 1856 1045 1916 tua
1060 1850 1173 1915 uelut
1189 1851 1315 1915 multa

187 1953 361 2038 abyssus.
402 1953 477 2019 hino
505 1955 603 2038 igitur
632 1957 680 2020 ost
708 1955 788 2021 illud
819 1955 952 2037 apostoli
981 1957 1064 2037 quod
1093 1952 1347 2036 requirendumrs

186 2057 269 2121 inter
301 2058 403 2123 ootera
435 2057 583 2140 posuisti:
618 2058 735 2123 huius
769 2061 827 2123 rei
857 2060 1009 2140 gratia,
1043 2056 1156 2139 inquit,
1192 2055 1316 2121 ilecto

185 2178 313 2243 genua
341 2178 424 2226 moa
451 2160 497 2225 ad
522 2163 673 2244 patrem
705 2160 851 2228 domini
883 2159 1010 2227 nostri
1034 2160 1121 2225 lesu
1144 2157 1316 2236 curisti,

188 2282 229 2327 or
251 2281 322 2346 quo
344 2264 467 2329 omnis
490 2263 712 2345 paternitas
742 2263 782 2328 in
805 2263 916 2329 oaelo
939 2265 976 2328 et
1003 2263 1041 2326 in
1064 2266 1173 2327 terra
1196 2262 1316 2327 nomi·

187 2368 323 2446 natur,
361 2371 402 2432 ut
439 2366 505 2431 det
543 2366 656 2432 uobis
693 2365 910 2432 seeundum
947 2365 1121 2433 diuitias
1160 2365 1317 2449 gloriae

186 2487 278 2534 suae
307 2469 461 2535 uirtute
492 2468 740 2535 corroborari
771 2489 837 2553 per
867 2470 1054 2553 spiritum
1082 2469 1168 2533 eius
1199 2468 1240 2534 in
1263 2472 1351 2534 ineo

186 2573 372 2638 teriorem
402 2572 612 2655 hominem,
647 2573 830 2639 hahitare
861 2572 1065 2639 Christum
1095 2590 1164 2653 per
1195 2570 1318 2638 fidem

186 2678 225 2741 in
248 2676 433 2741 eordihns
456 2676 623 2758 uestris,
653 2676 755 2740 utin
779 2676 1145 2742 oaritateradioati
1168 2675 1316 2741 stiun-

186 2780 272 2844 dati
315 2777 586 2862 praeualeatis
631 2778 961 2861 comprehendere
1006 2797 1090 2844 oum
1135 2779 1318 2844 omnihus

186 2882 356 2961 sanetis,
386 2900 482 2963 quas
504 2882 556 2944 sit
583 2880 766 2946 latitudo
788 2885 825 2946 et
847 2882 1052 2967 longitudo
1075 2885 1112 2947 et
1136 2880 1317 2950 altitudo

188 2990 226 3050 et
258 2985 514 3069 profundum,
551 2985 653 3049 soire
688 2986 809 3050 etiam
846 2986 1209 3068 supereminentem
1242 2988 1351 3053 soi-et

187 3093 338 3157 entiam
361 3091 553 3155 caritatis
575 3088 744 3168 Christi,
769 3091 811 3154 ut
832 3091 1079 3174 impleamini
1101 3091 1142 3154 in
1165 3107 1317 3155 omnem

188 3194 480 3278 plenitudinem
504 3192 578 3258 dei.

290 3396 508 3458 laureas
594 3395 680 3449 aree.
700 3396 723 3461 1,
743 3396 776 3449 re
861 3393 1133 3462 anonrnaesq.
1222 3393 1255 3450 12
1274 3393 1318 3449 Ρ».

185 3486 265 3548 one
369 3485 402 3538 14
419 3483 463 3536 ra.
480 3484 556 3548 aar
661 3483 694 3536 re
712 3480 778 3551 upn.
797 3481 822 3544 s,
841 3479 943 3534 14-20

239 3655 257 3707 2
283 3653 452 3708 uoluntariae
478 3653 535 3707 AV
641 3655 658 3707 4
685 3651 777 3708 abdito
804 3653 841 3706 V:
871 3651 964 3706 abditu
992 3653 1019 3706 A
1048 3650 1204 3706 ahsoondito
1232 3667 1248 3705 o

188 3739 297 3794 modum
313 3739 339 3792 V
437 3740 642 3809 herponisoene
660 3740 687 3793 A
789 3737 868 3792 6dei
885 3755 916 3794 ao
933 3737 1060 3793 scientiae
1076 3737 1113 3793 V:
1140 3740 1168 3791 at
1186 3736 1317 3792 scientiae

186 3825 232 3878 dei
248 3824 320 3880 APo
414 3823 552 3896 9nomon]
569 3841 666 3880 numen
685 3826 712 3879 A
798 3823 962 3878 exoeleumo
1051 3822 1248 3892 profundumo

191 3911 224 3965 10
241 3910 444 3965 oummendstur
461 3912 490 3965 A
576 3911 606 3966 ll
625 3902 840 3980 inuisti'gationie
858 3912 884 3965 A
975 3910 1008 3964 14
1025 3908 1202 3979 ospitationie
1220 3910 1248 3964 A

189 3996 594 4067 iudicis-igiturestAGPo:
617 4014 668 4052 om.
681 3997 707 4050 V
806 3996 841 4050 20
858 3997 1012 4051 interiorem
1028 3995 1062 4049 V:
1084 3996 1251 4050 interioreA
1277 3998 1321 4051 in·

188 4082 316 4139 teriorio
401 4082 432 4136 21
453 4083 586 4137 hominem
603 4083 639 4136 V:
666 4083 829 4139 hominer
914 4082 948 4138 23
966 4081 1202 4152 comprenhendere
1221 4083 1248 4136 A

187 4169 258 4240 oum]
271 4184 326 4224 oonr
340 4168 368 4224 A
453 4168 487 4222 24
499 4167 616 4224 latitudo
628 4172 686 4225 Ao:
713 4171 829 4225 altitudo
844 4169 870 4223 V
951 4168 985 4223 26
998 4168 1098 4222 omnio
1184 4168 1220 4223 21
1232 4170 1322 4241 pleni·

186 4254 316 4310 tudineo
