2760 4814
168 318 235 391 464
654 319 815 392 Eugippii

169 513 310 579 futurum
334 529 401 578 osse
423 510 585 594 praedixit.
623 510 700 576 ilem
722 509 885 592 discipulis
907 510 992 576 suis:
1026 526 1151 588 emen,
1183 510 1304 594 inquit,

169 616 255 682 dico
277 615 403 691 uobis,
426 613 524 699 qnod
547 626 616 680 nos
638 613 703 697 qui
726 614 858 679 secuti
878 630 936 679 ms
957 612 1057 679 estio
1079 613 1117 679 in
1140 630 1304 699 regens·

170 719 342 797 rroione,
372 733 456 784 cum
478 717 630 783 sederit
653 715 772 782 iilius
793 715 964 782 hominis
998 718 1035 783 in
1059 719 1149 782 redo
1180 717 1302 783 meie-

170 820 293 888 slrtis
316 837 420 900 suco,
450 819 649 887 sedebitis
672 823 797 885 einos
820 819 1071 903 supersedeo
1093 819 1301 887 duodecim

169 924 398 990 indicentes
434 923 639 990 duodecim
677 920 809 988 tribus
842 923 1011 989 Israhel.
1057 923 1109 989 hie
1147 922 1345 989 discimuss

170 1042 240 1095 curn
262 1027 327 1093 suis
350 1027 512 1111 discipulis
534 1026 744 1093 iudicaturum
767 1027 882 1092 Iesum.
913 1027 995 1092 unde
1017 1029 1050 1092 et
1072 1027 1149 1094 alibi
1172 1026 1302 1095 Iudueis

170 1129 265 1196 dixit:
298 1131 333 1196 si
367 1149 438 1214 ego
471 1133 509 1196 in
543 1129 771 1196 Beelzebub
806 1130 911 1196 eicio
946 1131 1179 1210 doemonio,
1210 1130 1301 1198 iiiii

169 1233 297 1300 uestri
333 1234 372 1299 in
409 1248 482 1317 quo
519 1233 703 1299 eiciunt?
747 1232 837 1299 ideo
874 1233 953 1316 ipsi
990 1235 1146 1300 indices
1181 1237 1304 1302 erunt

169 1339 304 1404 rostri.
335 1354 392 1403 noc
414 1339 559 1420 quonium
582 1354 675 1420 super
693 1338 856 1403 duodecim
879 1339 967 1403 sedes
990 1355 1131 1404 sessuros
1152 1354 1217 1404 esse
1241 1339 1300 1421 eit,

170 1440 334 1507 duodecim
358 1439 440 1507 solos
463 1440 605 1507 homines
621 1457 692 1505 cum
715 1440 770 1506 illo
792 1440 985 1506 iudicaturos
1006 1445 1117 1524 putere
1139 1442 1345 1507 donemusro

169 1542 357 1610 duodenerio
387 1543 501 1626 quippe
529 1558 659 1609 numero
687 1545 835 1609 uniuerso
865 1545 1015 1626 quosdam
1045 1542 1223 1627 signillente
1250 1548 1303 1610 ost

170 1647 378 1714 iudicantium
406 1647 576 1712 multitudo
599 1650 724 1730 propter
747 1647 823 1713 duce
845 1648 950 1730 portes
973 1646 1097 1713 numeri
1119 1647 1300 1730 septennii,

126 1800 130 1808 .
169 1762 244 1835 quo·
259 1749 459 1836 significetur
486 1751 668 1834 plerumque
691 1751 894 1818 uniuersitau:
926 1768 1006 1835 quse
1027 1752 1109 1817 duee
1128 1753 1242 1834 prutes,
1267 1750 1301 1817 id

171 1855 222 1920 esi
248 1855 311 1920 irie
342 1856 376 1920 et
396 1856 553 1936 quattuor,
586 1852 687 1920 ultore
715 1872 772 1937 per
801 1854 933 1920 ultorem
963 1854 1191 1938 multiplicatae
1221 1854 1303 1920 duo·

170 1956 272 2024 decim
300 1956 429 2024 ieoiunt.
467 1972 539 2022 num
569 1961 771 2040 etquattuor
794 1961 841 2022 ter
864 1961 896 2023 et
917 1958 981 2024 triu
1003 1960 1113 2040 qnater
1134 1958 1300 2023 duodecim
1312 1980 1344 2022 ns

169 2061 253 2141 sunt,
275 2063 308 2127 et
336 2061 364 2125 ri
390 2075 452 2143 quc
480 2059 544 2126 elie
574 2059 670 2126 liuius
699 2059 880 2126 duodenarii
913 2060 1035 2126 numeri
1066 2077 1144 2144 quoe
1173 2059 1212 2126 cd
1240 2060 1301 2126 noe

170 2164 275 2232 uuleei
292 2162 376 2230 ratio
397 2162 560 2247 reperitur.
593 2163 732 2246 alioquin
748 2165 893 2247 quonium
917 2165 950 2229 in
968 2163 1072 2230 locum
1087 2162 1182 2228 ludes
1196 2158 1302 2228 tredi-

86 2302 91 2311 ·
169 2267 245 2334 toris
266 2267 441 2351 mororum
456 2265 613 2333 Muttinien
635 2267 773 2351 legimus
786 2268 974 2348 ordinatum,
996 2266 1152 2350 oportdus
1167 2266 1300 2342 Paulus,

169 2370 223 2454 qui
253 2369 324 2454 plus
353 2369 415 2436 illis
444 2369 590 2436 omuibus
619 2369 785 2445 laborauit,
817 2372 870 2437 ubl
897 2372 936 2437 ed
965 2370 1167 2436 indicendum
1190 2372 1299 2436 emere

169 2488 231 2538 non
265 2472 498 2555 indebitum
532 2472 671 2556 proiecto
704 2490 778 2540 cum
812 2473 886 2540 eliis
916 2474 1033 2540 sanctie
1062 2473 1101 2540 ed
1131 2490 1345 2540 numerum»

168 2573 307 2641 iudicum
329 2576 536 2661 sepertinere
557 2577 761 2657 demonsiret,
792 2594 865 2643 oum
888 2576 987 2642 dicit:
1015 2577 1183 2643 nescitis
1206 2575 1302 2659 quie

171 2678 330 2762 engelos
348 2678 645 2747 iudiculiimust
678 2681 717 2746 de
746 2680 823 2764 ipsis
845 2698 967 2764 quoque
988 2679 1161 2773 indicendis
1183 2679 1216 2744 in
1238 2678 1301 2744 hoc

169 2793 301 2848 numere
321 2782 510 2850 duodenario
537 2783 650 2849 similis
679 2800 773 2851 muse
795 2786 850 2849 est.
889 2785 1055 2850 nonenim
1080 2786 1155 2866 quie
1176 2782 1299 2848 dictum

169 2886 234 2952 eet:
258 2885 482 2954 iudicantes
504 2887 709 2954 duodecim
731 2885 864 2953 tribue
887 2887 1059 2967 Israhel,
1082 2887 1182 2952 trium
1204 2885 1297 2961 Leni,

170 3009 248 3075 queo
275 2991 370 3057 tertie
399 2990 517 3057 decime
540 2995 597 3069 est,
620 2992 659 3056 eb
682 2990 727 3056 sis
756 2990 922 3057 iudicanda
950 3011 1009 3057 non
1033 2992 1093 3056 erit
1118 2989 1174 3054 uui
1195 2989 1341 3055 solumne

168 3092 262 3159 illum
294 3095 454 3179 populum,
487 3112 549 3160 non
578 3095 674 3161 otium
702 3095 809 3180 gendes
840 3097 959 3161 ceteros
982 3094 1176 3161 iudicabunt.
1216 3093 1300 3175 quod

170 3196 277 3262 cutem
311 3196 373 3264 ultr
406 3198 445 3263 in
473 3198 795 3282 regeneratione,
833 3198 942 3281 procul
975 3197 1070 3263 dnbio
1103 3200 1300 3262 mortuorum

167 3300 427 3366 resurrectionem
448 3301 575 3367 nomino
595 3299 698 3366 noluit
713 3300 956 3385 munerationis
971 3300 1124 3386 intellegi.
1150 3298 1198 3363 sio
1212 3300 1300 3365 euim

168 3418 239 3469 cero
269 3403 376 3470 nostru
398 3403 632 3491 regenerabitur
653 3422 708 3488 per
729 3403 1004 3488 incorruptionem,
1034 3403 1301 3486 quemadmodum

271 3622 403 3679 lniattn.
424 3626 463 3690 19,
481 3625 516 3680 28
614 3623 747 3680 indocto.
766 3625 808 3690 12,
826 3624 859 3678 27
966 3623 999 3678 18
1016 3624 1050 3678 ci.
1070 3626 1131 3679 not.
1152 3626 1175 3687 1,
1194 3623 1229 3679 96

168 3707 477 3776 momentulo
579 3710 610 3767 21
634 3710 725 3767 1001.
744 3711 803 3778 o,3
904 3710 939 3765 24
956 3709 1055 3764 lietth.
1074 3710 1115 3773 19,
1134 3710 1170 3767 28

219 3913 319 3969 lestis
336 3906 439 3970 me‘Tc
532 3915 641 3971 linitur
660 3919 683 3984 (s
701 3912 977 3984 culinarii*
1064 3916 1102 3987 in]
1121 3930 1172 3971 our.
1192 3915 1231 3970 T*

167 3997 366 4055 ibslnsbulrd'
460 4001 542 4071 dipsi
556 4001 685 4058 Mitys:
701 4000 741 4072 ipi
758 4000 793 4057 1⁷¹
890 4000 974 4057 nerui
986 4004 1094 4058 munio
1192 4002 1226 4057 12
1240 4018 1306 4075 oep-

142 4084 299 4141 dinamio
384 4086 417 4141 lo
434 4089 478 4141 ter
493 4084 547 4140 Ver
575 4086 629 4173 trie
648 4087 674 4142 1·
759 4088 792 4142 16
809 4086 891 4142 huius
912 4076 976 4142 YVr
1003 4093 1101 4143 nense
1187 4088 1219 4142 il
1240 4104 1305 4162 rep·

166 4164 317 4242 petitur?
404 4168 438 4226 18
455 4167 578 4225 methrae
600 4164 626 4226 d*
649 4166 829 4228 melthietn'o
921 4173 955 4227 19
972 4172 1096 4227 omnibns
1113 4172 1170 4227 illie
1189 4172 1230 4229 dr

164 4254 201 4312 24
218 4253 306 4310 tribus
323 4255 377 4312 leui
397 4256 450 4313 To:
477 4251 552 4308 tribu
571 4254 625 4311 leui
647 4250 674 4312 V
698 4248 701 4255 '
766 4256 800 4312 91
817 4256 1093 4328 regenereteiionod'
