2760 4814
298 566 462 635 Excerpta
479 582 516 620 ex
534 581 606 634 opp.
625 564 651 618 S.
669 565 859 634 Augustini
882 563 984 620 CXLV.
1003 563 1120 622 CXLVI.
1210 566 1273 633 521

630 856 786 941 CXLVI.

141 1066 329 1127 suerrvrr:
352 1068 398 1114 nr
417 1065 538 1114 onnurs
562 1065 852 1123 commiserimus,
876 1065 972 1124 Qvurr
996 1064 1131 1124 ernnrs
1152 1063 1276 1112 nvnno

473 1169 653 1216 ‹rnnnunru
679 1168 750 1215 nou
774 1168 944 1216 crunvnr.

186 1308 266 1373 Eece
290 1307 352 1372 iam
375 1306 510 1372 credidit
525 1305 660 1371 mundns
676 1306 835 1371 sublatum
852 1307 1011 1370 terrenum
1027 1303 1145 1370 Christi
1161 1322 1271 1389 corpus
1289 1306 1348 1374 162

118 1410 177 1476 sin
199 1407 332 1486 caelum,
364 1410 620 1474 resurrectionem
643 1409 747 1473 cernis
771 1412 802 1473 et
826 1409 1036 1473 ascensionem
1067 1408 1101 1472 in
1123 1425 1274 1491 supernas

140 1512 232 1577 sedes
261 1511 458 1594 paucissimis
488 1511 722 1577 remanentibus
751 1513 845 1595 atque
874 1511 1071 1593 stupentibus
1099 1512 1151 1577 uel
1174 1512 1273 1577 doctis

139 1614 194 1681 nel
216 1615 351 1682 indoctis
374 1617 436 1681 iarn
459 1616 657 1682 crediderunt
675 1619 706 1681 et
727 1615 812 1682 docti
836 1618 869 1680 et
890 1614 1018 1681 indocti.
1048 1614 1074 1678 si
1090 1633 1157 1679 rem
1172 1613 1274 1680 credi·

140 1719 240 1786 bilem
263 1718 473 1797 crediderunt,
497 1720 623 1785 uideant
646 1738 740 1802 quom
763 1719 828 1783 sint
842 1719 951 1784 stolidi
975 1720 1109 1801 quinon
1132 1718 1272 1786 credunt.

140 1822 170 1887 si
193 1825 299 1887 entem
322 1840 371 1888 res
401 1821 590 1888 incredibilis
613 1821 813 1900 creditorem,
845 1821 941 1887 etiarn
962 1822 1021 1886 hoc
1042 1821 1152 1904 ntique
1174 1822 1273 1887 incre·

104 1951 133 1991 ro
143 1923 243 1991 dibile
265 1927 321 2002 est,
345 1924 391 1989 sic
413 1925 568 1991 creditum
590 1944 657 1990 esse
679 1926 762 2007 quod
785 1924 965 1990 incredibile
989 1927 1046 1990 est.
1077 1924 1153 1990 haec
1175 1925 1274 2009 igitur

142 2028 206 2094 duo
238 2027 450 2104 incredibilis,
487 2029 744 2094 resurrectionem
781 2027 901 2093 scilicet
932 2027 1033 2094 nostri
1071 2030 1204 2110 corporis
1238 2027 1272 2092 in

140 2132 304 2198 aeternnm
326 2133 359 2197 et
381 2150 445 2196 rem
467 2133 533 2196 tam
563 2132 779 2198 incredibilem
806 2132 959 2198 mundum
982 2150 1050 2197 esse
1073 2132 1273 2208 creditumm

140 2235 226 2300 idem
249 2236 334 2312 dens,
358 2238 526 2316 antequam
548 2235 599 2300 uel
614 2254 711 2300 unum
734 2235 846 2300 horum
862 2234 959 2313 lieret,
976 2235 1069 2301 umbo
1085 2235 1192 2300 lutura
1206 2254 1273 2301 esse

140 2335 308 2420 praedixit.
345 2356 444 2403 unum
467 2340 600 2403 duorum
630 2337 862 2404 incredibilium
889 2340 952 2404 iam
977 2340 1096 2403 lactum
1118 2339 1271 2416 uidemus,

104 2443 179 2505 rsnt
195 2443 276 2523 quod
291 2446 359 2505 eret
372 2440 557 2507 incredibile
574 2441 711 2507 crederet
726 2443 876 2507 mundus:
901 2461 956 2508 cur
970 2443 1002 2507 id
1018 2443 1098 2523 qnod
1115 2440 1270 2524 reliquum

141 2547 192 2609 eet
215 2543 408 2626 desperatur,
443 2546 479 2610 ut
501 2544 597 2610 etism
622 2544 678 2610 hoc
699 2547 807 2612 ueniet
829 2545 910 2628 qnod
932 2543 1117 2611 incredibile
1139 2544 1273 2610 credidit

142 2644 298 2729 mundns„
319 2647 402 2712 sicut
431 2648 494 2713 iam
523 2649 613 2714 uenit
642 2649 724 2730 quod
753 2648 900 2714 similiter
927 2648 1108 2715 incredibile
1136 2649 1206 2731 luit,
1237 2656 1273 2716 ut

140 2767 209 2813 rem
239 2749 307 2813 tem
336 2749 553 2816 incredibilem
583 2752 720 2816 crederet
745 2753 891 2832 mundus,
923 2752 1044 2835 qnando
1067 2753 1193 2836 quidem
1215 2754 1273 2819 hoc

141 2854 312 2934 utrumqne
335 2851 529 2929 incredibile,
557 2871 689 2936 quorum
713 2854 857 2919 uidemus
881 2874 988 2932 unum,
1012 2857 1148 2921 alterum
1172 2856 1272 2922 credi·

105 2974 222 3035 somus,
260 2955 294 3019 in
326 2954 443 3020 eisdem
477 2956 593 3021 litteris
626 2956 821 3039 praedictum
856 2959 908 3034 sit,
941 2977 997 3041 per
1030 2977 1106 3041 quus
1140 2959 1273 3026 credidit

141 3056 304 3122 mundns?

245 3277 279 3332 13
297 3278 330 3333 cl.
349 3278 447 3334 Metth.
466 3280 508 3347 26,
528 3280 561 3335 13

192 3487 284 3554 lcap.
304 3484 455 3541 CLIIIIT
483 3485 581 3541 CLXII
601 3487 628 3541 P
656 3483 771 3541 CLXIII
793 3487 835 3542 Ge
938 3487 955 3541 2
978 3488 1099 3556 seqnitur
1121 3490 1194 3544 MV:
1222 3506 1272 3546 ons.

142 3585 239 3642 GPTo
344 3589 534 3644 resurrectione
553 3589 639 3643 carnis
662 3588 760 3645 GPTo
862 3591 879 3645 3
903 3590 1025 3661 credunt]
1045 3608 1075 3646 ex
1093 3592 1183 3648 eodem
1201 3593 1272 3649 libro

140 3689 221 3745 XXII
240 3689 307 3744 add.
328 3691 425 3747 GPTo
519 3677 570 3746 7⁸²
579 3692 651 3747 docti
669 3694 708 3761 (et
727 3692 791 3747 add.
809 3710 844 3747 m.
856 3696 887 3762 2)
907 3695 933 3749 T
1022 3696 1112 3752 8sInt
1130 3697 1209 3752 PTor
1234 3697 1273 3752 sit

144 3792 173 3846 V
262 3794 357 3864 ilboc]
376 3811 462 3850 onuo
559 3796 590 3848 11
609 3796 809 3865 uostrilnostri
832 3795 859 3851 V
951 3798 983 3852 19
1002 3799 1270 3871 unum—oredimus]

140 3912 225 3953 osso
329 3899 363 3954 20
380 3900 417 3954 sit
436 3900 502 3955 PT:
529 3916 579 3957 orn.
598 3900 678 3955 MVo
779 3917 846 3971 ques
865 3901 957 3958 PTV:
984 3919 1084 3972 queso
