2760 4814
22 281 27 287 ’
130 300 196 366 474
615 294 780 362 Eugippii

131 488 273 554 cuabit
298 486 612 552 inluminatione
634 487 892 569 praesentiae
914 505 1004 550 snae
1027 504 1119 562 eum,
1151 486 1261 551 ouius

131 599 191 656 est
220 591 451 674 praesentia
483 592 696 669 secundum
726 590 996 672 operationem
1026 592 1193 652 satanae
1224 589 1262 653 in

130 695 235 760 omni
265 695 420 760 uirtute
450 700 488 760 et
513 695 638 778 signis
663 699 699 758 et
722 680 918 776 prodigiis
941 691 1138 758 mendacii
1163 696 1202 756 et
1223 694 1260 756 in

130 798 237 861 omni
264 798 501 863 seductione·
526 795 761 878 iniquitatis
797 797 856 860 his
894 797 958 877 qui
991 797 1160 878 pereunt
1195 814 1262 879 pro

131 918 189 984 eo,
213 899 312 982 quod
335 899 593 965 dilectionem
616 901 806 965 ueritatis
831 920 903 965 non
932 905 1183 982 receperunt,
1218 903 1261 964 ut

131 1003 236 1067 salui
257 1003 577 1068 fierent‘etideo
601 1003 738 1068 mittet
760 1003 847 1068 illis
871 1004 965 1068 deus
990 1002 1261 1085 operationem

131 1106 294 1181 erroris,
318 1107 360 1170 ut
382 1106 544 1170 credant
565 1106 768 1171 mendacio
792 1110 830 1170 et
852 1107 1088 1171 iudicentur
1110 1119 1261 1184 omnes,

130 1208 196 1290 qui
233 1228 307 1275 non
345 1207 604 1274 crediderunt
636 1208 826 1287 ueritati,
864 1211 931 1273 sed
970 1212 1261 1274 consenserunt

130 1311 356 1395 iniquitati.
394 1309 475 1375 nulli
505 1309 637 1375 dubium
668 1316 717 1376 est
747 1331 817 1375 eum
844 1311 882 1374 de
910 1313 1097 1376 antichristo
1126 1311 1192 1376 ista
1213 1310 1262 1376 di·

131 1415 211 1480 xisse
232 1416 376 1498 diemque
398 1415 506 1480 iudicii
529 1452 569 1462 -
593 1415 679 1481 hunc
701 1416 784 1479 enim
809 1417 946 1499 appellat
970 1416 1052 1480 diem
1076 1415 1197 1481 domini
1220 1450 1261 1464 -

131 1536 191 1582 non
222 1536 288 1583 osse
321 1519 500 1599 uenturum,
539 1517 598 1583 nisi
632 1518 686 1582 ille
720 1519 804 1600 prior
832 1521 962 1600 uenerit,
999 1538 1093 1600 quam
1115 1519 1261 1604 refugam

130 1625 232 1697 uocat,
265 1624 372 1704 utique
405 1641 424 1687 a
457 1620 583 1686 domino
620 1623 686 1686 deo.
725 1623 806 1704 qnod
840 1623 868 1686 si
903 1624 941 1687 de
975 1622 1121 1694 omnibus
1155 1623 1261 1705 impiis

130 1722 243 1790 merito
266 1725 327 1788 dici
350 1725 463 1807 potest,
490 1728 605 1806 quanto
629 1727 731 1808 magis
754 1727 792 1790 de
814 1725 891 1790 isto!
926 1726 979 1790 sed
1002 1726 1034 1789 in
1058 1744 1118 1807 quo
1141 1725 1261 1807 templo

131 1826 181 1891 dei
214 1829 256 1893 sit
289 1845 430 1892 sessurus
463 1829 617 1892 incertum
652 1830 714 1904 est3
748 1832 853 1893 utrum
878 1829 911 1893 in
944 1829 1003 1893 illa
1024 1829 1116 1893 ruina
1139 1828 1261 1910 templi,

130 1931 256 2021 quoda
277 1929 442 1996 Salomone
472 1949 545 2015 rege
574 1933 791 1996 constructum
814 1935 870 2014 cst,
904 1951 943 1996 an
966 1950 1039 1996 uero
1063 1932 1095 1994 in
1117 1931 1261 1996 ecclesia.

131 2051 192 2097 non
216 2035 298 2098 eninr
329 2034 484 2115 templum
510 2033 642 2099 alicuius
672 2033 747 2099 idoli
769 2036 826 2100 aut
848 2035 1009 2100 daemonis
1032 2034 1188 2118 templum
1212 2033 1261 2100 dci

131 2137 290 2218 apostolus
320 2137 447 2202 diceret.
485 2138 567 2201 unde
597 2138 739 2202 nonnulli
769 2155 830 2202 non
860 2139 965 2220 ipsum
987 2137 1174 2220 principem,
1206 2137 1262 2202 aad

130 2239 310 2305 uniuersum
340 2241 476 2322 quodam
506 2243 596 2306 modo
627 2258 738 2324 corpus
768 2241 844 2323 eins,
876 2241 910 2306 id
937 2243 1044 2306 estad
1069 2259 1141 2305 eum
1164 2240 1261 2322 porti·

129 2349 255 2409 nentem
278 2345 440 2410 hominum
460 2345 698 2410 multitudinem
729 2345 825 2409 simul
848 2363 919 2409 curn
951 2345 1017 2426 ipso
1040 2362 1096 2408 suo
1119 2344 1261 2427 principe

130 2445 188 2512 hoc
210 2447 277 2511 loco
299 2446 442 2530 intellegi
457 2448 681 2513 antichristum
708 2448 819 2512 uolunt
840 2449 1016 2529 rectiusque
1032 2450 1147 2530 putant
1163 2449 1261 2514 etiam

129 2547 226 2613 latine
241 2550 313 2624 dici,
335 2549 417 2614 siout
431 2549 464 2613 in
478 2568 588 2633 graeco
611 2554 668 2628 est,
692 2569 769 2615 non:
793 2551 831 2614 in
854 2551 997 2633 templo
1019 2550 1093 2628 dei,
1124 2551 1196 2615 sed:
1219 2551 1260 2617 in

129 2650 321 2734 templum
343 2651 406 2717 dei
429 2653 584 2730 sedeat,
607 2656 769 2735 tamquam
785 2655 852 2734 ipse
866 2653 910 2717 sit
925 2654 1080 2735 templum
1096 2652 1157 2730 dei,
1177 2653 1261 2736 qnod

130 2758 179 2819 est
209 2753 356 2832 ecclesia;
390 2755 473 2819 sicut
494 2755 645 2821 dicimus:
669 2757 776 2841 „sedet
797 2757 830 2820 in
854 2757 1021 2833 amioum“‚
1044 2756 1076 2821 id
1100 2759 1147 2820 ost
1169 2756 1260 2822 uelut

130 2857 261 2936 amicus,
295 2857 346 2923 uel
376 2860 402 2923 si
431 2859 507 2942 qnid
536 2859 622 2924 aliud
655 2861 715 2923 isto
746 2859 909 2924 locutionis
938 2877 1050 2941 genere
1079 2859 1143 2925 dici
1170 2860 1261 2925 solet

129 2965 212 3045 quod
234 2966 340 3027 autern
362 2964 423 3027 ait:
459 2967 495 3026 et
518 2980 620 3027 nuno
650 2963 741 3044 quid
770 2960 950 3026 detineat
979 2962 1117 3040 scitia,
1152 2962 1185 3027 id
1216 2964 1261 3028 est

129 3065 206 3147 quid
227 3067 270 3131 sit
291 3068 324 3130 in
345 3083 440 3145 mora,
466 3085 543 3148 quae
566 3084 661 3131 causa
682 3067 726 3130 sit
748 3066 908 3130 dilationis
931 3065 1009 3145 eius,
1041 3066 1082 3129 ut
1104 3067 1261 3130 reuele-

129 3170 195 3234 tur
216 3170 254 3235 in
276 3188 344 3235 suo
367 3174 555 3253 temporo,
574 3170 672 3237 scitis.
699 3171 845 3253 quoniam
861 3173 939 3235 scire
956 3170 1026 3234 illos
1043 3168 1132 3246 dixit,
1154 3171 1261 3252 aperte

181 3495 195 3546 l
220 3458 429 3578 inluminatione
452 3495 473 3561 (l
497 3492 561 3548 cdd.
585 3496 665 3560 Μ)
695 3495 720 3548 V
830 3496 848 3548 4
872 3494 993 3563 pereunt]
1018 3495 1130 3562 pereunt
1152 3495 1183 3546 et
1207 3507 1261 3548 non

129 3594 274 3650 credente
373 3613 420 3666 pro
438 3599 680 3667 eo÷reeepernnt]
699 3615 785 3653 once
883 3598 1016 3652 Gdento
1112 3596 1208 3651 mittet
1228 3597 1261 3652 1*

135 3715 168 3781 V:¹
195 3716 285 3772 mittit
309 3719 360 3773 Po
462 3721 479 3775 8
501 3691 641 3774 conectunt
664 3723 720 3788 (een
745 3718 809 3773 add.
833 3736 866 3774 m.
887 3721 917 3784 2)
945 3717 971 3772 V
1071 3718 1088 3771 9
1111 3719 1183 3790 aum]
1210 3735 1261 3778 oss·

135 3820 169 3876 P
269 3821 302 3876 10
319 3807 442 3908 diemque
460 3831 498 3888 (nr
516 3822 569 3879 del.
587 3825 663 3891 m.2)
684 3823 709 3876 T
733 3823 862 3892 diequeo
961 3822 991 3876 ll
1013 3797 1157 3875 uenturam
1175 3839 1194 3876 o

131 3924 164 3979 16
180 3924 295 3979 alienius
315 3925 379 3980 TV:
405 3925 491 3980 octo
577 3926 710 3995 demoniis
733 3926 758 3980 V
847 3926 882 3980 18
900 3925 1054 3978 uniuersum
1075 3921 1140 3977 TV:
1170 3925 1261 3994 ipsum

128 4045 146 4084 a
250 4028 283 4082 19
307 4028 483 4083 multitudine
500 4033 527 4097 (e
544 4046 563 4082 a
579 4047 614 4085 m.
631 4033 650 4084 2
667 4031 697 4086 in
715 4035 781 4094 ras.)
809 4029 833 4082 T
933 4029 968 4083 22
991 4027 1083 4082 aedast
1105 4026 1157 4082 Va:
1187 4030 1261 4087 eadsi

132 4132 157 4187 Τ
257 4131 292 4185 23
309 4132 384 4187 sodet
409 4132 458 4186 Vc:
488 4132 562 4187 sedet
579 4133 650 4188 Μ
751 4136 779 4186 in
799 4134 914 4187 amioum
932 4131 998 4186 TV:
1028 4130 1156 4187 inimicus
1175 4150 1194 4187 o

129 4236 164 4289 26
182 4235 249 4305 qnid
266 4235 317 4289 seit
337 4234 363 4288 Τ
448 4237 476 4290 in
498 4236 561 4292 TV:
588 4253 676 4292 om
762 4237 901 4292 dilationis
918 4235 971 4332 l'o:
990 4235 1146 4291 dilectionis
1166 4239 1194 4293 T
