<?xml version="1.0" encoding="UTF-8"?>
<!DOCTYPE html PUBLIC "-//W3C//DTD XHTML 1.0 Transitional//EN"
    "http://www.w3.org/TR/xhtml1/DTD/xhtml1-transitional.dtd">
<html xmlns="http://www.w3.org/1999/xhtml" xml:lang="en" lang="en">
 <head>
  <title>
</title>
<meta http-equiv="Content-Type" content="text/html;charset=utf-8" />
  <meta name='ocr-system' content='tesseract 3.04.00' />
  <meta name='ocr-capabilities' content='ocr_page ocr_carea ocr_par ocr_line ocrx_word'/>
</head>
<body>
  <div class='ocr_page' id='page_1' title='image "./evgippiiexcerpt00kngoog/evgippiiexcerpt00kngoog_0991.png"; bbox 0 0 2760 4814; ppageno 0'>
   <div class='ocr_carea' id='block_1_1' title="bbox 200 518 847 633">
    <p class='ocr_par' dir='ltr' id='par_1_1' title="bbox 200 518 847 633">
     <span class='ocr_line' id='line_1_1' title="bbox 200 518 847 633; baseline -0.008 -15"><span class='ocrx_word' id='word_1_1' title='bbox 200 565 264 633; x_wconf 82' lang='grc'><strong>968</strong></span> <span class='ocrx_word' id='word_1_2' title='bbox 555 518 557 522; x_wconf 7' lang='lat'>⁸</span> <span class='ocrx_word' id='word_1_3' title='bbox 686 560 847 630; x_wconf 78' lang='lat' dir='ltr'><strong>Eugippii</strong></span> 
     </span>
    </p>
   </div>
   <div class='ocr_carea' id='block_1_2' title="bbox 202 748 1372 1935">
    <p class='ocr_par' dir='ltr' id='par_1_2' title="bbox 202 748 1372 1935">
     <span class='ocr_line' id='line_1_2' title="bbox 203 748 1330 835; baseline -0.003 -15"><span class='ocrx_word' id='word_1_4' title='bbox 203 756 318 833; x_wconf 70' lang='lat' dir='ltr'><strong>umen,</strong></span> <span class='ocrx_word' id='word_1_5' title='bbox 349 753 446 819; x_wconf 79' lang='lat' dir='ltr'><strong>etism</strong></span> <span class='ocrx_word' id='word_1_6' title='bbox 468 752 496 818; x_wconf 92' lang='lat' dir='ltr'><strong>si</strong></span> <span class='ocrx_word' id='word_1_7' title='bbox 525 771 586 818; x_wconf 91' lang='lat' dir='ltr'><strong>non</strong></span> <span class='ocrx_word' id='word_1_8' title='bbox 611 752 711 835; x_wconf 77' lang='lat' dir='ltr'><strong>possit</strong></span> <span class='ocrx_word' id='word_1_9' title='bbox 739 750 794 818; x_wconf 86' lang='lat' dir='ltr'><strong>ubi</strong></span> <span class='ocrx_word' id='word_1_10' title='bbox 818 748 983 835; x_wconf 76' lang='lat' dir='ltr'><strong>religiosus</strong></span> <span class='ocrx_word' id='word_1_11' title='bbox 1011 750 1137 816; x_wconf 75' lang='lat' dir='ltr'><strong>unimus</strong></span> <span class='ocrx_word' id='word_1_12' title='bbox 1161 750 1260 834; x_wconf 82' lang='lat' dir='ltr'><strong>elegit</strong></span> <span class='ocrx_word' id='word_1_13' title='bbox 1280 751 1330 817; x_wconf 82' lang='lat' dir='ltr'><strong>hu·</strong></span> 
     </span>
     <span class='ocr_line' id='line_1_3' title="bbox 203 852 1329 942; baseline -0.002 -19"><span class='ocrx_word' id='word_1_14' title='bbox 203 876 290 923; x_wconf 81' lang='lat' dir='ltr'><strong>mere</strong></span> <span class='ocrx_word' id='word_1_15' title='bbox 313 874 405 938; x_wconf 91' lang='lat' dir='ltr'><strong>quem</strong></span> <span class='ocrx_word' id='word_1_16' title='bbox 428 855 543 942; x_wconf 79' lang='lat' dir='ltr'><strong>diligit,</strong></span> <span class='ocrx_word' id='word_1_17' title='bbox 567 854 763 922; x_wconf 88' lang='lat' dir='ltr'><strong>nullomodo</strong></span> <span class='ocrx_word' id='word_1_18' title='bbox 779 855 872 922; x_wconf 84' lang='lat' dir='ltr'><strong>debet</strong></span> <span class='ocrx_word' id='word_1_19' title='bbox 888 852 1208 936; x_wconf 80' lang='lat' dir='ltr'><strong>ssuppiiostionibus</strong></span> <span class='ocrx_word' id='word_1_20' title='bbox 1232 872 1329 921; x_wconf 81' lang='lat' dir='ltr'><strong>nenes-</strong></span> 
     </span>
     <span class='ocr_line' id='line_1_4' title="bbox 204 957 1329 1041; baseline -0.004 -15"><span class='ocrx_word' id='word_1_21' title='bbox 204 962 295 1028; x_wconf 83' lang='lat' dir='ltr'><strong>eeriis</strong></span> <span class='ocrx_word' id='word_1_22' title='bbox 319 960 352 1025; x_wconf 94' lang='lat' dir='ltr'><strong>in</strong></span> <span class='ocrx_word' id='word_1_23' title='bbox 375 960 442 1026; x_wconf 88' lang='lat' dir='ltr'><strong>eius</strong></span> <span class='ocrx_word' id='word_1_24' title='bbox 465 959 732 1026; x_wconf 81' lang='lat' dir='ltr'><strong>sommendntione</strong></span> <span class='ocrx_word' id='word_1_25' title='bbox 755 975 885 1025; x_wconf 76' lang='lat' dir='ltr'><strong>sessore.</strong></span> <span class='ocrx_word' id='word_1_26' title='bbox 915 957 1106 1041; x_wconf 81' lang='lat' dir='ltr'><strong>ubicumque</strong></span> <span class='ocrx_word' id='word_1_27' title='bbox 1128 957 1219 1023; x_wconf 89' lang='lat' dir='ltr'><strong>enirn</strong></span> <span class='ocrx_word' id='word_1_28' title='bbox 1241 958 1329 1024; x_wconf 73' lang='lat' dir='ltr'><strong>ineat</strong></span> 
     </span>
     <span class='ocr_line' id='line_1_5' title="bbox 202 1061 1328 1146; baseline -0.004 -15"><span class='ocrx_word' id='word_1_29' title='bbox 202 1064 254 1131; x_wconf 90' lang='lat' dir='ltr'><strong>nel</strong></span> <span class='ocrx_word' id='word_1_30' title='bbox 276 1081 338 1130; x_wconf 93' lang='lat' dir='ltr'><strong>non</strong></span> <span class='ocrx_word' id='word_1_31' title='bbox 360 1062 463 1129; x_wconf 80' lang='lat' dir='ltr'><strong>ineest</strong></span> <span class='ocrx_word' id='word_1_32' title='bbox 485 1063 625 1130; x_wconf 82' lang='lat' dir='ltr'><strong>deinnoti</strong></span> <span class='ocrx_word' id='word_1_33' title='bbox 648 1080 729 1146; x_wconf 79' lang='lat' dir='ltr'><strong>oum,</strong></span> <span class='ocrx_word' id='word_1_34' title='bbox 761 1061 887 1146; x_wconf 87' lang='lat' dir='ltr'><strong>spiritui</strong></span> <span class='ocrx_word' id='word_1_35' title='bbox 908 1061 1031 1145; x_wconf 77' lang='lat' dir='ltr'><strong>requies</strong></span> <span class='ocrx_word' id='word_1_36' title='bbox 1060 1061 1260 1144; x_wconf 83' lang='lat' dir='ltr'><strong>udqnirends</strong></span> <span class='ocrx_word' id='word_1_37' title='bbox 1280 1064 1328 1138; x_wconf 81' lang='lat' dir='ltr'><strong>eet,</strong></span> 
     </span>
     <span class='ocr_line' id='line_1_6' title="bbox 202 1164 1352 1251; baseline -0.009 -17"><span class='ocrx_word' id='word_1_38' title='bbox 202 1168 257 1251; x_wconf 92' lang='lat' dir='ltr'><strong>qni</strong></span> <span class='ocrx_word' id='word_1_39' title='bbox 285 1186 356 1235; x_wconf 88' lang='lat' dir='ltr'><strong>oum</strong></span> <span class='ocrx_word' id='word_1_40' title='bbox 387 1167 460 1234; x_wconf 90' lang='lat' dir='ltr'><strong>inde</strong></span> <span class='ocrx_word' id='word_1_41' title='bbox 489 1166 595 1243; x_wconf 84' lang='lat' dir='ltr'><strong>exiret,</strong></span> <span class='ocrx_word' id='word_1_42' title='bbox 626 1185 731 1233; x_wconf 83' lang='lat' dir='ltr'><strong>escum</strong></span> <span class='ocrx_word' id='word_1_43' title='bbox 759 1164 894 1232; x_wconf 78' lang='lat' dir='ltr'><strong>abstulit</strong></span> <span class='ocrx_word' id='word_1_44' title='bbox 923 1183 1058 1242; x_wconf 89' lang='lat' dir='ltr'><strong>sensum,</strong></span> <span class='ocrx_word' id='word_1_45' title='bbox 1090 1183 1153 1249; x_wconf 86' lang='lat' dir='ltr'><strong>qno</strong></span> <span class='ocrx_word' id='word_1_46' title='bbox 1186 1166 1352 1232; x_wconf 78' lang='lat' dir='ltr'><strong>interesses</strong></span> 
     </span>
     <span class='ocr_line' id='line_1_7' title="bbox 203 1267 1328 1355; baseline -0.005 -17"><span class='ocrx_word' id='word_1_47' title='bbox 203 1272 312 1355; x_wconf 86' lang='lat' dir='ltr'><strong>possit,</strong></span> <span class='ocrx_word' id='word_1_48' title='bbox 343 1269 493 1354; x_wconf 86' lang='lat' dir='ltr'><strong>quomodo</strong></span> <span class='ocrx_word' id='word_1_49' title='bbox 522 1270 653 1353; x_wconf 84' lang='lat' dir='ltr'><strong>quisque</strong></span> <span class='ocrx_word' id='word_1_50' title='bbox 680 1271 722 1336; x_wconf 85' lang='lat' dir='ltr'><strong>eit</strong></span> <span class='ocrx_word' id='word_1_51' title='bbox 742 1271 810 1336; x_wconf 91' lang='lat' dir='ltr'><strong>sine</strong></span> <span class='ocrx_word' id='word_1_52' title='bbox 832 1268 865 1333; x_wconf 91' lang='lat' dir='ltr'><strong>in</strong></span> <span class='ocrx_word' id='word_1_53' title='bbox 890 1267 975 1334; x_wconf 90' lang='lat' dir='ltr'><strong>bonis</strong></span> <span class='ocrx_word' id='word_1_54' title='bbox 998 1269 1065 1333; x_wconf 91' lang='lat' dir='ltr'><strong>sine</strong></span> <span class='ocrx_word' id='word_1_55' title='bbox 1092 1267 1126 1333; x_wconf 95' lang='lat' dir='ltr'><strong>in</strong></span> <span class='ocrx_word' id='word_1_56' title='bbox 1151 1270 1259 1349; x_wconf 85' lang='lat' dir='ltr'><strong>melis,</strong></span> <span class='ocrx_word' id='word_1_57' title='bbox 1280 1286 1328 1334; x_wconf 84' lang='lat' dir='ltr'><strong>neo</strong></span> 
     </span>
     <span class='ocr_line' id='line_1_8' title="bbox 202 1372 1328 1457; baseline -0.005 -16"><span class='ocrx_word' id='word_1_58' title='bbox 202 1376 241 1441; x_wconf 86' lang='lat' dir='ltr'><strong>sb</strong></span> <span class='ocrx_word' id='word_1_59' title='bbox 263 1392 299 1441; x_wconf 79' lang='lat' dir='ltr'><strong>ee</strong></span> <span class='ocrx_word' id='word_1_60' title='bbox 322 1392 413 1441; x_wconf 84' lang='lat' dir='ltr'><strong>oerne</strong></span> <span class='ocrx_word' id='word_1_61' title='bbox 437 1375 594 1457; x_wconf 75' lang='lat' dir='ltr'><strong>exspectet</strong></span> <span class='ocrx_word' id='word_1_62' title='bbox 615 1373 758 1441; x_wconf 77' lang='lat' dir='ltr'><strong>adiuuari</strong></span> <span class='ocrx_word' id='word_1_63' title='bbox 779 1391 868 1438; x_wconf 83' lang='lat' dir='ltr'><strong>enum</strong></span> <span class='ocrx_word' id='word_1_64' title='bbox 883 1372 993 1453; x_wconf 83' lang='lat' dir='ltr'><strong>uitem,</strong></span> <span class='ocrx_word' id='word_1_65' title='bbox 1016 1372 1067 1437; x_wconf 87' lang='lat' dir='ltr'><strong>oni</strong></span> <span class='ocrx_word' id='word_1_66' title='bbox 1081 1372 1259 1455; x_wconf 73' lang='lat' dir='ltr'><strong>praebebat</strong></span> <span class='ocrx_word' id='word_1_67' title='bbox 1271 1373 1328 1456; x_wconf 83' lang='lat' dir='ltr'><strong>ipse</strong></span> 
     </span>
     <span class='ocr_line' id='line_1_9' title="bbox 203 1475 1327 1562; baseline -0.005 -18"><span class='ocrx_word' id='word_1_68' title='bbox 203 1479 312 1562; x_wconf 82' lang='lat' dir='ltr'><strong>uitem,</strong></span> <span class='ocrx_word' id='word_1_69' title='bbox 335 1495 430 1562; x_wconf 80' lang='lat' dir='ltr'><strong>quarn</strong></span> <span class='ocrx_word' id='word_1_70' title='bbox 452 1476 588 1543; x_wconf 74' lang='lat' dir='ltr'><strong>detraxit</strong></span> <span class='ocrx_word' id='word_1_71' title='bbox 610 1476 757 1543; x_wconf 78' lang='lat' dir='ltr'><strong>excedens</strong></span> <span class='ocrx_word' id='word_1_72' title='bbox 780 1480 812 1542; x_wconf 87' lang='lat' dir='ltr'><strong>et</strong></span> <span class='ocrx_word' id='word_1_73' title='bbox 834 1475 1012 1543; x_wconf 86' lang='lat' dir='ltr'><strong>redditurus</strong></span> <span class='ocrx_word' id='word_1_74' title='bbox 1028 1480 1077 1541; x_wconf 87' lang='lat' dir='ltr'><strong>est</strong></span> <span class='ocrx_word' id='word_1_75' title='bbox 1099 1476 1239 1560; x_wconf 83' lang='lat' dir='ltr'><strong>rediens,</strong></span> <span class='ocrx_word' id='word_1_76' title='bbox 1261 1494 1327 1560; x_wconf 91' lang='lat' dir='ltr'><strong>qno·</strong></span> 
     </span>
     <span class='ocr_line' id='line_1_10' title="bbox 202 1578 1327 1664; baseline -0.001 -19"><span class='ocrx_word' id='word_1_77' title='bbox 202 1580 291 1647; x_wconf 81' lang='lat' dir='ltr'><strong>niem</strong></span> <span class='ocrx_word' id='word_1_78' title='bbox 312 1598 374 1647; x_wconf 91' lang='lat' dir='ltr'><strong>non</strong></span> <span class='ocrx_word' id='word_1_79' title='bbox 397 1597 469 1645; x_wconf 85' lang='lat' dir='ltr'><strong>osro</strong></span> <span class='ocrx_word' id='word_1_80' title='bbox 492 1579 628 1662; x_wconf 90' lang='lat' dir='ltr'><strong>spiritui,</strong></span> <span class='ocrx_word' id='word_1_81' title='bbox 651 1578 705 1644; x_wconf 90' lang='lat' dir='ltr'><strong>sed</strong></span> <span class='ocrx_word' id='word_1_82' title='bbox 728 1580 856 1662; x_wconf 88' lang='lat' dir='ltr'><strong>spiritus</strong></span> <span class='ocrx_word' id='word_1_83' title='bbox 880 1578 965 1645; x_wconf 83' lang='lat' dir='ltr'><strong>serni</strong></span> <span class='ocrx_word' id='word_1_84' title='bbox 988 1578 1084 1644; x_wconf 79' lang='lat' dir='ltr'><strong>etium</strong></span> <span class='ocrx_word' id='word_1_85' title='bbox 1107 1578 1213 1664; x_wconf 90' lang='lat' dir='ltr'><strong>ipsius</strong></span> <span class='ocrx_word' id='word_1_86' title='bbox 1235 1598 1327 1647; x_wconf 90' lang='lat' dir='ltr'><strong>resur·</strong></span> 
     </span>
     <span class='ocr_line' id='line_1_11' title="bbox 203 1683 1372 1769; baseline -0.003 -21"><span class='ocrx_word' id='word_1_87' title='bbox 203 1683 348 1750; x_wconf 84' lang='lat' dir='ltr'><strong>rectionis</strong></span> <span class='ocrx_word' id='word_1_88' title='bbox 370 1683 518 1749; x_wconf 89' lang='lat' dir='ltr'><strong>meritum</strong></span> <span class='ocrx_word' id='word_1_89' title='bbox 541 1684 711 1767; x_wconf 83' lang='lat' dir='ltr'><strong>comperet,</strong></span> <span class='ocrx_word' id='word_1_90' title='bbox 734 1684 839 1750; x_wconf 72' lang='lat' dir='ltr'><strong>nuum</strong></span> <span class='ocrx_word' id='word_1_91' title='bbox 861 1684 900 1748; x_wconf 80' lang='lat' dir='ltr'><strong>nd</strong></span> <span class='ocrx_word' id='word_1_92' title='bbox 923 1700 1054 1765; x_wconf 78' lang='lat' dir='ltr'><strong>poenam</strong></span> <span class='ocrx_word' id='word_1_93' title='bbox 1076 1701 1117 1749; x_wconf 81' lang='lat' dir='ltr'><strong>sn</strong></span> <span class='ocrx_word' id='word_1_94' title='bbox 1141 1684 1185 1750; x_wconf 72' lang='lat' dir='ltr'><strong>nd</strong></span> <span class='ocrx_word' id='word_1_95' title='bbox 1205 1685 1372 1769; x_wconf 69' lang='lat' dir='ltr'><strong>gloriani,</strong></span> 
     </span>
     <span class='ocr_line' id='line_1_12' title="bbox 202 1788 1372 1935; baseline -0.004 -82"><span class='ocrx_word' id='word_1_96' title='bbox 202 1788 388 1854; x_wconf 85' lang='lat' dir='ltr'><strong>reuiuesoet.</strong></span> <span class='ocrx_word' id='word_1_97' title='bbox 1370 1828 1372 1935; x_wconf 33' lang='grc'>1</span> 
     </span>
    </p>
   </div>
   <div class='ocr_carea' id='block_1_3' title="bbox 723 1974 813 2060">
    <p class='ocr_par' dir='ltr' id='par_1_3' title="bbox 723 1974 813 2060">
     <span class='ocr_line' id='line_1_13' title="bbox 723 1974 813 2060; baseline -0.022 0"><span class='ocrx_word' id='word_1_98' title='bbox 723 1974 813 2060; x_wconf 92' lang='grc'><strong>000.</strong></span> 
     </span>
    </p>
   </div>
   <div class='ocr_carea' id='block_1_4' title="bbox 205 2146 1326 2284">
    <p class='ocr_par' dir='ltr' id='par_1_4' title="bbox 205 2146 1326 2284">
     <span class='ocr_line' id='line_1_14' title="bbox 205 2146 1326 2208; baseline -0.003 -13"><span class='ocrx_word' id='word_1_99' title='bbox 205 2146 300 2208; x_wconf 80' lang='lat' dir='ltr'><strong><em>QVOD</em></strong></span> <span class='ocrx_word' id='word_1_100' title='bbox 333 2146 440 2196; x_wconf 75' lang='lat' dir='ltr'><strong>snm</strong></span> <span class='ocrx_word' id='word_1_101' title='bbox 470 2148 507 2196; x_wconf 79' lang='lat' dir='ltr'><strong>IN</strong></span> <span class='ocrx_word' id='word_1_102' title='bbox 535 2148 659 2198; x_wconf 76' lang='lat' dir='ltr'>SOMNIS</span> <span class='ocrx_word' id='word_1_103' title='bbox 687 2149 819 2198; x_wconf 75' lang='lat' dir='ltr'><strong>nossnvl</strong></span> <span class='ocrx_word' id='word_1_104' title='bbox 849 2147 1029 2195; x_wconf 63' lang='lat' dir='ltr'><strong>Arniensis</strong></span> <span class='ocrx_word' id='word_1_105' title='bbox 1059 2147 1259 2197; x_wconf 69' lang='lat' dir='ltr'><strong>Pvnnurvle</strong></span> <span class='ocrx_word' id='word_1_106' title='bbox 1289 2146 1326 2194; x_wconf 76' lang='lat' dir='ltr'><strong>EX</strong></span> 
     </span>
     <span class='ocr_line' id='line_1_15' title="bbox 336 2231 1209 2284; baseline 0 -3"><span class='ocrx_word' id='word_1_107' title='bbox 336 2235 455 2283; x_wconf 75' lang='lat' dir='ltr'>EODEM</span> <span class='ocrx_word' id='word_1_108' title='bbox 481 2235 585 2284; x_wconf 53' lang='lat' dir='ltr'><strong>lemno</strong></span> <span class='ocrx_word' id='word_1_109' title='bbox 608 2237 654 2283; x_wconf 79' lang='lat' dir='ltr'><strong>DE</strong></span> <span class='ocrx_word' id='word_1_110' title='bbox 677 2234 768 2284; x_wconf 75' lang='lat' dir='ltr'><strong>CVRA</strong></span> <span class='ocrx_word' id='word_1_111' title='bbox 790 2234 1006 2284; x_wconf 74' lang='lat' dir='ltr'><strong><em>MOBTVORVH</em></strong></span> <span class='ocrx_word' id='word_1_112' title='bbox 1029 2231 1209 2282; x_wconf 66' lang='lat' dir='ltr'><strong>(inanum.</strong></span> 
     </span>
    </p>
   </div>
   <div class='ocr_carea' id='block_1_5' title="bbox 134 2350 1352 3882">
    <p class='ocr_par' dir='ltr' id='par_1_5' title="bbox 134 2350 1352 3882">
     <span class='ocr_line' id='line_1_16' title="bbox 134 2350 1350 2439; baseline -0.005 -21"><span class='ocrx_word' id='word_1_113' title='bbox 134 2360 198 2428; x_wconf 83' lang='lat'><strong>325</strong></span> <span class='ocrx_word' id='word_1_114' title='bbox 250 2352 426 2420; x_wconf 85' lang='lat' dir='ltr'><strong>Nerrsntur</strong></span> <span class='ocrx_word' id='word_1_115' title='bbox 448 2357 516 2421; x_wconf 84' lang='lat' dir='ltr'><strong>uiso</strong></span> <span class='ocrx_word' id='word_1_116' title='bbox 538 2355 699 2439; x_wconf 82' lang='lat' dir='ltr'><strong>quaedem,</strong></span> <span class='ocrx_word' id='word_1_117' title='bbox 723 2373 802 2438; x_wconf 83' lang='lat' dir='ltr'><strong>quse</strong></span> <span class='ocrx_word' id='word_1_118' title='bbox 823 2354 898 2421; x_wconf 87' lang='lat' dir='ltr'><strong>huie</strong></span> <span class='ocrx_word' id='word_1_119' title='bbox 916 2353 1124 2436; x_wconf 73' lang='lat' dir='ltr'><strong>disputationi</strong></span> <span class='ocrx_word' id='word_1_120' title='bbox 1148 2371 1214 2419; x_wconf 91' lang='lat' dir='ltr'><strong>non</strong></span> <span class='ocrx_word' id='word_1_121' title='bbox 1235 2350 1350 2436; x_wconf 78' lang='lat' dir='ltr'><strong>nogion</strong></span> 
     </span>
     <span class='ocr_line' id='line_1_17' title="bbox 207 2456 1326 2542; baseline -0.004 -19"><span class='ocrx_word' id='word_1_122' title='bbox 207 2457 341 2542; x_wconf 81' lang='lat' dir='ltr'><strong>gendum</strong></span> <span class='ocrx_word' id='word_1_123' title='bbox 363 2457 530 2524; x_wconf 76' lang='lat' dir='ltr'><strong>uideantur</strong></span> <span class='ocrx_word' id='word_1_124' title='bbox 552 2457 665 2524; x_wconf 85' lang='lat' dir='ltr'><strong>inferre</strong></span> <span class='ocrx_word' id='word_1_125' title='bbox 688 2458 912 2542; x_wconf 81' lang='lat' dir='ltr'><strong>quaestionem.</strong></span> <span class='ocrx_word' id='word_1_126' title='bbox 946 2456 1093 2523; x_wconf 83' lang='lat' dir='ltr'><strong>feruntur</strong></span> <span class='ocrx_word' id='word_1_127' title='bbox 1117 2457 1234 2541; x_wconf 87' lang='lat' dir='ltr'><strong>quippe</strong></span> <span class='ocrx_word' id='word_1_128' title='bbox 1255 2473 1326 2520; x_wconf 86' lang='lat' dir='ltr'><strong>mor·</strong></span> 
     </span>
     <span class='ocr_line' id='line_1_18' title="bbox 208 2560 1328 2644; baseline 0 -19"><span class='ocrx_word' id='word_1_129' title='bbox 208 2561 256 2625; x_wconf 83' lang='lat' dir='ltr'><strong>tui</strong></span> <span class='ocrx_word' id='word_1_130' title='bbox 278 2562 421 2627; x_wconf 89' lang='lat' dir='ltr'><strong>nonnulli</strong></span> <span class='ocrx_word' id='word_1_131' title='bbox 443 2562 496 2627; x_wconf 91' lang='lat' dir='ltr'><strong>nel</strong></span> <span class='ocrx_word' id='word_1_132' title='bbox 518 2563 549 2627; x_wconf 94' lang='lat' dir='ltr'><strong>in</strong></span> <span class='ocrx_word' id='word_1_133' title='bbox 571 2564 688 2628; x_wconf 91' lang='lat' dir='ltr'><strong>somnis</strong></span> <span class='ocrx_word' id='word_1_134' title='bbox 711 2561 763 2626; x_wconf 93' lang='lat' dir='ltr'><strong>uel</strong></span> <span class='ocrx_word' id='word_1_135' title='bbox 788 2562 849 2628; x_wconf 80' lang='lat' dir='ltr'><strong>ulio</strong></span> <span class='ocrx_word' id='word_1_136' title='bbox 871 2578 1066 2644; x_wconf 81' lang='lat' dir='ltr'><strong>quocumque</strong></span> <span class='ocrx_word' id='word_1_137' title='bbox 1088 2560 1183 2625; x_wconf 90' lang='lat' dir='ltr'><strong>modo</strong></span> <span class='ocrx_word' id='word_1_138' title='bbox 1205 2576 1328 2643; x_wconf 75' lang='lat' dir='ltr'><strong>oppetu-</strong></span> 
     </span>
     <span class='ocr_line' id='line_1_19' title="bbox 208 2662 1328 2747; baseline -0.003 -19"><span class='ocrx_word' id='word_1_139' title='bbox 208 2663 268 2729; x_wconf 89' lang='lat' dir='ltr'><strong>isee</strong></span> <span class='ocrx_word' id='word_1_140' title='bbox 300 2664 480 2731; x_wconf 87' lang='lat' dir='ltr'><strong>uiuentibus</strong></span> <span class='ocrx_word' id='word_1_141' title='bbox 509 2667 603 2747; x_wconf 82' lang='lat' dir='ltr'><strong>utque</strong></span> <span class='ocrx_word' id='word_1_142' title='bbox 631 2664 684 2732; x_wconf 91' lang='lat' dir='ltr'><strong>ubi</strong></span> <span class='ocrx_word' id='word_1_143' title='bbox 713 2683 819 2730; x_wconf 90' lang='lat' dir='ltr'><strong>eorum</strong></span> <span class='ocrx_word' id='word_1_144' title='bbox 848 2681 975 2747; x_wconf 85' lang='lat' dir='ltr'><strong>eorporn</strong></span> <span class='ocrx_word' id='word_1_145' title='bbox 1003 2663 1142 2728; x_wconf 82' lang='lat' dir='ltr'><strong>inserent</strong></span> <span class='ocrx_word' id='word_1_146' title='bbox 1175 2662 1328 2728; x_wconf 76' lang='lat' dir='ltr'><strong>innume</strong></span> 
     </span>
     <span class='ocr_line' id='line_1_20' title="bbox 209 2765 1327 2850; baseline 0.004 -19"><span class='ocrx_word' id='word_1_147' title='bbox 209 2766 425 2850; x_wconf 80' lang='lat' dir='ltr'><strong>nescientibus,</strong></span> <span class='ocrx_word' id='word_1_148' title='bbox 448 2765 585 2850; x_wconf 81' lang='lat' dir='ltr'><strong>iocisque</strong></span> <span class='ocrx_word' id='word_1_149' title='bbox 603 2767 788 2833; x_wconf 74' lang='lat' dir='ltr'><strong>monstratis</strong></span> <span class='ocrx_word' id='word_1_150' title='bbox 804 2766 1012 2844; x_wconf 74' lang='lat' dir='ltr'><strong>admonuisse,</strong></span> <span class='ocrx_word' id='word_1_151' title='bbox 1036 2767 1072 2831; x_wconf 88' lang='lat' dir='ltr'><strong>ut</strong></span> <span class='ocrx_word' id='word_1_152' title='bbox 1086 2765 1148 2831; x_wconf 88' lang='lat' dir='ltr'><strong>sibi</strong></span> <span class='ocrx_word' id='word_1_153' title='bbox 1165 2766 1327 2849; x_wconf 71' lang='lat' dir='ltr'><strong>sepultus</strong></span> 
     </span>
     <span class='ocr_line' id='line_1_21' title="bbox 208 2868 1352 2953; baseline -0.003 -19"><span class='ocrx_word' id='word_1_154' title='bbox 208 2887 287 2951; x_wconf 85' lang='lat' dir='ltr'><strong>quoe</strong></span> <span class='ocrx_word' id='word_1_155' title='bbox 309 2868 458 2947; x_wconf 77' lang='lat' dir='ltr'><strong>defuerat,</strong></span> <span class='ocrx_word' id='word_1_156' title='bbox 484 2869 695 2953; x_wconf 82' lang='lat' dir='ltr'><strong>praeberetur.</strong></span> <span class='ocrx_word' id='word_1_157' title='bbox 731 2870 808 2936; x_wconf 87' lang='lat' dir='ltr'><strong>haee</strong></span> <span class='ocrx_word' id='word_1_158' title='bbox 829 2871 858 2935; x_wconf 93' lang='lat' dir='ltr'><strong>si</strong></span> <span class='ocrx_word' id='word_1_159' title='bbox 880 2869 961 2936; x_wconf 85' lang='lat' dir='ltr'><strong>isles</strong></span> <span class='ocrx_word' id='word_1_160' title='bbox 983 2886 1050 2934; x_wconf 90' lang='lat' dir='ltr'><strong>esee</strong></span> <span class='ocrx_word' id='word_1_161' title='bbox 1073 2869 1352 2953; x_wconf 71' lang='lat' dir='ltr'><strong>responderimus»</strong></span> 
     </span>
     <span class='ocr_line' id='line_1_22' title="bbox 208 2972 1327 3057; baseline 0 -19"><span class='ocrx_word' id='word_1_162' title='bbox 208 2973 318 3038; x_wconf 70' lang='lat' dir='ltr'><strong>nonus</strong></span> <span class='ocrx_word' id='word_1_163' title='bbox 345 2975 538 3056; x_wconf 81' lang='lat' dir='ltr'><strong>quorundum</strong></span> <span class='ocrx_word' id='word_1_164' title='bbox 567 2974 683 3057; x_wconf 83' lang='lat' dir='ltr'><strong>scriptu</strong></span> <span class='ocrx_word' id='word_1_165' title='bbox 708 2972 847 3039; x_wconf 88' lang='lat' dir='ltr'><strong>fidelium</strong></span> <span class='ocrx_word' id='word_1_166' title='bbox 877 2975 910 3037; x_wconf 84' lang='lat' dir='ltr'><strong>et</strong></span> <span class='ocrx_word' id='word_1_167' title='bbox 938 2976 1048 3037; x_wconf 84' lang='lat' dir='ltr'><strong>eontra</strong></span> <span class='ocrx_word' id='word_1_168' title='bbox 1076 2990 1188 3037; x_wconf 86' lang='lat' dir='ltr'><strong>eornm</strong></span> <span class='ocrx_word' id='word_1_169' title='bbox 1216 2988 1327 3038; x_wconf 84' lang='lat' dir='ltr'><strong>sensnm</strong></span> 
     </span>
     <span class='ocr_line' id='line_1_23' title="bbox 208 3072 1327 3159; baseline -0.004 -19"><span class='ocrx_word' id='word_1_170' title='bbox 208 3075 262 3158; x_wconf 91' lang='lat' dir='ltr'><strong>qui</strong></span> <span class='ocrx_word' id='word_1_171' title='bbox 286 3077 365 3142; x_wconf 82' lang='lat' dir='ltr'><strong>tulin</strong></span> <span class='ocrx_word' id='word_1_172' title='bbox 386 3074 448 3142; x_wconf 91' lang='lat' dir='ltr'><strong>eibi</strong></span> <span class='ocrx_word' id='word_1_173' title='bbox 471 3075 621 3141; x_wconf 83' lang='lat' dir='ltr'><strong>eouidisee</strong></span> <span class='ocrx_word' id='word_1_174' title='bbox 643 3075 838 3158; x_wconf 82' lang='lat' dir='ltr'><strong>confirment,</strong></span> <span class='ocrx_word' id='word_1_175' title='bbox 865 3075 1065 3159; x_wconf 86' lang='lat' dir='ltr'><strong>impudenter</strong></span> <span class='ocrx_word' id='word_1_176' title='bbox 1088 3074 1197 3141; x_wconf 87' lang='lat' dir='ltr'><strong>uenire</strong></span> <span class='ocrx_word' id='word_1_177' title='bbox 1218 3072 1327 3141; x_wconf 85' lang='lat' dir='ltr'><strong>uideti-</strong></span> 
     </span>
     <span class='ocr_line' id='line_1_24' title="bbox 208 3177 1327 3263; baseline -0.004 -19"><span class='ocrx_word' id='word_1_178' title='bbox 208 3196 287 3244; x_wconf 88' lang='lat' dir='ltr'><strong>mur.</strong></span> <span class='ocrx_word' id='word_1_179' title='bbox 326 3177 381 3244; x_wconf 91' lang='lat' dir='ltr'><strong>sed</strong></span> <span class='ocrx_word' id='word_1_180' title='bbox 402 3180 650 3263; x_wconf 85' lang='lat' dir='ltr'><strong>respondendnm</strong></span> <span class='ocrx_word' id='word_1_181' title='bbox 673 3183 804 3244; x_wconf 87' lang='lat' dir='ltr'><strong>estnon</strong></span> <span class='ocrx_word' id='word_1_182' title='bbox 827 3180 894 3245; x_wconf 93' lang='lat' dir='ltr'><strong>ideo</strong></span> <span class='ocrx_word' id='word_1_183' title='bbox 917 3179 1092 3262; x_wconf 83' lang='lat' dir='ltr'><strong>putendum</strong></span> <span class='ocrx_word' id='word_1_184' title='bbox 1108 3198 1177 3245; x_wconf 86' lang='lat' dir='ltr'><strong>esse</strong></span> <span class='ocrx_word' id='word_1_185' title='bbox 1198 3180 1327 3245; x_wconf 82' lang='lat' dir='ltr'><strong>mortuos</strong></span> 
     </span>
     <span class='ocr_line' id='line_1_25' title="bbox 209 3280 1328 3365; baseline -0.004 -17"><span class='ocrx_word' id='word_1_186' title='bbox 209 3281 271 3348; x_wconf 82' lang='lat' dir='ltr'><strong>isto</strong></span> <span class='ocrx_word' id='word_1_187' title='bbox 293 3282 418 3365; x_wconf 88' lang='lat' dir='ltr'><strong>sentire,</strong></span> <span class='ocrx_word' id='word_1_188' title='bbox 443 3285 517 3365; x_wconf 83' lang='lat' dir='ltr'><strong>quie</strong></span> <span class='ocrx_word' id='word_1_189' title='bbox 540 3283 614 3348; x_wconf 83' lang='lat' dir='ltr'><strong>haec</strong></span> <span class='ocrx_word' id='word_1_190' title='bbox 636 3282 736 3348; x_wconf 84' lang='lat' dir='ltr'><strong>disere</strong></span> <span class='ocrx_word' id='word_1_191' title='bbox 758 3282 809 3348; x_wconf 91' lang='lat' dir='ltr'><strong>uel</strong></span> <span class='ocrx_word' id='word_1_192' title='bbox 831 3283 972 3348; x_wconf 79' lang='lat' dir='ltr'><strong>indidere</strong></span> <span class='ocrx_word' id='word_1_193' title='bbox 995 3283 1046 3347; x_wconf 88' lang='lat' dir='ltr'><strong>uel</strong></span> <span class='ocrx_word' id='word_1_194' title='bbox 1068 3283 1176 3365; x_wconf 92' lang='lat' dir='ltr'><strong>petere</strong></span> <span class='ocrx_word' id='word_1_195' title='bbox 1191 3280 1328 3348; x_wconf 81' lang='lat' dir='ltr'><strong>uidentur</strong></span> 
     </span>
     <span class='ocr_line' id='line_1_26' title="bbox 209 3382 1352 3469; baseline -0.007 -19"><span class='ocrx_word' id='word_1_196' title='bbox 209 3384 243 3450; x_wconf 93' lang='lat' dir='ltr'><strong>in</strong></span> <span class='ocrx_word' id='word_1_197' title='bbox 266 3387 392 3452; x_wconf 86' lang='lat' dir='ltr'><strong>somnis.</strong></span> <span class='ocrx_word' id='word_1_198' title='bbox 423 3405 495 3452; x_wconf 86' lang='lat' dir='ltr'><strong>nam</strong></span> <span class='ocrx_word' id='word_1_199' title='bbox 518 3388 550 3452; x_wconf 86' lang='lat' dir='ltr'><strong>et</strong></span> <span class='ocrx_word' id='word_1_200' title='bbox 571 3388 713 3452; x_wconf 86' lang='lat' dir='ltr'><strong>uiuentes</strong></span> <span class='ocrx_word' id='word_1_201' title='bbox 736 3388 887 3469; x_wconf 79' lang='lat' dir='ltr'><strong>apparent</strong></span> <span class='ocrx_word' id='word_1_202' title='bbox 909 3403 1000 3467; x_wconf 80' lang='lat' dir='ltr'><strong>saepe</strong></span> <span class='ocrx_word' id='word_1_203' title='bbox 1022 3384 1207 3452; x_wconf 87' lang='lat' dir='ltr'><strong>uiuentibus</strong></span> <span class='ocrx_word' id='word_1_204' title='bbox 1223 3382 1352 3449; x_wconf 78' lang='lat' dir='ltr'><strong>dormi-s</strong></span> 
     </span>
     <span class='ocr_line' id='line_1_27' title="bbox 208 3483 1327 3575; baseline -0.004 -23"><span class='ocrx_word' id='word_1_205' title='bbox 208 3487 339 3570; x_wconf 88' lang='lat' dir='ltr'><strong>entibus,</strong></span> <span class='ocrx_word' id='word_1_206' title='bbox 369 3490 445 3556; x_wconf 91' lang='lat' dir='ltr'><strong>dum</strong></span> <span class='ocrx_word' id='word_1_207' title='bbox 479 3508 511 3556; x_wconf 90' lang='lat' dir='ltr'><strong>se</strong></span> <span class='ocrx_word' id='word_1_208' title='bbox 544 3490 604 3575; x_wconf 89' lang='lat' dir='ltr'><strong>ipsi</strong></span> <span class='ocrx_word' id='word_1_209' title='bbox 627 3489 769 3555; x_wconf 84' lang='lat' dir='ltr'><strong>nesninnt</strong></span> <span class='ocrx_word' id='word_1_210' title='bbox 802 3507 960 3573; x_wconf 85' lang='lat' dir='ltr'><strong>spperere,</strong></span> <span class='ocrx_word' id='word_1_211' title='bbox 983 3494 1015 3554; x_wconf 89' lang='lat' dir='ltr'><strong>et</strong></span> <span class='ocrx_word' id='word_1_212' title='bbox 1036 3488 1075 3553; x_wconf 86' lang='lat' dir='ltr'><strong>sb</strong></span> <span class='ocrx_word' id='word_1_213' title='bbox 1103 3488 1147 3554; x_wconf 91' lang='lat' dir='ltr'><strong>eis</strong></span> <span class='ocrx_word' id='word_1_214' title='bbox 1179 3488 1257 3554; x_wconf 85' lang='lat' dir='ltr'><strong>hseo</strong></span> <span class='ocrx_word' id='word_1_215' title='bbox 1282 3483 1327 3568; x_wconf 90' lang='lat' dir='ltr'><strong>qui</strong></span> 
     </span>
     <span class='ocr_line' id='line_1_28' title="bbox 208 3586 1327 3676; baseline -0.007 -20"><span class='ocrx_word' id='word_1_216' title='bbox 208 3590 433 3658; x_wconf 83' lang='lat' dir='ltr'><strong>somniauerint</strong></span> <span class='ocrx_word' id='word_1_217' title='bbox 456 3592 589 3659; x_wconf 77' lang='lat' dir='ltr'><strong>audiunt</strong></span> <span class='ocrx_word' id='word_1_218' title='bbox 611 3592 797 3671; x_wconf 83' lang='lat' dir='ltr'><strong>dioeniibus,</strong></span> <span class='ocrx_word' id='word_1_219' title='bbox 821 3594 903 3676; x_wconf 87' lang='lat' dir='ltr'><strong>quod</strong></span> <span class='ocrx_word' id='word_1_220' title='bbox 925 3610 978 3658; x_wconf 85' lang='lat' dir='ltr'><strong>eos</strong></span> <span class='ocrx_word' id='word_1_221' title='bbox 1002 3590 1177 3656; x_wconf 89' lang='lat' dir='ltr'><strong>insomnis</strong></span> <span class='ocrx_word' id='word_1_222' title='bbox 1201 3586 1327 3657; x_wconf 86' lang='lat' dir='ltr'><strong>uiderint</strong></span> 
     </span>
     <span class='ocr_line' id='line_1_29' title="bbox 209 3691 1325 3780; baseline -0.006 -20"><span class='ocrx_word' id='word_1_223' title='bbox 209 3702 335 3776; x_wconf 77' lang='lat' dir='ltr'><strong>egentes</strong></span> <span class='ocrx_word' id='word_1_224' title='bbox 365 3695 485 3779; x_wconf 78' lang='lat' dir='ltr'><strong>aliquid</strong></span> <span class='ocrx_word' id='word_1_225' title='bbox 515 3697 566 3762; x_wconf 91' lang='lat' dir='ltr'><strong>uel</strong></span> <span class='ocrx_word' id='word_1_226' title='bbox 595 3696 769 3780; x_wconf 88' lang='lat' dir='ltr'><strong>loquentes.</strong></span> <span class='ocrx_word' id='word_1_227' title='bbox 803 3697 830 3761; x_wconf 93' lang='lat' dir='ltr'><strong>si</strong></span> <span class='ocrx_word' id='word_1_228' title='bbox 860 3714 932 3777; x_wconf 81' lang='lat' dir='ltr'><strong>ergo</strong></span> <span class='ocrx_word' id='word_1_229' title='bbox 963 3713 1014 3760; x_wconf 90' lang='lat' dir='ltr'><strong>me</strong></span> <span class='ocrx_word' id='word_1_230' title='bbox 1043 3696 1148 3776; x_wconf 83' lang='lat' dir='ltr'><strong>potest</strong></span> <span class='ocrx_word' id='word_1_231' title='bbox 1170 3692 1280 3778; x_wconf 81' lang='lat' dir='ltr'><strong>aliquis</strong></span> <span class='ocrx_word' id='word_1_232' title='bbox 1300 3691 1325 3753; x_wconf 90' lang='lat' dir='ltr'><strong>in</strong></span> 
     </span>
     <span class='ocr_line' id='line_1_30' title="bbox 209 3795 1325 3882; baseline -0.009 -16"><span class='ocrx_word' id='word_1_233' title='bbox 209 3801 327 3867; x_wconf 92' lang='lat' dir='ltr'><strong>somnis</strong></span> <span class='ocrx_word' id='word_1_234' title='bbox 356 3800 463 3868; x_wconf 91' lang='lat' dir='ltr'><strong>uidere</strong></span> <span class='ocrx_word' id='word_1_235' title='bbox 492 3799 554 3867; x_wconf 88' lang='lat' dir='ltr'><strong>sibi</strong></span> <span class='ocrx_word' id='word_1_236' title='bbox 576 3799 704 3882; x_wconf 84' lang='lat' dir='ltr'><strong>aliquid,</strong></span> <span class='ocrx_word' id='word_1_237' title='bbox 733 3798 896 3882; x_wconf 87' lang='lat' dir='ltr'><strong>quodquod</strong></span> <span class='ocrx_word' id='word_1_238' title='bbox 922 3798 1042 3865; x_wconf 80' lang='lat' dir='ltr'><strong>foetum</strong></span> <span class='ocrx_word' id='word_1_239' title='bbox 1066 3798 1124 3875; x_wconf 73' lang='lat' dir='ltr'><strong>est,</strong></span> <span class='ocrx_word' id='word_1_240' title='bbox 1146 3795 1325 3862; x_wconf 80' lang='lat' dir='ltr'><strong>indicentem</strong></span> 
     </span>
    </p>
   </div>
   <div class='ocr_carea' id='block_1_6' title="bbox 262 4034 1326 4139">
    <p class='ocr_par' dir='ltr' id='par_1_6' title="bbox 262 4034 1326 4139">
     <span class='ocr_line' id='line_1_31' title="bbox 262 4034 1326 4139; baseline -0.008 -28"><span class='ocrx_word' id='word_1_241' title='bbox 262 4057 295 4111; x_wconf 92' lang='grc'><strong>10</strong></span> <span class='ocrx_word' id='word_1_242' title='bbox 313 4061 451 4127; x_wconf 77' lang='lat' dir='ltr'><strong>comperet</strong></span> <span class='ocrx_word' id='word_1_243' title='bbox 462 4061 553 4112; x_wconf 83' lang='lat' dir='ltr'><strong>ntrnm</strong></span> <span class='ocrx_word' id='word_1_244' title='bbox 576 4055 642 4112; x_wconf 73' lang='lat'><strong>01²:</strong></span> <span class='ocrx_word' id='word_1_245' title='bbox 672 4034 901 4139; x_wconf 64' lang='lat' dir='ltr'><strong>oompumtur&#39;rum</strong></span> <span class='ocrx_word' id='word_1_246' title='bbox 917 4055 940 4119; x_wconf 90' lang='lat' dir='ltr'><strong>(r</strong></span> <span class='ocrx_word' id='word_1_247' title='bbox 953 4052 1089 4119; x_wconf 50' lang='lat' dir='ltr'><strong>del-md)</strong></span> <span class='ocrx_word' id='word_1_248' title='bbox 1115 4053 1139 4107; x_wconf 95' lang='lat' dir='ltr'><strong><em>V</em></strong></span> <span class='ocrx_word' id='word_1_249' title='bbox 1230 4052 1260 4105; x_wconf 79' lang='lat'><strong>12</strong></span> <span class='ocrx_word' id='word_1_250' title='bbox 1276 4063 1326 4117; x_wconf 73' lang='grc' dir='ltr'><em>σαι).</em></span> 
     </span>
    </p>
   </div>
   <div class='ocr_carea' id='block_1_7' title="bbox 207 4155 1328 4576">
    <p class='ocr_par' dir='ltr' id='par_1_7' title="bbox 207 4155 1328 4576">
     <span class='ocr_line' id='line_1_32' title="bbox 210 4155 1325 4216; baseline -0.008 -2"><span class='ocrx_word' id='word_1_251' title='bbox 210 4158 301 4214; x_wconf 73' lang='lat' dir='ltr'><strong>CCC·</strong></span> <span class='ocrx_word' id='word_1_252' title='bbox 321 4160 357 4213; x_wconf 83' lang='lat' dir='ltr'><strong>V:</strong></span> <span class='ocrx_word' id='word_1_253' title='bbox 384 4159 547 4216; x_wconf 75' lang='lat' dir='ltr'><strong>cccxvi&gt;</strong></span> <span class='ocrx_word' id='word_1_254' title='bbox 572 4158 718 4216; x_wconf 79' lang='lat' dir='ltr'>CCCXVII</span> <span class='ocrx_word' id='word_1_255' title='bbox 739 4159 782 4215; x_wconf 77' lang='lat' dir='ltr'><strong>Ge</strong></span> <span class='ocrx_word' id='word_1_256' title='bbox 873 4158 905 4211; x_wconf 87' lang='lat'><strong>13</strong></span> <span class='ocrx_word' id='word_1_257' title='bbox 923 4157 1023 4211; x_wconf 86' lang='lat' dir='ltr'><strong>mortni</strong></span> <span class='ocrx_word' id='word_1_258' title='bbox 1046 4156 1082 4211; x_wconf 88' lang='lat' dir='ltr'><strong>V:</strong></span> <span class='ocrx_word' id='word_1_259' title='bbox 1109 4157 1212 4211; x_wconf 82' lang='lat' dir='ltr'><strong>mortni</strong></span> <span class='ocrx_word' id='word_1_260' title='bbox 1224 4155 1325 4210; x_wconf 81' lang='lat' dir='ltr'><strong>uiuenti·</strong></span> 
     </span>
     <span class='ocr_line' id='line_1_33' title="bbox 210 4238 1327 4315; baseline -0.004 -17"><span class='ocrx_word' id='word_1_261' title='bbox 210 4244 261 4298; x_wconf 85' lang='lat' dir='ltr'><strong>bns</strong></span> <span class='ocrx_word' id='word_1_262' title='bbox 286 4244 341 4300; x_wconf 78' lang='lat'><strong>01&gt;</strong></span> <span class='ocrx_word' id='word_1_263' title='bbox 444 4247 476 4300; x_wconf 84' lang='lat'><strong>14</strong></span> <span class='ocrx_word' id='word_1_264' title='bbox 498 4250 663 4302; x_wconf 83' lang='lat' dir='ltr'><strong>mortuorum</strong></span> <span class='ocrx_word' id='word_1_265' title='bbox 686 4246 722 4301; x_wconf 86' lang='lat' dir='ltr'><strong>V:</strong></span> <span class='ocrx_word' id='word_1_266' title='bbox 752 4262 799 4315; x_wconf 85' lang='lat' dir='ltr'><strong>pro</strong></span> <span class='ocrx_word' id='word_1_267' title='bbox 822 4244 936 4299; x_wconf 87' lang='lat' dir='ltr'><strong>mortuis</strong></span> <span class='ocrx_word' id='word_1_268' title='bbox 962 4242 1017 4298; x_wconf 78' lang='lat' dir='ltr'><strong>GP</strong></span> <span class='ocrx_word' id='word_1_269' title='bbox 1118 4245 1150 4298; x_wconf 82' lang='lat'><strong>15</strong></span> <span class='ocrx_word' id='word_1_270' title='bbox 1174 4238 1327 4314; x_wconf 71' lang='lat' dir='ltr'><strong>neglegent·</strong></span> 
     </span>
     <span class='ocr_line' id='line_1_34' title="bbox 209 4328 1327 4400; baseline -0.005 -14"><span class='ocrx_word' id='word_1_271' title='bbox 209 4329 238 4386; x_wconf 88' lang='lat' dir='ltr'><em>P</em></span> <span class='ocrx_word' id='word_1_272' title='bbox 322 4332 356 4386; x_wconf 86' lang='grc'><strong>16</strong></span> <span class='ocrx_word' id='word_1_273' title='bbox 373 4332 516 4386; x_wconf 80' lang='lat' dir='ltr'><strong>nidenntnr</strong></span> <span class='ocrx_word' id='word_1_274' title='bbox 535 4334 601 4388; x_wconf 77' lang='lat' dir='ltr'><strong>GP:</strong></span> <span class='ocrx_word' id='word_1_275' title='bbox 627 4332 752 4387; x_wconf 75' lang='lat' dir='ltr'><strong>ndeern</strong></span> <span class='ocrx_word' id='word_1_276' title='bbox 768 4332 794 4387; x_wconf 98' lang='lat' dir='ltr'><strong><em>V</em></strong></span> <span class='ocrx_word' id='word_1_277' title='bbox 809 4331 854 4397; x_wconf 77' lang='lat' dir='ltr'><strong>(of.</strong></span> <span class='ocrx_word' id='word_1_278' title='bbox 871 4346 900 4400; x_wconf 79' lang='lat' dir='ltr'><strong>p.</strong></span> <span class='ocrx_word' id='word_1_279' title='bbox 918 4332 980 4394; x_wconf 77' lang='lat'><strong>755,</strong></span> <span class='ocrx_word' id='word_1_280' title='bbox 1000 4332 1025 4383; x_wconf 90' lang='grc'><strong>3.</strong></span> <span class='ocrx_word' id='word_1_281' title='bbox 1043 4332 1106 4396; x_wconf 82' lang='grc'><strong><em>967,</em></strong></span> <span class='ocrx_word' id='word_1_282' title='bbox 1125 4332 1155 4396; x_wconf 72' lang='grc'><strong>2)</strong></span> <span class='ocrx_word' id='word_1_283' title='bbox 1247 4328 1327 4383; x_wconf 67' lang='lat' dir='ltr'><strong>mro·</strong></span> 
     </span>
     <span class='ocr_line' id='line_1_35' title="bbox 209 4413 1328 4488; baseline -0.005 -16"><span class='ocrx_word' id='word_1_284' title='bbox 209 4417 395 4487; x_wconf 82' lang='lat' dir='ltr'><strong>sponderemus</strong></span> <span class='ocrx_word' id='word_1_285' title='bbox 420 4417 447 4473; x_wconf 92' lang='lat' dir='ltr'><strong><em>V</em></strong></span> <span class='ocrx_word' id='word_1_286' title='bbox 525 4418 558 4473; x_wconf 76' lang='lat'><strong>26</strong></span> <span class='ocrx_word' id='word_1_287' title='bbox 580 4420 627 4488; x_wconf 90' lang='lat' dir='ltr'><strong>qni</strong></span> <span class='ocrx_word' id='word_1_288' title='bbox 648 4418 684 4473; x_wconf 88' lang='lat' dir='ltr'><strong>V:</strong></span> <span class='ocrx_word' id='word_1_289' title='bbox 715 4433 784 4487; x_wconf 84' lang='lat' dir='ltr'><strong>quse</strong></span> <span class='ocrx_word' id='word_1_290' title='bbox 807 4417 862 4473; x_wconf 81' lang='lat' dir='ltr'><strong>GP</strong></span> <span class='ocrx_word' id='word_1_291' title='bbox 963 4416 997 4471; x_wconf 76' lang='lat'><strong>29</strong></span> <span class='ocrx_word' id='word_1_292' title='bbox 1019 4415 1162 4485; x_wconf 85' lang='lat' dir='ltr'><strong>quodquod</strong></span> <span class='ocrx_word' id='word_1_293' title='bbox 1185 4416 1234 4471; x_wconf 86' lang='lat' dir='ltr'><strong>V¹:</strong></span> <span class='ocrx_word' id='word_1_294' title='bbox 1260 4413 1328 4485; x_wconf 83' lang='lat' dir='ltr'><strong>quot·</strong></span> 
     </span>
     <span class='ocr_line' id='line_1_36' title="bbox 207 4503 506 4576; baseline 0.003 -18"><span class='ocrx_word' id='word_1_295' title='bbox 207 4506 274 4574; x_wconf 80' lang='lat' dir='ltr'><strong>quot</strong></span> <span class='ocrx_word' id='word_1_296' title='bbox 295 4504 331 4560; x_wconf 80' lang='lat' dir='ltr'><strong>V²</strong></span> <span class='ocrx_word' id='word_1_297' title='bbox 359 4504 431 4576; x_wconf 82' lang='lat' dir='ltr'><strong>qnod</strong></span> <span class='ocrx_word' id='word_1_298' title='bbox 450 4503 506 4561; x_wconf 79' lang='lat' dir='ltr'><strong>GP</strong></span> 
     </span>
    </p>
   </div>
   <div class='ocr_carea' id='block_1_8' title="bbox 0 95 1387 4814">
    <p class='ocr_par' dir='ltr' id='par_1_8' title="bbox 0 95 1387 4814">
     <span class='ocr_line' id='line_1_37' title="bbox 0 95 1387 4814; baseline 0 0"><span class='ocrx_word' id='word_1_299' title='bbox 0 95 1387 4814; x_wconf 95' lang='lat' dir='ltr'><strong> </strong></span> 
     </span>
    </p>
   </div>
  </div>
 </body>
</html>
