2760 4814
195 288 257 353 6ss
677 285 839 354 mmm

192 495 262 542 mus
285 475 575 557 concupiscentiam.
609 474 641 538 in
664 474 720 538 boc
743 479 807 538 tarn
825 491 936 554 magno
959 474 1083 556 proelio,
1107 477 1138 538 in
1155 494 1215 557 quo
1238 475 1326 539 uiuit

193 580 285 644 homo
316 579 373 643 sub
404 580 504 659 gratia
533 580 575 656 et,
608 595 678 641 cum
709 576 785 640 bene
816 580 945 659 pugnat,
976 578 1101 642 adiutus
1129 577 1323 642 exsultatio

194 684 317 747 domino
340 702 410 747 cum
433 684 577 761 tremore,
602 699 662 745 non
684 680 798 744 desunt
820 685 924 744 tamen
949 681 1044 744 etiam
1061 681 1197 746 strenuis
1221 679 1321 745 bella·

192 784 313 851 toribus
337 788 368 850 et
389 802 514 867 operum
540 782 643 847 carnis
665 782 808 865 quamuis
830 782 956 847 inuictis
973 783 1244 849 mortificatoribus
1260 783 1320 848 ali·

194 906 254 971 qua
270 892 399 953 uulnera
413 891 621 970 peccatorum,
645 890 769 968 propter
791 904 869 968 quae
884 889 1023 951 sananda
1037 887 1150 952 cotidie
1168 889 1320 952 ueraciter
1339 903 1354 944 ⁵

193 992 316 1058 dicant:
340 992 500 1056 dimitte
523 989 635 1056 nobis
659 989 799 1054 debita
820 993 964 1065 nostra,
994 990 1222 1055 contraeadem
1239 990 1319 1055 uitia

192 1099 224 1159 et
247 1100 355 1161 contra
372 1095 541 1176 diabolum,
563 1094 734 1175 principem
751 1110 916 1176 regemque
932 1094 1090 1171 uitiorum,
1118 1095 1220 1158 multo
1235 1095 1318 1178 uigi-

192 1200 309 1264 lantius
339 1199 371 1263 et
396 1199 497 1263 acrius
527 1199 596 1280 ipsa
624 1198 762 1262 oratione
791 1197 953 1274 certantes,
984 1216 1022 1261 ne
1048 1197 1178 1262 ualeant
1199 1195 1317 1278 aliquid

192 1301 368 1366 mortiferae
383 1300 597 1385 suggestiones
612 1301 686 1380 eius,
710 1300 821 1381 quibus
838 1301 968 1383 instigat
982 1300 1108 1382 insuper
1124 1302 1317 1382 peccatorem

192 1406 232 1469 ad
255 1421 311 1469 sua
331 1405 503 1467 excusanda
531 1403 633 1485 potius
657 1420 749 1484 quam
774 1404 945 1469 accusanda
967 1408 1103 1485 peccata,
1135 1422 1171 1468 ac
1193 1405 1238 1468 sic
1261 1402 1346 1467 illan

191 1507 322 1570 uulnera
338 1525 396 1570 non
414 1506 503 1570 rnodo
519 1523 579 1568 non
596 1509 742 1568 sanentur
758 1524 864 1569 uerum
881 1507 986 1582 etiam,
1003 1506 1062 1570 etsi
1078 1506 1241 1570 mortifera
1256 1524 1316 1571 non

192 1611 288 1693 erant,
312 1612 448 1693 grauiter
471 1612 502 1673 et
523 1609 660 1674 letaliter
676 1609 853 1690 inligantur.
885 1618 917 1674 et
936 1609 986 1675 hio
1001 1628 1073 1692 ergo
1089 1610 1225 1674 cautiore
1242 1628 1316 1693 opus

191 1719 238 1779 est
253 1714 449 1793 continentia,
474 1729 535 1793 qua
550 1711 731 1775 cohibeatur
747 1714 897 1794 superbus
913 1713 1046 1776 bominis
1060 1712 1231 1795 appetitus,
1257 1730 1316 1794 qno

191 1817 295 1901 placet
317 1815 376 1880 sibi
399 1822 430 1881 et
451 1833 512 1880 uon
534 1815 605 1879 nult
620 1815 786 1899 culpabilis
809 1815 943 1880 inueniri
963 1817 1222 1900 dedignaturque,
1246 1836 1316 1883 cunr

191 1921 310 2002 peccat,
333 1917 473 1984 conuinci
504 1917 576 1999 quid
607 1918 674 2000 ipse
697 1919 883 2001 peccauerit,
914 1936 975 1982 non
999 1919 1114 1985 salubri
1137 1921 1367 1986 bumilitatem·

191 2021 361 2106 suscipiens
385 2022 613 2087 accusationem
645 2023 704 2096 eui,
735 2022 787 2087 sed
811 2022 1038 2088 excusationem
1061 2023 1165 2105 potius
1189 2025 1317 2090 ruinosa

192 2127 324 2192 elatione
353 2127 543 2208 conquirens.
582 2125 621 2191 ad
651 2125 731 2190 banc
762 2125 940 2208 superbiam
970 2125 1190 2192 cohercendum
1214 2130 1314 2193 conti·

193 2230 330 2294 nentium
354 2230 468 2311 petiuit
489 2246 508 2292 a
528 2227 653 2295 domino
675 2229 729 2293 ille
751 2228 839 2293 cuius
862 2228 1003 2310 superius
1025 2230 1120 2295 uerba
1142 2232 1206 2295 iam
1230 2230 1315 2314 posui

191 2337 223 2398 et
253 2331 336 2398 sicut
369 2333 457 2415 potui
491 2332 715 2398 commendaui.
756 2350 887 2415 namque
922 2350 992 2396 cum
1024 2333 1167 2398 dixisset:
1202 2350 1316 2416 pone,

191 2437 359 2511 domine,
382 2435 598 2500 custodiam
621 2438 677 2502 ori
701 2453 780 2500 meo
807 2438 845 2499 et
869 2436 1014 2500 ostium
1041 2437 1374 2501 continentiam

192 2539 337 2603 circum
368 2538 472 2603 labia
494 2557 590 2613 mea;
622 2557 665 2604 ne
688 2540 865 2605 declines
889 2558 952 2606 cor
976 2558 1096 2604 meum
1127 2537 1169 2603 in
1193 2538 1317 2604 uerba

191 2643 382 2722 maligna,
413 2642 494 2705 unde
517 2642 573 2706 boc
596 2642 712 2706 diceret
734 2642 910 2707 euidentius
932 2642 1103 2725 explicans:
1135 2642 1179 2706 ud
1202 2660 1316 2706 exco-

190 2744 346 2822 sandas‚
377 2746 496 2826 inquit,
528 2748 805 2812 excusationes
835 2748 874 2811 in
904 2745 1095 2830 peccatis.
1132 2744 1206 2827 quid
1232 2747 1316 2810 enirn

191 2847 360 2931 malignius
382 2848 430 2912 bis
453 2847 564 2926 uerbis,
588 2849 699 2930 quibus
723 2850 823 2913 malus
847 2849 964 2914 malum
986 2866 1019 2912 ee
1041 2850 1135 2932 negat
1157 2850 1254 2913 etiam
1279 2848 1317 2913 de

190 2969 281 3035 opere
311 2952 392 3015 malo
414 2950 585 3029 conuictus,
616 2951 697 3033 quod
720 2970 833 3034 negare
856 2970 915 3016 non
941 2952 1069 3017 ualeat?
1107 2957 1137 3017 et
1169 2953 1350 3035 quoniamae

190 3053 309 3119 iactum
327 3072 387 3119 non
406 3056 510 3138 potest
524 3059 629 3137 tegere
643 3073 700 3118 neo
715 3057 792 3120 bene
807 3056 926 3120 lactum
942 3074 1001 3120 non
1017 3060 1119 3137 potest
1134 3055 1235 3121 dicere
1251 3057 1284 3120 et
1298 3075 1317 3120 a

292 3238 522 3303 ammam
626 3239 880 3309 rwmmm.

241 3407 521 3478 2h0m010m.P¹o
624 3410 788 3480 3strenrria]
808 3413 942 3465 extrancis
963 3413 990 3465 A
1092 3413 1253 3468 deauranda
1272 3414 1318 3478 (da

190 3509 225 3549 ec
241 3494 276 3549 do
292 3500 373 3563 corr.)
390 3496 419 3551 P
519 3497 741 3566 9suggertionie
762 3498 790 3551 P
891 3499 1000 3552 ineticet
1016 3499 1044 3552 A
1147 3503 1317 3568 peccatorum

189 3597 205 3634 o
308 3582 342 3636 10
358 3599 406 3636 sua
423 3585 452 3651 (a
469 3599 503 3638 ec
520 3583 530 3637 i
546 3586 626 3651 corr.)
645 3583 674 3638 P
767 3584 815 3654 sic]
833 3584 903 3639 sicut
919 3585 947 3638 A
1044 3585 1075 3640 ll
1095 3600 1146 3640 noo
1165 3585 1245 3640 modo
1263 3601 1317 3640 uon

191 3665 277 3721 APe:
305 3682 359 3720 non
377 3667 456 3722 modo
477 3668 504 3722 V
597 3670 658 3740 etei]
677 3673 705 3723 et
722 3672 749 3724 A
846 3670 1057 3726 mortiferaml'
1152 3672 1317 3727 licentiori

188 3768 206 3806 o
307 3766 372 3820 opus
396 3757 424 3817 (u
442 3769 476 3808 erc
493 3769 507 3806 e
524 3759 604 3820 corr.)
630 3755 658 3810 P
758 3755 791 3809 13
812 3754 919 3825 superbi
943 3757 986 3810 Ao
1087 3772 1140 3826 quo
1163 3758 1215 3813 P¹=
1244 3758 1318 3829 quod

188 3835 284 3902 P¹t⁷e;
308 3853 359 3892 om.
377 3840 405 3893 A
503 3841 536 3895 15
559 3840 624 3910 quid
645 3840 681 3896 V:
707 3840 776 3911 qnod
795 3842 866 3897 APo
965 3842 996 3896 ll
1019 3844 1185 3900 coercendam
1202 3845 1247 3900 Po

82 3968 87 3975 .
190 3923 223 3978 18
234 3923 396 4008 superlucet
487 3927 695 3983 20costodiaV
778 3927 812 3981 22
829 3927 936 3998 diceret]
950 3927 1021 3982 dioe'r
1040 3928 1078 3984 P¹
1104 3930 1201 3986 dicerit
1218 3935 1247 3986 A

188 4026 224 4082 23
240 4027 335 4095 inquid
354 4027 418 4082 AP¹
527 4033 704 4086 mancationia
720 4033 749 4086 A
859 4032 894 4086 24
911 4032 949 4100 se]
968 4034 992 4085 si
1013 4032 1041 4087 V
1146 4037 1180 4090 at
1199 4038 1273 4092 malo
1289 4040 1319 4105 (o

75 4100 78 4107 ’
188 4129 222 4168 ea
239 4128 283 4166 nm
296 4117 377 4181 corr.)
395 4115 422 4168 A
517 4116 551 4172 26
569 4117 644 4187 bene]
664 4117 737 4173 beA
835 4123 987 4188 nonpoteet
1005 4118 1100 4173 A²PV
1116 4120 1161 4186 (cf.
1185 4121 1318 4191 Othrierr.

186 4215 215 4269 p.
232 4202 296 4265 648,
314 4202 373 4264 16)=
402 4204 524 4271 potesta
627 4219 680 4257 non
699 4204 944 4274 potest-iactum]
963 4205 1028 4260 add.
1045 4206 1086 4259 A²
1102 4207 1134 4259 ira
1150 4221 1201 4276 erp.
