2760 4814
205 249 270 316 226
688 245 853 316 Eudiddii

207 440 366 505 creantur:
396 437 430 501 in
452 435 565 519 quibus
587 435 690 502 ddum
712 435 776 502 iem
798 435 951 502 formatus
973 453 1010 503 er
1031 436 1108 502 limo
1131 439 1163 503 et
1184 437 1234 503 dei
1256 436 1336 503 fletu

204 541 364 610 suimstus
386 541 468 607 sieut
490 539 616 605 frenum
639 541 797 624 enortnm3
828 540 918 605 utitor
940 539 973 604 iu
1002 539 1185 624 seminibus,
1208 539 1241 606 in
1263 542 1336 624 qni·

205 645 265 712 bus
299 663 407 711 rursus
441 642 529 727 qussi
561 640 778 725 primordiales
812 660 923 709 neusse
954 643 1139 726 repetuntur
1169 642 1206 709 de
1239 646 1334 710 rebus

206 748 327 827 duotee,
360 764 439 830 quae
472 745 643 813 seeundum
676 762 793 822 musas,
827 765 904 830 quus
931 746 1068 830 primum
1097 746 1247 824 condidit,
1280 766 1334 813 ex·

204 850 348 930 titeruut,
380 849 472 915 uelut
503 848 603 916 herbo
634 867 671 915 er
698 851 790 929 terre,
822 869 927 916 semen
949 868 985 916 ex
1012 849 1127 915 herber
1161 849 1332 932 inquibus
1355 879 1369 919 s

204 952 348 1021 omnibns
371 971 408 1019 oe
429 954 494 1018 iem
516 952 601 1018 foetu
622 952 729 1019 modos
744 955 776 1018 et
790 956 878 1020 sotus
900 953 950 1019 sui
971 951 1120 1036 temporis
1135 955 1331 1036 occeperunt,

203 1075 283 1141 quoe
305 1076 343 1122 ex
363 1055 492 1122 oooultis
515 1060 609 1139 etque
629 1054 843 1122 inuisibilibus
872 1054 1060 1139 rationibus,
1089 1056 1221 1140 quaein
1244 1076 1331 1123 ores·

202 1162 275 1227 turo
297 1158 462 1226 causaliter
484 1159 593 1239 intent,
616 1159 650 1225 iu
671 1159 855 1225 manifestus
877 1160 993 1228 formas
1013 1165 1202 1244 ueteresque
1223 1161 1331 1245 prodi·

202 1267 309 1341 ernnt3
338 1265 420 1329 mont
452 1262 548 1328 herba
577 1264 682 1328 exorte
714 1281 807 1344 super
834 1265 950 1329 terrum
980 1267 1012 1330 st
1041 1263 1133 1329 homo
1162 1262 1266 1329 foetus
1296 1264 1329 1328 iu

201 1367 339 1434 emmam
367 1367 474 1433 niuem
496 1369 528 1431 et
552 1369 655 1432 estere
683 1365 885 1433 huiusmodi
915 1368 982 1432 siue
1009 1365 1144 1432 fruteote
1172 1369 1239 1433 siue
1260 1368 1363 1437 aui-1⁰

201 1470 322 1537 mentio
342 1468 382 1536 ud
402 1467 493 1535 illum
515 1470 724 1553 operationem
745 1469 796 1535 dei
817 1469 1014 1554 pertinentia,
1046 1465 1223 1553 quousque
1244 1489 1329 1538 nuno

200 1578 354 1659 operetur.
391 1573 446 1640 ssd
476 1575 571 1640 etism
601 1573 663 1639 iste
691 1592 797 1639 seeum
827 1579 939 1658 gerunt
967 1575 1129 1656 tamquam
1158 1574 1273 1639 iterum
1295 1594 1327 1640 ee

199 1679 268 1763 ipss
294 1678 497 1745 inuisririliter
524 1680 558 1746 in
585 1679 708 1746 occulte
730 1681 862 1761 quedem
883 1681 916 1744 ui
938 1677 1118 1763 generandi,
1146 1696 1240 1762 quem
1263 1681 1326 1745 tru-

199 1781 310 1847 xerunt
331 1781 368 1846 de
389 1780 453 1847 illis
473 1779 651 1865 primordiis
673 1799 836 1848 eeueerum
858 1799 995 1861 suarum,
1026 1782 1059 1846 in
1087 1781 1198 1863 quibus
1221 1787 1326 1848 orento

115 1904 118 1910 ·
199 1885 326 1965 mundo,
349 1903 419 1950 eum
441 1886 543 1951 fertus
567 1887 615 1951 est
636 1885 712 1965 dies,
736 1890 902 1968 antequem
924 1887 957 1950 iu
976 1885 1176 1951 menifestum
1191 1885 1325 1968 speeiem
1336 1913 1360 1954 n

197 1989 247 2054 sui
269 1989 391 2073 generis
414 1992 619 2070 exorerentur,
642 1989 762 2054 inserte
783 1990 866 2054 sunt.

241 2107 275 2174 Si
297 2110 380 2176 enim
402 2112 504 2192 prime
525 2108 583 2175 ills
603 2126 696 2194 opere
717 2109 776 2194 dei,
800 2127 873 2176 eum
894 2110 989 2175 simul
1011 2110 1116 2175 omniu
1138 2109 1269 2189 oresuit,
1292 2109 1324 2175 in

196 2229 253 2277 suo
275 2213 368 2278 modo
390 2211 529 2294 perfeeto
544 2231 605 2279 uon
621 2214 734 2289 esseut,
758 2230 794 2278 ea
808 2213 914 2295 prooul
930 2212 1022 2278 dubio
1045 2213 1117 2295 post
1138 2211 1324 2280 edderentur

197 2333 276 2399 quoe
306 2315 373 2381 illis
403 2315 602 2398 perficiendis
637 2317 816 2392 defuissent,
854 2317 891 2381 ut
922 2318 1072 2398 quosdam
1108 2317 1324 2383 uniuersitatis

194 2418 345 2503 perfeetio
374 2421 536 2503 utriusque
565 2424 723 2487 oonstsret
752 2419 886 2504 siugulis
908 2421 998 2503 quusi
1019 2420 1123 2502 semis,
1153 2419 1242 2485 uelut
1264 2421 1359 2487 eli-so

196 2522 285 2586 ouius
306 2521 405 2588 totius
425 2526 531 2607 portes
552 2525 666 2600 essent
693 2542 825 2607 querum
847 2523 1060 2591 coniunctione
1084 2523 1186 2608 ipsum
1209 2525 1322 2599 totum,

195 2623 283 2688 ouius
315 2627 419 2709 portes
453 2626 588 2706 tuerent,
622 2627 837 2710 eompleretur.
874 2645 981 2692 rursus
1009 2628 1036 2691 si
1063 2627 1108 2691 ita
1135 2630 1240 2692 essent
1266 2627 1323 2692 ills

193 2727 341 2810 perfectu
368 2730 450 2794 siout
471 2729 673 2813 perficiuntur
702 2749 773 2796 eum
802 2730 868 2795 suis
901 2747 1040 2813 quaeque
1072 2730 1266 2812 temporibus
1289 2731 1323 2795 in

194 2829 379 2898 manifestes
406 2831 522 2899 formas
551 2836 684 2917 actuque
705 2836 914 2918 procreentur,
944 2832 1084 2917 profesto
1106 2837 1161 2898 aut
1183 2831 1265 2898 nihil
1287 2853 1323 2898 er

193 2932 238 2999 eis
260 2937 368 3021 postes
389 2954 445 3021 per
467 2939 607 3022 tempore
627 2935 715 3002 fieret
736 2938 791 3003 eut
813 2936 871 3002 hoo
885 2936 975 3001 fieret
995 2935 1076 3018 quod
1092 2954 1128 3001 er
1149 2935 1219 3000 istis
1242 2954 1356 3020 queen

192 3054 247 3102 suo
277 3057 416 3125 quaeque
446 3040 509 3106 iem
538 3042 677 3124 tempore
703 3040 845 3105 oriuntur
874 3042 950 3105 deus
977 3057 1038 3105 non
1066 3041 1168 3104 cesset
1190 3038 1321 3124 operari.

191 3157 274 3205 nunu
305 3145 410 3209 eutem
444 3144 518 3227 quis
540 3143 573 3209 et
594 3145 809 3209 consummate
837 3143 972 3227 quodem
1003 3142 1093 3208 modo
1123 3144 1156 3208 et
1185 3142 1321 3225 quodem

191 3243 282 3310 modo
311 3244 457 3313 inchoate
486 3251 560 3312 suut
582 3265 619 3313 ee
648 3248 717 3330 ipse
746 3265 824 3330 quoe
854 3247 1111 3330 consequentibus
1145 3245 1319 3313 euolueude

246 3447 345 3504 ldetu
363 3449 440 3546 dedo
542 3451 717 3506 derhortum
735 3452 763 3506 P
864 3451 1084 3522 dprimordielis
1101 3451 1142 3506 D¹
1245 3467 1319 3521 rspe-

190 3550 299 3621 tuntur]
318 3554 479 3650 reputuntm
499 3555 525 3609 T
613 3557 677 3611 501
694 3529 751 3611 tere
768 3556 804 3610 Τι
896 3556 1025 3611 dmodue
1042 3557 1081 3611 Ρι
1166 3555 1320 3626 eooiperunt

188 3651 219 3706 D
308 3652 501 3723 8prodiernut
519 3657 547 3723 (d
563 3657 629 3714 add.
645 3662 723 3726 oud>
741 3660 769 3715 P
862 3660 895 3716 10
912 3659 1043 3714 dnn-tecte
1058 3661 1090 3716 D
1185 3659 1218 3715 11
1235 3660 1319 3729 perti·

188 3738 296 3823 nsntier
317 3741 343 3795 V
365 3744 545 3811 pertenentis·
559 3746 591 3801 D
687 3748 720 3803 15
735 3749 765 3803 iu
783 3763 869 3804 otoo
964 3749 997 3804 16
1015 3748 1179 3804 exorirentur
1197 3746 1250 3803 T'o

190 3842 224 3899 le
248 3843 410 3899 edhorentur
437 3843 466 3912 (h
489 3849 522 3903 ios
545 3847 563 3904 d
585 3866 654 3906 oorr.
677 3867 712 3907 m.
730 3853 760 3921 2)
786 3852 817 3907 D
921 3853 954 3907 le
979 3850 1122 3920 pdoieudis
1150 3855 1222 3920 (pe
1236 3865 1272 3904 ss
1290 3853 1319 3917 2)

187 3928 215 3984 P
318 3930 352 3985 20
374 3931 464 4004 semis]
489 3936 599 3991 seminis
622 3937 651 3991 P
752 3937 785 3993 21
808 3939 1007 3994 oumiuuotione
1022 3937 1064 3992 D·
1165 3935 1200 3990 23
1218 3935 1320 4004 quique

186 4016 217 4071 D
339 4017 373 4073 24
398 4023 526 4092 ertu-que
554 4026 576 4089 (e
598 4027 679 4090 erue.)
703 4024 735 4079 D
768 4027 896 4096 uetusque
921 4025 990 4081 PTo
1114 4023 1149 4078 25
1174 4037 1242 4093 quse
1270 4039 1319 4079 suo

186 4118 273 4158 oreo
374 4106 408 4160 et
423 4108 508 4176 pisos
524 4112 552 4164 et
569 4125 618 4166 oot
636 4128 654 4167 o
755 4112 870 4182 quodem
889 4112 966 4168 modo
984 4128 1035 4168 om.
1052 4110 1124 4167 DPo
1220 4112 1249 4164 et
1267 4125 1319 4165 ose.

186 4189 274 4246 D¹Po
376 4191 411 4247 28
431 4194 566 4252 uoluendo
581 4196 677 4252 D¹P¹o
