2760 4814
186 283 250 350 594
619 369 622 374 .
668 278 832 349 Eugippii

190 490 257 538 esse
278 487 449 555 puerosque
478 469 543 534 eius
566 486 637 533 enm
660 486 694 532 eo
718 485 783 534 esse
811 468 844 533 in
866 464 974 544 cubili,
1004 465 1162 552 signifieat
1184 471 1306 553 tempus

188 575 282 641 famis
304 572 402 651 uerbi,
427 591 497 638 enm
520 571 736 654 intellegentia
754 570 920 637 clauditur.
949 574 981 635 et
1003 569 1052 635 illi
1075 570 1129 653 qui
1152 572 1309 656 euangeli-

188 699 257 747 oam
279 677 465 763 sapientiam
495 680 655 759 tamquam
677 694 790 758 panem
814 673 976 756 erogantes
1001 692 1054 757 per
1076 672 1182 740 orbem
1211 676 1311 740 terrae

187 782 454 868 praedieanerunt
488 779 576 863 pueri
609 780 706 863 patris
740 777 885 857 familias,
920 778 983 842 iam
1016 777 1091 843 sunt
1123 779 1156 843 in
1191 780 1311 845 seoreta

188 886 292 971 quiete
321 903 392 950 enm
422 882 560 961 domino;
596 883 760 948 ettamen
790 880 903 945 orando
934 879 1083 959 efficitur,
1114 882 1150 946 nt
1179 883 1343 964 aoeipiate

186 989 364 1056 desiderans
385 987 581 1053 intelleotum
604 983 643 1050 ab
667 984 734 1067 ipso
758 985 825 1060 dee,
848 984 944 1050 etiam
966 983 994 1048 si
1016 983 1108 1049 homo
1129 984 1222 1068 desit,
1254 1004 1309 1068 per

186 1110 278 1177 quem
300 1092 453 1175 sapientia
474 1090 679 1175 praedicetur.

650 1376 845 1462 ouxxffl.

186 1574 232 1622 EX
258 1571 378 1620 EODEM
405 1570 509 1619 LIBBO
537 1570 780 1630 QVAESTIONVM
802 1568 990 1617 EVANGELII
1012 1570 1048 1618 11.
1085 1568 1132 1616 DE
1154 1568 1248 1616 aaut:
1269 1568 1312 1617 ET

619 1672 714 1721 Plscu
736 1674 779 1721 ΕΤ
801 1671 880 1722 OVO.
1321 1681 1345 1721 1⁰

116 1814 178 1881 190
230 1814 277 1879 De
298 1831 376 1895 pane
399 1811 433 1877 et
454 1811 538 1894 pisoe
561 1815 593 1877 et
615 1829 683 1888 ouo,
714 1810 825 1893 quibus
848 1810 1003 1876 centraria
1028 1810 1131 1892 posuit
1161 1810 1311 1895 lapidem,

186 1918 377 1999 serpentem,
415 1915 615 1998 scorpionem.
652 1915 851 1999 intellegitur
892 1917 982 1997 panis
1026 1914 1140 1979 earitm
1182 1918 1311 2001 propter

186 2019 335 2085 maiorem
364 2019 537 2102 appetitum
566 2022 599 2084 et
627 2021 695 2082 tam
722 2017 939 2096 necessarium,
969 2023 1005 2082 ut
1032 2017 1100 2083 sine
1126 2017 1183 2083 illo
1206 2021 1312 2085 estora

187 2123 269 2189 nihil
299 2121 373 2201 sint,
406 2124 488 2188 sient
517 2122 584 2187 sine
611 2139 690 2205 pane
720 2138 825 2185 mensa
857 2121 958 2203 inops.
1002 2123 1052 2186 eui
1082 2120 1242 2187 contraria
1263 2124 1311 2188 est

189 2224 290 2293 sordis
312 2224 438 2304 duritia,
462 2242 557 2307 qnam
585 2223 682 2307 lapidi
705 2223 899 2306 coaequanit.
937 2225 1030 2308 piseis
1054 2228 1158 2290 autem
1182 2225 1344 2292 intelle-1⁸

187 2332 273 2415 gitur
299 2328 376 2394 fides
405 2327 613 2395 inuisibilium
635 2328 685 2392 uel
707 2332 833 2413 propter
854 2347 968 2411 aquam
990 2327 1139 2411 baptismi
1162 2328 1214 2393 uel
1238 2331 1312 2414 qnia

187 2435 226 2499 de
253 2431 466 2498 inuisibilibus
495 2431 571 2498 loeis
593 2431 725 2516 eapitur.
766 2432 847 2515 quod
871 2432 966 2498 etiam
988 2432 1064 2497 fides
1086 2431 1179 2497 huius
1202 2436 1310 2500 mnndi

186 2534 333 2602 fluetibus
356 2535 591 2602 eireumlatrata
612 2553 672 2601 nen
694 2535 862 2619 frangitur,
889 2540 974 2602 reete
1001 2538 1080 2622 pisei
1101 2540 1309 2621 eomparatur.

187 2639 237 2704 oni
260 2639 451 2704 eontrarium
472 2639 578 2722 posuit
591 2641 766 2724 serpentem
780 2642 905 2723 propter
919 2659 1039 2707 uenena
1056 2641 1209 2724 fallaciae,
1233 2660 1312 2724 qnae

187 2743 283 2806 etiam
313 2740 414 2823 primo
444 2741 564 2807 homini
596 2743 678 2809 male
710 2744 866 2810 suadendo
900 2745 1151 2829 praeseminanit.
1188 2745 1222 2810 in
1253 2761 1346 2810 onero

188 2844 385 2928 intellegitur
406 2863 493 2928 spes;
516 2864 610 2911 ouum
632 2846 716 2912 enim
739 2847 876 2912 nondum
893 2851 940 2913 est
961 2847 1047 2912 fetus
1069 2847 1234 2930 perfectus,
1257 2851 1312 2915 sed

189 2948 323 3015 fouendo
356 2952 507 3032 speratur.
550 2950 601 3016 oui
630 2950 824 3015 eontrarium
853 2950 957 3033 posuit
987 2951 1187 3033 seerpienem,
1223 2952 1312 3017 cuins

288 3136 306 3189 9
326 3134 360 3189 ol.
378 3134 440 3190 Lno.
461 3136 501 3203 ll,
520 3137 551 3190 11
562 3152 601 3205 sq.

242 3306 425 3377 lpnernsqne
443 3309 470 3361 A
572 3306 668 3362 cubili·
686 3315 710 3374 (s
727 3314 794 3370 roe.)
813 3309 841 3363 P
866 3307 1020 3362 eubionloo
1123 3308 1244 3380 2uerbi]
1263 3326 1314 3364 om.

187 3408 204 3446 o
297 3394 447 3462 5quietem
466 3395 504 3448 A¹
590 3393 719 3447 orandum
737 3396 793 3461 (nm
811 3395 843 3448 in
861 3409 875 3446 o
893 3400 974 3458 corr.)
992 3396 1020 3447 A
1113 3393 1313 3468 telesiderane]

188 3478 407 3534 desideratumve
514 3478 720 3549 'lpraedieatur
743 3481 779 3535 ΡΙ
886 3481 986 3549 Scap.
1010 3480 1166 3536 CLXXIIII
1189 3482 1218 3535 A
1245 3483 1315 3540 CXC

188 3564 216 3618 P
242 3564 326 3622 cx01
345 3565 388 3620 Go
489 3567 629 3637 {leodem}
648 3583 699 3621 ora.
717 3566 760 3621 Po
863 3570 899 3630 (et
918 3568 962 3632 11)
981 3583 1046 3636 pane
1065 3574 1125 3633 (orn.
1144 3570 1184 3631 et)
1202 3568 1247 3624 Po

189 3650 223 3706 12
249 3652 421 3721 seerpienem]
448 3653 630 3722 soorpluionem
653 3653 682 3708 P
712 3657 740 3706 et
762 3655 926 3722 scorpionem
948 3654 977 3707 A
1080 3655 1112 3708 13
1139 3653 1189 3708 illo
1216 3657 1317 3712 APV:

188 3736 271 3791 illae
371 3739 406 3792 14
423 3739 488 3809 sint]
507 3744 572 3793 sunt
588 3740 615 3793 A
713 3740 799 3808 inops]
819 3740 895 3809 inope
914 3742 989 3794 esto
1087 3741 1232 3811 eontraria]
1253 3761 1318 3799 eon·

188 3840 243 3895 tria
259 3841 288 3896 P
385 3843 418 3897 15
435 3845 592 3912 ooaeqnanit
608 3844 684 3899 MV:
710 3845 874 3914 eomparanit
892 3846 963 3900 APv
1061 3843 1142 3915 piscis
1159 3845 1199 3934 eis
1216 3846 1246 3901 A

191 3961 223 4017 ιτ
241 3928 387 4017 muratorii
405 3962 452 4029 (eu
464 3962 529 4017 aaa.
541 3981 575 4019 aa
588 3966 618 4031 a)
637 3966 665 4020 P
748 3966 782 4020 1e
799 3981 853 4019 non
865 3965 1009 4037 frangitur]
1028 3966 1211 4035 confringitur
1228 3984 1246 4023 e

189 4049 260 4118 pisos
276 4048 305 4104 P
399 4053 570 4120 eomparatur
587 4053 614 4106 A
720 4052 752 4106 19
770 4052 822 4122 eui]
842 4053 890 4122 qui
909 4052 936 4106 V
1030 4053 1202 4123 eontrarium]
1222 4070 1237 4107 e
1255 4072 1319 4111 con·

188 4135 312 4191 trarioo
414 4138 449 4192 20
470 4137 548 4210 male]
571 4140 681 4194 malso
782 4139 815 4192 21
839 4139 928 4193 faetus
950 4138 1020 4193 PVo
1123 4138 1157 4193 22
1180 4144 1319 4198 contario

190 4220 217 4273 A
319 4223 500 4291 soorphionem
516 4223 544 4279 Ρ
