2760 4814
181 280 244 348 192
663 278 829 349 Eeeienii

181 470 288 536 merbu
316 466 474 534 contraria
500 468 628 546 aeriter,
658 486 738 550 quae
762 487 823 533 neu
843 467 965 551 quaerit
993 487 1072 554 quae
1092 487 1151 536 sua
1171 475 1257 555 suut,
1279 471 1314 536 id

181 576 231 638 est
258 589 320 638 uon
347 570 474 654 priuata
502 570 684 636 excellentia
705 571 860 647 laetatum
887 571 1000 636 merite
1028 575 1157 655 ergoet
1179 589 1240 639 nee
1262 573 1314 638 in·

180 674 284 740 datur.
313 673 346 740 hi
370 675 431 741 due
454 693 583 754 amores,
606 692 739 758 querum
753 674 834 739 alter
856 675 992 750 sanetus,
1016 675 1097 742 alter
1118 677 1311 757 immundus,

181 779 263 846 alter
283 779 418 861 seualle,
440 777 521 845 alter
543 779 696 861 priuatus,
720 779 800 844 alter
823 779 981 846 communi
996 779 1131 846 utilitati
1147 781 1314 848 cousulens

178 884 307 969 prepter
328 900 495 964 supernam
523 884 714 960 serietatem,
746 882 826 947 alter
848 884 947 949 etiam
967 902 1034 949 rem
1058 902 1256 950 communem
1278 884 1314 949 iu
1336 905 1351 948 r

179 986 370 1078 potestatem
398 986 556 1069 propriam
586 986 731 1067 redigens
753 990 880 1068 prepter
902 987 1103 1072 arrogantem
1125 985 1314 1053 dominatio·

180 1108 269 1168 nem,
302 1091 382 1155 alter
414 1088 569 1173 subditus,
604 1074 685 1154 alter
718 1088 860 1154 aemulus
888 1088 962 1169 dee,
996 1091 1078 1155 alter
1110 1088 1313 1173 tranquillus,

180 1195 261 1261 alter
283 1191 503 1270 turbulentus,
525 1194 604 1260 alter
627 1193 787 1276 paeifiuus,
809 1193 891 1261 alter
912 1194 1096 1274 seditiosus,
1125 1192 1206 1261 altar
1226 1188 1314 1261 ueri‘·

181 1298 280 1365 tatem
301 1294 449 1362 laudibus
471 1296 641 1362 errantium
658 1296 847 1379 praeferens,
870 1298 949 1362 alter
965 1315 1086 1383 quoque
1101 1286 1314 1363 modulandis

181 1401 302 1477 auidus,
328 1400 408 1467 alter
430 1399 580 1482 amicalis,
604 1400 684 1465 alter
707 1386 844 1479 inuidus,
867 1399 947 1465 alter
967 1400 1026 1466 boe
1047 1398 1156 1467 uolens
1171 1399 1352 1486 proximent

181 1507 261 1587 quud
283 1502 355 1583 sibi,
381 1504 462 1568 alter
483 1503 622 1569 subluere
644 1504 821 1586 proximum
841 1502 912 1585 sibi,
938 1504 1019 1570 alter
1036 1508 1162 1591 propter
1177 1504 1313 1587 proximi

181 1607 357 1672 utilitatem
376 1624 488 1690 regens
510 1608 695 1693 proximum,
720 1609 801 1674 alter
816 1610 941 1690 propter
955 1625 1057 1688 suam,
1073 1612 1312 1693 praecesserunt

180 1709 215 1775 in
238 1711 369 1794 angelis,
392 1711 473 1778 alter
495 1712 527 1776 iu
550 1711 649 1789 bonis,
672 1712 752 1777 alter
773 1714 805 1777 in
827 1712 930 1791 malis,
955 1715 986 1776 et
1004 1712 1214 1779 distinxerunt
1237 1727 1312 1777 ceu·

182 1816 264 1882 ditas
286 1816 319 1881 iu
341 1832 453 1899 genere
481 1815 616 1881 humano
645 1816 788 1882 ciuitates
810 1815 886 1882 duaa
915 1814 971 1883 sub
1002 1813 1180 1903 admirabili
1207 1817 1239 1880 et
1261 1814 1313 1880 in·

183 1917 303 1984 effabili
343 1917 541 2001 prouidentia
577 1920 627 1985 dei
665 1924 778 1986 cuneta
813 1938 891 2004 quae
928 1920 1013 1986 areat
1048 1916 1350 1998 administrantium

182 2021 315 2088 alteram
337 2021 501 2100 iustorum,
523 2020 656 2089 alteram
678 2023 867 2105 iniquorum.
906 2040 1038 2107 quarum
1060 2022 1155 2088 etiam
1177 2023 1315 2104 quadam

181 2125 345 2209 temporali
367 2125 586 2191 eemmixtione
607 2128 769 2210 peragitur
789 2124 960 2204 saeculum,
984 2126 1081 2191 donee
1096 2125 1207 2191 ultima
1229 2122 1314 2190 iudi-

182 2229 229 2294 eia
251 2230 434 2313 separentur
456 2232 488 2295 et
511 2229 608 2296 altera
638 2231 803 2294 eoniuneta
826 2228 948 2312 augelis
971 2218 1116 2296 bunis'iu
1137 2245 1233 2314 regne
1255 2244 1313 2292 sue

182 2331 282 2400 uitam
311 2333 518 2416 consequatur
547 2334 717 2410 aeternam
747 2332 847 2399 altera
875 2330 1042 2398 coniuncta
1071 2329 1189 2415 angelis
1218 2328 1313 2395 malis

182 2434 217 2502 iu
238 2438 344 2523 iguem
368 2455 440 2503 eum
462 2454 534 2519 rege
556 2455 611 2502 sue
636 2437 784 2502 mittatur
805 2440 977 2502 aeteruum.
1322 2456 1351 2497 re

285 2666 300 2720 l
323 2663 468 2721 curcur.
490 2663 646 2730 latete

235 2879 249 2933 1
268 2893 335 2948 quae
349 2879 432 2948 ptiar
448 2893 499 2935 om.
518 2879 588 2934 PTe
673 2877 690 2931 2
707 2881 736 2933 et
747 2893 797 2933 om.
814 2894 832 2933 e
917 2878 1079 2935 iuuentute
1163 2879 1181 2932 3
1198 2879 1313 2949 arnume]

181 2966 314 3020 amatores
335 2964 364 3020 P
464 2964 584 3034 emetur]
607 2980 628 3018 s.
646 2966 688 3019 est
708 2964 749 3020 Pe
777 2980 798 3019 r.
817 2965 845 3019 et
867 2964 896 3021 P
966 3041 969 3045 .
996 2964 1074 3035 alter]
1093 2963 1244 3020 etaltera

181 3050 327 3106 inmundus
345 3051 472 3118 (mundus
484 3054 513 3119 e)
530 3052 574 3106 est
590 3050 633 3107 Pe
718 3051 736 3105 4
753 3049 874 3105 utilitate
892 3050 921 3106 P
1006 3050 1022 3104 'l
1041 3048 1165 3104 subditur
1181 3048 1244 3104 MV

182 3156 299 3211 aemulos
316 3154 381 3212 P¹e¹
484 3155 692 3210 dturbeleutus
710 3155 738 3209 P
766 3153 933 3210 turbileutus
953 3153 987 3212 Ρ
1089 3137 1314 3240 θᾳᾷᾆῳιοωοᾰο

186 3260 214 3316 V
236 3264 280 3328 (ue
306 3260 442 3330 repeat
467 3276 502 3314 aa
519 3261 550 3328 2)
585 3258 716 3330 quemodo
743 3260 772 3314 P
803 3259 912 3328 comede
936 3275 953 3314 a
1060 3250 1158 3328 laudis]
1185 3254 1314 3312 leudibus

182 3346 247 3404 MV
348 3347 382 3401 10
404 3346 555 3416 proximum
572 3344 601 3401 P
701 3346 733 3400 11
755 3349 863 3416 prepter
877 3361 963 3401 errae
1066 3343 1270 3399 mutilitatem
1292 3345 1319 3399 Τ

182 3432 333 3488 utilitatis
423 3432 456 3486 13
469 3432 647 3501 postengelia
659 3431 724 3487 add.
742 3448 775 3488 a:
801 3429 1026 3502 alterinaugelis
1080 3460 1084 3469 ·
1116 3429 1315 3485 distinereruut

182 3518 211 3574 P
290 3519 324 3573 14
340 3518 503 3572 ammirabili
521 3516 590 3575 TVe
615 3516 751 3573 emirabili
770 3518 812 3574 Pe
910 3518 942 3573 16
960 3516 1088 3588 quaedam
1107 3514 1134 3570 T
1225 3517 1260 3572 18
1278 3517 1316 3585 (et

183 3604 228 3672 19)
244 3605 330 3663 utens
346 3603 488 3659 ceniuneta
504 3604 548 3662 Pe
