2760 4814
318 304 483 374 Excerpta
501 320 537 360 ex
554 320 625 374 opp.
643 303 671 358 S.
689 303 876 374 Augustini
899 302 1083 360 cccxxmn
1184 303 1269 372 1025

129 517 244 565 sunm
267 496 424 579 peccat,
448 495 553 560 nescio
575 494 604 559 si
624 495 725 576 possit
740 496 778 560 ad
792 493 950 578 liquidum
965 493 1266 577 dissolni,qua1nuis

130 602 234 687 possit
255 599 393 665 demto
415 598 540 663 domino
561 596 681 678 aliquid
704 595 776 662 inde
797 595 1004 680 probabiliter
1018 596 1095 683 dioi3
1118 598 1166 663 ita
1180 600 1265 665 enim

130 702 287 790 profonda
311 706 368 769 eet.
405 721 477 768 nam
501 719 574 767 curn
596 702 738 785 superins
760 700 797 767 in
817 702 925 767 eadem
948 699 1085 784 epistula
1106 701 1265 784 apostolus

133 807 268 875 diceret:
312 806 442 871 nolite
484 822 630 885 errare;
675 822 799 887 neque
834 802 1104 870 fornicatores
1142 823 1265 889 neque

104 910 261 979 :idolis
291 908 518 976 seruientes
546 926 668 993 neque
695 907 872 974 adulteri
893 924 1019 989 neque
1041 906 1183 973 molles
1206 925 1268 971 ne·

133 1034 210 1100 que
237 1014 503 1080 masculorum
535 1013 818 1080 concubitores
848 1029 972 1094 neque
1001 1008 1111 1075 fures
1142 1029 1268 1096 neque

133 1118 250 1187 anari
278 1136 402 1202 neque
433 1116 580 1182 ebriosi
601 1135 724 1201 neque
746 1114 940 1181 maledici
961 1132 1082 1197 neque
1104 1131 1266 1196 rapaces

134 1240 300 1307 regnum
322 1222 384 1287 dei
407 1220 689 1304 possidebunt,
723 1222 755 1285 et
777 1218 872 1302 paulo
894 1220 979 1299 post:
1001 1216 1184 1296 nescitis,
1209 1218 1264 1298 ait,

133 1325 324 1411 quoniam
367 1343 531 1408 corporo
567 1328 708 1389 nestra
743 1323 914 1388 membre
949 1324 1040 1387 sunt
1084 1320 1265 1393 Christi?

93 1432 289 1498 rotollens
327 1447 418 1512 ergo
451 1428 625 1494 membra
657 1425 811 1493 Christi
838 1424 982 1491 sociem
1011 1428 1263 1494 meretricis?

133 1534 254 1601 absit.
298 1551 345 1599 en
381 1531 562 1609 nescitis,
601 1531 692 1612 quia
736 1529 801 1612 qui
835 1528 1022 1594 adhaeret
1061 1532 1267 1598 meretrici

134 1656 252 1705 unum
275 1653 414 1719 corpus
436 1637 518 1701 est?
540 1638 655 1701 erunt
677 1633 795 1713 enim,
817 1634 969 1716 inquit,
993 1631 1064 1698 dno
1087 1634 1126 1700 in
1152 1654 1269 1702 carne

133 1760 219 1808 una
260 1739 325 1824 qui
358 1740 489 1805 autem
520 1739 716 1806 adhaeret
749 1739 922 1818 domino,
957 1756 1056 1804 unns
1094 1738 1265 1820 spiritus

134 1847 206 1913 est.
244 1843 377 1927 fugite
398 1842 726 1922 fornicationem,
760 1843 854 1924 atque
882 1841 926 1909 ibi
948 1842 1124 1924 subiungit:
1157 1861 1268 1910 omne

94 1947 361 2033 arenceium,
385 1946 653 2031 quodcumque
678 1945 825 2012 fecerit
847 1943 967 2024 homo,
990 1946 1103 2010 extra
1124 1962 1266 2029 corpus

133 2051 213 2136 est3
257 2051 323 2134 qui
359 2052 489 2117 autem
526 2049 771 2128 fornicatur,
810 2048 850 2113 in
886 2066 1025 2132 corpus
1063 2050 1264 2133 proprium

132 2155 283 2241 peccat
321 2172 366 2219 an
389 2152 575 2237 nescitis,
599 2154 692 2235 quia
714 2170 853 2234 corpus
875 2155 1052 2218 uestrum
1075 2156 1267 2238 templum

133 2260 176 2325 in
203 2256 317 2324 uobis
346 2259 514 2340 spiritus
541 2257 676 2324 saneti
703 2260 780 2335 est,
810 2274 923 2338 quern
952 2257 1107 2323 habetis
1135 2259 1264 2338 adeo,

134 2366 174 2427 et
196 2379 273 2427 non
296 2361 396 2426 estis
419 2361 570 2427 uestri?
592 2362 686 2426 ernti
710 2360 813 2425 enirn
835 2361 936 2425 estis
959 2378 1105 2444 magno.
1143 2362 1265 2445 glori-

93 2454 262 2532 {oficate
283 2467 321 2529 et
342 2466 502 2547 portate
521 2467 632 2531 deum
653 2464 693 2529 in
714 2480 876 2545 corpore
898 2465 1031 2529 uestro
1046 2502 1088 2513 —
1104 2483 1176 2531 cunr
1192 2484 1267 2550 ergo

134 2568 238 2635 multa
266 2570 298 2633 et
325 2567 478 2634 horrenda
506 2568 564 2632 hoc
592 2565 731 2649 capitulo
762 2568 848 2648 prins
871 2569 1084 2633 enumerasset
1104 2568 1266 2635 hominnm

133 2673 272 2757 peccata,
295 2669 411 2753 quihus
432 2688 493 2736 non
516 2669 643 2736 dobitnr
665 2688 797 2753 regnum
820 2669 880 2748 dei,
903 2688 981 2752 quae
1003 2673 1110 2737 tamen
1126 2690 1188 2738 non
1203 2673 1267 2740 nisi

132 2792 321 2860 percorpus
343 2773 515 2859 perpetrari
541 2773 580 2838 ab
612 2772 792 2838 hominibus
825 2776 1020 2858 possunt-
1042 2775 1124 2858 quod
1155 2795 1267 2863 corpus

134 2882 244 2963 utique
265 2879 329 2943 iarn
351 2877 493 2943 fidelium
514 2877 668 2961 templum
693 2895 760 2943 esse
782 2877 861 2944 dixit
883 2877 1013 2959 spiritus
1036 2880 1146 2956 saneti,
1170 2898 1265 2963 quem

94 2981 287 3053 „habemus
310 2998 330 3045 a
351 2983 417 3056 deo,
440 2980 570 3063 ipsaque
591 2980 733 3046 membra
755 2980 889 3063 corporis
912 2979 1011 3045 nostri
1035 2983 1176 3050 membra
1200 3003 1267 3050 esse

133 3084 294 3151 asseuerat
315 3081 443 3163 Christi,
466 3085 505 3149 de
527 3082 640 3166 quibus
663 3085 821 3168 arguendo
843 3085 876 3149 et
897 3084 1033 3166 quodam
1051 3087 1143 3152 modo
1165 3090 1269 3154 intor-

133 3186 272 3272 rogando
311 3186 373 3251 ait:
418 3185 566 3253 tollens
604 3206 693 3272 ergo
730 3187 900 3252 membra
932 3185 1085 3255 Christi
1122 3189 1267 3258 faoiarn

134 3291 304 3357 membro
318 3290 882 3375 meretricis?-responderitque
897 3291 971 3357 sibi:
994 3292 1115 3369 absit,
1131 3295 1268 3362 subiun-

237 3518 288 3574 41
305 3517 364 3574 Cor.
382 3520 408 3584 6,
426 3519 490 3588 boq-
593 3521 612 3575 8
629 3519 644 3574 Ι
661 3518 721 3575 Cor.
738 3520 764 3586 6,
782 3521 885 3576 15-20

186 3734 203 3785 1
220 3748 300 3787 annm
320 3732 358 3788 V:
387 3733 526 3804 proprium
545 3732 601 3789 GP
703 3734 791 3789 nescio
809 3734 832 3788 si
849 3736 935 3805 possit
951 3735 986 3790 od
1005 3736 1073 3792 GV:
1101 3752 1153 3793 oso.
1172 3739 1201 3794 P

129 3818 258 3887 quamuis
275 3819 361 3888 possit
383 3817 421 3873 V:
449 3820 536 3875 nescio
554 3821 579 3874 oi
596 3820 683 3890 possit
700 3819 735 3874 ad
752 3822 876 3890 quamuis
894 3822 980 3890 possit
997 3821 1026 3876 P
1119 3824 1268 3895 depistola

135 3903 193 3959 GP
218 3904 361 3972 epistolam
382 3903 409 3959 V
492 3906 611 3975 bomne
628 3906 704 3961 sueri
722 3922 807 3977 neque
824 3906 897 3962 fures
915 3907 944 3962 P
1031 3909 1067 3966 10
1083 3909 1181 3967 faciam
1200 3913 1269 3971 GV:

131 3988 230 4045 iaciens
248 3989 276 4044 P
377 3992 526 4047 meretricie
548 3992 584 4048 V:
613 3993 733 4048 membra
751 3993 900 4048 meretricis
919 3992 975 4049 GP
1076 3997 1110 4050 14
1128 3998 1271 4055 subiunxit

130 4076 164 4131 P
248 4076 282 4131 19
299 4093 398 4147 magno
416 4078 465 4134 V¹:
492 4080 578 4149 pretio
590 4096 688 4152 magno
705 4076 771 4135 PV¹
856 4079 888 4133 21
909 4079 959 4134 hoc
974 4082 1010 4133 V:
1036 4081 1128 4139 inhoe
1147 4084 1202 4141 GP

127 4161 168 4216 26
191 4166 326 4217 usonem
347 4162 385 4218 V:
415 4168 515 4220 asserat
536 4166 564 4221 P
667 4165 816 4222 atrociam
835 4165 904 4222 GV:
933 4165 1028 4222 faciem
1047 4168 1075 4222 P
1177 4171 1211 4226 28
1229 4187 1270 4227 rc·

128 4245 328 4317 sponderetque
349 4248 376 4304 V

184 4349 277 4406 vmn
1131 4360 1166 4415 65
