2760 4814
686 266 850 337 Eugippii

673 505 864 591 ccxxffl.

346 699 392 744 Ex
418 697 584 745 EPISTVLA
610 697 656 745 DE
683 698 867 746 unimus:
888 698 936 745 AD
964 696 1193 746 consuamus.

131 841 195 908 242
248 833 454 920 Cogitationis
487 835 623 901 carnalis
656 835 912 918 compositionem
942 852 1120 917 uanumque
1148 835 1334 921 figmentum

204 939 258 1005 ubi
280 957 355 1005 uera
377 939 457 1004 ratio
487 938 678 1004 labefactare
707 938 843 1021 incipiet,
875 939 1022 1004 continue
1049 938 1136 1003 intus
1165 938 1224 1004 illo
1246 939 1332 1005 adiu·

204 1043 298 1108 nante
332 1044 425 1124 atque
465 1041 674 1107 inluminante
712 1043 767 1123 qui
800 1060 873 1106 cum
905 1040 1021 1107 talibus
1054 1039 1145 1105 idolis
1181 1042 1215 1106 in
1246 1040 1362 1106 cordae

202 1147 309 1210 nostro
341 1143 483 1210 habitare
516 1164 576 1210 nen
610 1144 690 1222 uult,
725 1143 771 1210 ita
800 1144 861 1209 ista
890 1144 1084 1230 confringere
1113 1146 1209 1226 eune
1231 1161 1252 1208 a
1275 1143 1331 1210 tide

202 1250 309 1314 nestra
338 1249 471 1330 quodam
502 1248 592 1313 modo
622 1265 782 1313 excussare
813 1245 1009 1326 festinamus,
1044 1247 1082 1312 ut
1109 1266 1148 1312 ne
1170 1247 1332 1331 puluerem

202 1351 330 1434 quidem
359 1351 460 1417 ullum
490 1349 605 1415 talium
634 1349 890 1432 phantasmatum
923 1349 992 1416 illic
1014 1368 1141 1417 manere
1162 1350 1331 1433 patiamur.

246 1469 347 1551 Quam
370 1471 409 1537 ob
439 1490 506 1536 rem
535 1471 596 1537 nisi
625 1471 778 1536 rationem
807 1470 1038 1554 disputationis,
1069 1489 1131 1553 qna
1159 1470 1331 1537 forinsecus

203 1574 357 1641 admoniti
378 1574 440 1657 ipsi
463 1575 652 1641 intrinsecus
673 1575 808 1640 ueritate
830 1575 957 1640 lucente
980 1575 1057 1640 haec
1075 1574 1155 1641 fnlsa
1169 1592 1240 1640 esso
1262 1591 1362 1659 per-re

202 1676 361 1760 spicimns,
384 1677 461 1744 tides
483 1678 516 1742 in
538 1680 643 1742 nostro
659 1679 750 1743 corde
766 1677 994 1753 antecessisset,
1016 1696 1095 1761 quac
1109 1696 1165 1742 nos
1188 1677 1331 1743 indueret

202 1779 331 1864 pietate,
363 1800 463 1846 nonne
491 1783 649 1846 incassum
679 1800 758 1865 quae
787 1801 862 1848 uera
883 1786 958 1848 sunt
980 1782 1186 1847 audiremus?
1219 1799 1256 1848 ac
1277 1799 1331 1864 per

202 1883 268 1963 hoc,
291 1885 437 1967 quoniam
459 1884 491 1950 id
514 1886 596 1968 quod
618 1886 657 1950 ad
681 1904 750 1951 eam
773 1886 950 1969 pertinebat
971 1885 1048 1952 fides
1065 1885 1141 1969 egit,
1164 1886 1233 1951 ideo
1255 1883 1330 1950 suh·

201 2006 330 2071 sequens
359 1989 439 2054 ratio
468 1989 587 2072 aliquid
614 2006 823 2072 eorumquae
854 1990 1029 2072 inquirebat
1059 1989 1192 2054 inuenit.
1233 1987 1330 2053 falsae

201 2093 307 2174 itaque
337 2091 451 2158 rationi
480 2110 541 2157 non
571 2093 673 2158 solum
703 2093 785 2158 ratio
815 2111 899 2175 uera,
931 2092 1047 2175 quaid
1070 2094 1150 2174 qued
1173 2091 1361 2158 credimusne

200 2195 425 2280 intellegimus,
454 2214 562 2261 uerum
587 2199 682 2261 etiam
703 2195 779 2262 fides
807 2196 875 2279 ipsa
897 2215 1003 2261 rernm
1024 2196 1163 2260 nondum
1186 2193 1329 2260 intellec·

201 2304 306 2365 tarum
335 2300 403 2364 sine
433 2298 527 2364 dubio
549 2297 750 2381 praeferenda
773 2304 830 2363 est.
869 2298 981 2363 melius
1004 2301 1053 2363 est
1075 2299 1161 2363 enim
1184 2299 1328 2380 quemuis

201 2402 339 2468 nondum
361 2402 465 2467 nisum
481 2403 605 2468 credere
628 2402 710 2485 quod
725 2420 835 2467 uerum
854 2404 911 2486 est,
935 2420 1029 2484 quam
1044 2403 1155 2484 putare
1171 2405 1205 2466 te
1220 2418 1328 2466 uerum

200 2506 307 2572 uidere
340 2508 420 2589 quod
454 2506 571 2570 falsum
604 2507 663 2570 est.
702 2503 797 2569 habet
830 2522 965 2587 namque
999 2502 1074 2570 fides
1107 2502 1214 2570 oculos
1248 2521 1328 2582 suos,

199 2609 312 2692 quibus
343 2608 475 2691 quodam
508 2610 598 2674 modo
627 2608 715 2673 uidet
745 2627 855 2673 uerum
878 2626 945 2673 esse
967 2607 1047 2690 qnod
1069 2608 1208 2674 nondum
1232 2608 1359 2691 uidet,ee

200 2711 233 2776 et
262 2710 376 2794 quibus
409 2710 585 2776 certissime
618 2711 707 2776 uidet
739 2710 932 2777 nondumne
962 2711 1068 2776 nidere
1102 2710 1185 2792 quod
1219 2712 1327 2777 credit.

199 2834 291 2898 perro
312 2815 416 2880 autem
441 2813 494 2897 qni
516 2814 734 2879 ueneratione
756 2813 820 2879 iam
842 2817 923 2897 quod
945 2812 1164 2880 tantummodo
1179 2814 1328 2880 credebat

250 3107 265 3158 1
288 3119 348 3173 cap.
366 3102 485 3159 ccxxv
507 3104 535 3158 n
565 3103 686 3159 coxon
711 3104 739 3157 P
764 3103 901 3160 ccxnur
921 3103 963 3158 ee
1065 3102 1140 3172 ω]
1159 3118 1211 3158 os.
1235 3103 1264 3158 Ρ

198 3226 230 3279 do
256 3226 382 3280 trinitate
408 3241 439 3279 er
465 3224 578 3294 epistole
605 3226 633 3277 A
738 3191 904 3278 confflem
931 3225 958 3278 A
1059 3228 1124 3293 poet
1152 3222 1331 3279 Conmntium

198 3311 262 3367 edo.
281 3313 318 3367 Μ
323 3312 356 3365 V:
386 3314 414 3365 et
431 3311 454 3364 si
473 3326 528 3365 non
550 3312 628 3364 nocet
645 3309 777 3378 quomodo
799 3310 838 3364 eis
861 3309 947 3379 prosit
964 3325 1025 3364 cum
1042 3308 1217 3378 baptizantur
1234 3326 1331 3381 paren·

197 3401 256 3452 tum
279 3396 345 3450 fidos
368 3412 479 3467 querum
504 3397 542 3450 eis
561 3411 613 3449 non
632 3398 721 3464 potest
739 3396 831 3450 obesse
848 3395 972 3465 perfidiae
998 3396 1035 3462 cf.
1052 3411 1113 3464 cap.
1132 3394 1266 3452 com

196 3482 450 3553 dmgitetioneeV
534 3483 654 3536 carnales
672 3481 744 3537 AVo
836 3482 1006 3552 figmentum]
1025 3481 1262 3538 firmamentumo

195 3569 295 3624 duero
312 3569 392 3637 ratio]
411 3570 581 3624 ueneretico
680 3567 870 3623 labefactatio
967 3567 1079 3637 incipiet
1099 3566 1136 3621 V:
1167 3567 1268 3638 incipit
1287 3569 1332 3625 Po

196 3653 312 3722 eoeperit
329 3656 356 3707 A
444 3653 646 3723 docnt-ingero
664 3656 771 3719 (rrae.)
790 3653 817 3706 P
902 3652 992 3722 atque]
1012 3668 1061 3706 orec
1081 3653 1107 3705 A
1195 3654 1331 3709 aAP‘e:

195 3738 230 3792 ed
247 3738 316 3793 ΡΨ
400 3738 479 3793 fidem
491 3742 609 3794 noemam
627 3738 696 3794 P¹V
780 3738 796 3792 7
814 3754 951 3794 excussere
967 3738 1067 3806 scripsi
1084 3737 1130 3804 (cs.
1143 3737 1259 3795 nomm
1276 3742 1331 3797 tc.

192 3840 222 3894 p.
240 3828 317 3891 215):
347 3840 470 3879 excusare
486 3824 514 3878 V
539 3827 659 3880 excutere
676 3825 720 3880 Ao
816 3824 1008 3879 festinemuso
1103 3823 1213 3893 puluere
1236 3827 1265 3882 V

195 3912 457 3967 Stentesmatumo
559 3927 665 3966 munere
687 3911 724 3966 V:
754 3927 888 3966 remancre
905 3911 977 3966 APo
1079 3910 1261 3968 irationeo

196 3997 344 4051 forensecus
362 3996 390 4048 A
480 3997 514 4051 10
532 3998 690 4052 renutiee
775 3997 889 4066 lucente]
908 3997 966 4051 luce
984 4011 1051 4051 noo
1136 3998 1331 4069 praespicimus

195 4119 223 4172 A
309 4117 342 4172 12
359 4117 515 4174 andiromo
602 4119 634 4173 15
653 4118 762 4189 rationi]
781 4083 885 4172 rationi
898 4118 977 4185 (corr.
991 4119 1069 4185 Μ)
1087 4118 1115 4172 A
1141 4118 1213 4173 ratio
1234 4120 1263 4173 V

197 4202 484 4260 ltinteliectnrumA
571 4204 604 4258 18
621 4205 658 4274 te]
677 4220 755 4260 omo
844 4202 1002 4259 lapideris
1086 4205 1119 4259 21
1139 4204 1176 4274 et]
1195 4221 1260 4264 exe
