2760 4814
188 280 252 363 338
673 279 836 350 Eugippii

231 468 452 553 Expositio.

231 572 329 639 Nulla
362 577 410 639 est
444 572 565 638 facilior
591 572 706 639 solutio
738 572 929 655 quaestionis
951 572 1054 653 huius,
1087 592 1180 657 qnam
1203 579 1240 639 ut
1263 593 1319 658 per

188 675 379 761 synecdocen
408 676 589 759 accipiatur.
627 676 682 742 ubi
711 679 795 742 enim
824 694 896 759 pars
926 679 1024 742 maior
1053 681 1102 742 est
1127 681 1183 742 aut
1204 679 1318 761 potior,

187 781 269 847 solet
301 782 365 846 eius
397 779 523 845 nomine
556 778 651 845 etiam
683 779 764 844 illud
798 778 1016 862 comprehendi
1045 782 1126 864 quod
1148 781 1188 845 ad
1210 779 1318 864 ipsum

186 901 298 949 nomen
330 901 392 949 non
411 881 573 966 pertinet.
611 883 695 948 sicut
727 882 766 948 ed
790 883 954 949 duodecim
982 883 1134 967 apostolos
1167 886 1231 950 iam
1253 904 1356 953 none

187 988 365 1070 pertinebat
378 987 484 1067 Iudas,
508 987 562 1069 qui
583 988 679 1053 etiam
698 989 838 1052 mortuus
859 985 922 1052 luit
944 1004 1015 1052 cum
1043 987 1187 1053 dominus
1209 1006 1317 1054 resur-

186 1092 267 1159 rexit
287 1112 307 1157 ιι
328 1091 470 1168 mortuis,
503 1092 671 1157 ettamen
702 1091 801 1174 ipsius
834 1091 1015 1158 duodenarii
1048 1093 1169 1157 numeri
1202 1110 1317 1157 nomen

187 1195 346 1279 apostolus
368 1195 401 1261 in
424 1194 562 1278 epistula
582 1212 638 1261 sua
659 1197 772 1274 tenuit,
797 1195 852 1261 nbi
868 1195 914 1261 ait
929 1215 1001 1261 eum
1024 1194 1204 1278 apparuisse
1226 1194 1316 1261 illis

185 1299 400 1368 duodecim
430 1315 504 1363 cum
518 1297 649 1364 articulo
672 1299 755 1364 enim
777 1298 834 1364 hoc
856 1298 962 1384 graeci
983 1299 1104 1365 codices
1125 1297 1254 1377 habent,
1277 1302 1316 1364 ut

185 1419 247 1468 non
283 1402 406 1487 possint
441 1400 585 1486 intellegi
618 1401 805 1484 quicumque
837 1401 1008 1476 duodecim,
1045 1401 1099 1466 scd
1130 1401 1179 1466 illi
1212 1402 1246 1466 in
1279 1421 1352 1469 eon

184 1525 314 1575 numero
342 1504 492 1587 insignes.
529 1523 564 1570 eo
587 1505 678 1570 modo
700 1504 866 1571 locutionis
887 1509 963 1587 puto
985 1511 1018 1569 et
1046 1503 1125 1570 illud
1147 1521 1166 1568 a
1188 1504 1314 1570 domino

184 1610 323 1676 dictum:
352 1627 477 1673 nonne
506 1624 576 1692 ego
598 1625 666 1672 uos
696 1607 905 1674 duodecim
926 1607 1057 1690 elegi?
1090 1610 1128 1672 et
1150 1625 1248 1673 unus
1271 1627 1314 1673 ex

184 1712 295 1778 nobie
317 1709 506 1777 diabolus
529 1714 603 1791 est,
626 1712 664 1774 ut
686 1727 746 1775 non
762 1712 802 1776 ad
823 1707 1011 1776 blectionem
1033 1711 1129 1776 ctiam
1151 1710 1218 1794 ipse
1241 1729 1314 1794 per·

183 1817 283 1884 tinere
311 1815 463 1880 uideatur.
502 1814 669 1879 nonenim
700 1813 792 1880 facile
822 1814 982 1881 inuenitur
1004 1816 1176 1880 electorum
1200 1832 1314 1879 nomen

183 1920 218 1985 in
240 1920 333 1996 malo,
362 1918 424 1983 nisi
446 1919 569 2002 quando
598 1917 676 1983 mali
699 1917 859 2001 cliguntur
880 1936 900 1984 a
922 1920 1023 1984 malis.
1064 1918 1146 2001 quod
1168 1917 1197 1982 si
1218 1922 1350 2001 puta-ns

183 2022 321 2089 norimus
352 2025 384 2085 et
415 2012 508 2086 illum
537 2021 683 2106 electum,
718 2027 754 2086 ut
780 2021 923 2105 persius
957 2021 1159 2087 traditionem
1194 2019 1313 2086 domini

182 2125 285 2211 passio
308 2123 526 2209 compleretur,
556 2124 589 2189 id
619 2124 845 2190 estmaiitiam
868 2125 995 2192 eiusad
1025 2124 1145 2208 aliquid
1175 2123 1313 2189 electam

182 2232 260 2297 bene
282 2231 390 2295 utente
413 2227 469 2294 deo
492 2229 587 2293 etiam
610 2229 712 2306 melis,
738 2226 819 2293 illud
842 2230 1041 2295 attendamus
1064 2230 1116 2295 ubi
1139 2232 1200 2294 ait:
1235 2246 1311 2293 non

182 2334 225 2399 de
247 2333 429 2399 omnibus
450 2330 567 2398 uobis
589 2330 694 2415 dioo;
723 2349 790 2414 ogo
813 2332 894 2397 scio
917 2350 1013 2414 quos
1036 2331 1155 2417 elegi3
1178 2332 1232 2396 nbi
1253 2332 1312 2396 de·

181 2437 282 2503 clarat
310 2437 350 2502 ad
380 2434 563 2501 electionem
594 2453 656 2500 non
686 2435 842 2518 pertinere
872 2435 935 2499 nisi
965 2434 1074 2501 bonos.
1114 2454 1151 2501 ao
1176 2454 1231 2518 per
1252 2436 1350 2501 hocne

182 2538 264 2606 illud
293 2538 376 2622 quod
408 2539 530 2605 dictum
564 2543 628 2604 est:
664 2557 734 2624 ego
766 2555 834 2604 uos
868 2541 1074 2604 duodecim
1100 2538 1221 2623 elegi,
1253 2557 1313 2622 per

181 2645 371 2726 synecdoceu
398 2641 518 2708 dictum
547 2643 605 2722 est,
635 2645 672 2707 ut
693 2643 818 2708 nomine
840 2642 967 2708 maioris
989 2643 1186 2726 meliorisque
1208 2641 1311 2725 partis

180 2745 277 2812 etiam
298 2744 378 2811 illud
394 2747 651 2829 complecteretur
674 2747 755 2829 quod
776 2746 937 2829 adipsum
958 2765 1072 2812 nomen
1086 2765 1148 2811 non
1163 2745 1309 2828 pertinet.

180 2849 233 2917 hic
254 2850 365 2916 modus
389 2854 437 2915 est
465 2849 499 2915 in
521 2850 579 2916 hoc
608 2852 717 2915 codem
746 2849 836 2928 libro,
858 2850 912 2914 ubi
935 2850 1065 2916 h'mmor
1087 2868 1143 2932 pro
1165 2849 1310 2914 filiosuo

180 2951 323 3036 Sychem,
357 2960 393 3018 nt
427 2956 581 3038 acciperet
603 2952 719 3018 Dinam
752 2951 850 3018 filiam
872 2953 977 3038 Iacob,
1011 2953 1087 3019 exiit
1119 2952 1205 3036 loqui
1236 2971 1347 3018 cumea

179 3057 288 3122 eodem
310 3056 413 3139 Iacob,
437 3059 469 3122 et
490 3062 644 3122 uenerunt
667 3057 764 3121 etiam
786 3055 844 3121 filii
867 3059 943 3137 eiua,
967 3056 1021 3139 qui
1042 3056 1185 3122 absentes
1208 3061 1308 3136 mant,

179 3164 271 3228 etad
293 3178 398 3226 omnes
429 3161 506 3226 dicit
528 3162 671 3226 Emmor:
707 3158 868 3243 Sychem
900 3158 1017 3225 filius
1047 3178 1153 3225 meus
1183 3159 1309 3241 elegit

178 3267 303 3332 animo
325 3265 460 3331 filiam
482 3270 679 3349 uestram;
716 3264 807 3330 date
829 3284 922 3349 ergo
944 3264 1012 3329 illi
1035 3283 1117 3330 esm
1138 3280 1306 3329 uxorem.

176 3536 211 3592 34
279 3451 503 3516 81001.15,5
602 3451 634 3506 12
652 3450 692 3506 Io.
709 3451 734 3517 6,
752 3450 787 3505 70
885 3450 1088 3516 1810.13,18
1186 3448 1220 3503 27
1237 3446 1307 3535 Gen.

212 3538 254 3604 ,8

229 3707 418 3763 3sineodocbe
436 3708 464 3762 Ρ
490 3708 684 3764 sinodochano
785 3708 804 3762 4
826 3709 906 3778 qnod}
925 3725 976 3778 quo
1002 3709 1028 3764 T
1128 3709 1145 3762 5
1168 3705 1307 3777 apostolus

177 3792 213 3846 Y¹
316 3794 371 3848 iem
389 3797 453 3862 (non
471 3784 585 3863 om.)P
687 3794 758 3864 iet]
778 3793 827 3850 hoc
851 3798 917 3851 eto
1019 3794 1133 3863 numeri]
1152 3809 1236 3849 ocae

178 3879 781 3950 loneanonnon(pesienoncetm.1)V
865 3881 1028 3951 possentPc
1114 3881 1146 3934 11
1158 3879 1308 3934 lucutionis

176 3964 205 4019 P
228 3964 450 4034 locupleticniso
554 3967 587 4020 lb
608 3968 752 4036 eleguntur
772 3967 799 4022 Τ
828 3968 935 4038 eligrmt
951 3985 969 4022 o
1071 3967 1104 4020 16
1121 3965 1308 4036 traditionem]

174 4049 332 4106 delectione
349 4051 414 4107 cdd.
433 4053 472 4108 P‘
488 4054 585 4124 iamq.
673 4057 706 4110 18
723 4054 788 4109 illut
804 4054 871 4110 MV
952 4053 987 4107 22
1005 4051 1177 4108 sinecdocben
1196 4051 1225 4121 (h
1238 4050 1307 4108 odd.

174 4139 252 4206 Μ)
270 4138 299 4193 Ρ
322 4138 516 4196 sinedocheno
601 4141 775 4210 melioresque
792 4140 830 4195 Ρι
915 4140 951 4193 24
968 4144 1073 4195 estem.
1092 4139 1129 4193 P¹
1216 4139 1250 4195 25
1268 4140 1308 4194 si·

174 4223 249 4277 chem
267 4224 296 4279 P
397 4226 480 4297 loqui]
498 4226 572 4296 liquo
589 4226 628 4282 Ρι
729 4227 764 4282 26
786 4226 978 4296 erant10fP¹
