2760 4814
230 296 394 366 Excerpta
411 311 445 351 ax
463 312 533 366 opp.
551 295 577 351 S.
595 295 784 366 Augustini
807 294 978 351 ccxcvm.
1105 298 1166 365 961

31 488 132 570 atque
156 486 341 570 subiugants
364 486 488 570 magica
509 485 660 567 potentia,
688 487 741 551 sod
765 484 870 550 nolens
893 487 986 569 atque
1008 489 1167 573 obtempe-

34 608 111 657 rans
149 590 290 656 occultas
324 589 519 673 dispositioni
554 590 614 669 dei,
652 607 729 672 quae
766 589 982 672 pythonissam
1015 591 1103 658 illam
1137 599 1168 659 et

35 691 166 760 Saulem
189 693 319 776 latebat,
343 696 532 760 consentiret
548 694 678 777 spiritus
694 692 864 777 prophetae
879 694 981 759 sancti
996 713 1029 759 se
1045 696 1167 761 ostendi

35 798 178 883 aspectui
207 796 299 882 regis,
329 797 440 863 diuina
468 816 539 864 enm
569 797 725 863 sententia
758 814 969 880 percussurus.
1000 816 1055 863 our
1085 799 1167 864 enim

10 900 145 967 sanima
167 899 241 965 honi
263 899 409 980 hominis,
433 919 452 966 a
471 900 566 967 malie
580 899 665 966 uiuis
680 904 810 966 euocata
824 899 852 966 si
866 901 1000 980 uenerit,
1023 903 1167 968 amittere

36 1004 186 1070 uideatur
208 1003 398 1087 dignitatem
420 1021 521 1085 suam,
546 1021 617 1068 oum
641 1006 674 1069 ot
696 1002 763 1068 uiui
779 1003 962 1086 plerumque
976 1003 1048 1069 honi
1063 1006 1167 1071 nooati

34 1108 78 1173 ad
92 1108 193 1173 malos
208 1107 337 1173 ueniant
352 1109 384 1173 et
397 1109 495 1191 agant
508 1127 580 1174 cum
596 1107 640 1173 eis
657 1109 738 1190 quod
752 1106 892 1174 officium
905 1109 1046 1191 postulat
1060 1109 1168 1192 aequi-

34 1211 124 1288 tatis,
147 1214 270 1278 seruato
292 1216 386 1296 atquo
409 1213 592 1279 inconcusso
614 1211 723 1278 decore
747 1211 876 1277 uirtutis
899 1230 973 1277 suae
988 1217 1020 1278 et
1042 1213 1167 1279 illorum

35 1314 128 1381 uitiis
150 1333 205 1399 pro
227 1334 330 1381 rerum
352 1317 564 1398 praesentium
586 1314 638 1380 uel
660 1332 719 1380 usu
738 1314 789 1380 uel
803 1314 988 1380 necessitate
1003 1316 1170 1382 tractatis?

10 1418 27 1483 o'
81 1417 279 1501 Quamquam
309 1419 343 1484 in
365 1421 423 1485 hoc
445 1419 527 1485 iacto
549 1420 741 1501 potestesse
764 1417 845 1484 abne
868 1417 993 1483 facilior
1016 1420 1118 1484 exitus
1138 1423 1169 1485 at

35 1522 208 1607 expeditior
229 1523 419 1607 intellectus,
443 1527 479 1588 ut
502 1542 564 1588 non
587 1541 659 1588 uere
682 1521 830 1604 spiritum
852 1519 1029 1588 samuhelis
1052 1522 1168 1589 excita·

35 1631 108 1694 tum
131 1645 151 1693 a
171 1628 277 1709 requie
299 1646 355 1693 sua
378 1628 549 1709 credamus,
568 1627 624 1691 sed
646 1625 774 1708 aliquod
798 1624 985 1707 phantasma
1008 1630 1040 1689 et
1054 1626 1168 1710 imagi·

35 1729 161 1798 nariam
204 1730 384 1795 illusionem
426 1731 541 1796 diaboli
578 1728 865 1796 machinationibus
903 1728 1036 1805 factam,
1074 1746 1168 1810 quam

35 1837 202 1920 propterea
231 1836 384 1919 scriptura
413 1833 538 1900 nomine
571 1832 747 1901 samuhelis
776 1832 928 1915 appellet,
964 1833 1037 1914 quia
1066 1832 1167 1897 solent

10 1940 191 2023 simagines
215 1955 321 2003 earum
344 1957 448 2004 rerum
472 1938 649 2004 nominibus
671 1936 835 2021 appellari,
858 1953 991 2019 quarum
1014 1934 1168 2018 imagines

35 2047 127 2109 sunt:
158 2040 240 2109 sicut
269 2042 383 2117 omnia,
410 2061 488 2125 qnae
511 2044 682 2127 pinguntur
704 2044 798 2123 atque
821 2039 983 2124 finguntur
1005 2057 1041 2103 ex
1064 2038 1168 2120 aliqua

36 2146 172 2212 materie
193 2146 314 2211 metalli
336 2151 391 2211 aut
414 2146 491 2230 ligni
515 2148 571 2212 aut
593 2148 816 2228 cuiuscumque
838 2143 884 2208 rei
907 2145 999 2224 aptae
1015 2140 1054 2206 ad
1077 2158 1169 2223 opera

35 2250 132 2315 huius
161 2249 257 2327 modi,
293 2267 370 2332 quae
400 2251 495 2316 etiam
522 2249 669 2315 uidentur
697 2248 731 2313 in
762 2250 878 2313 somnis
908 2246 939 2310 et
967 2262 1075 2309 omnes
1104 2243 1168 2309 fere

36 2350 192 2437 imagines
221 2370 328 2418 earum
358 2371 470 2431 rerum,
501 2371 633 2435 quarum
658 2350 812 2436 imagines
834 2340 918 2424 sunt,
941 2348 1093 2432 appellari
1115 2365 1169 2412 no·

10 2455 178 2523 ominibus
209 2455 317 2522 solent
352 2456 421 2539 quis
446 2455 528 2521 enim
558 2456 615 2534 est,
640 2453 694 2537 qui
720 2452 879 2519 hominem
901 2452 1021 2535 pictum
1043 2449 1168 2516 dubitet

34 2576 149 2625 uocare
177 2557 358 2623 hominem?
391 2557 513 2640 quando
543 2556 725 2639 quidemst
750 2554 948 2639 singulorum
975 2572 1168 2637 quorumque

35 2661 195 2747 picturam
218 2680 288 2727 cum
312 2663 488 2744 aspicimus,
512 2660 638 2745 propria
660 2678 782 2744 quaque
804 2661 930 2726 nomina
951 2657 1171 2724 incunctanter

36 2762 240 2842 adhibemus3
273 2765 361 2831 uelut
390 2783 461 2830 cum
491 2765 649 2829 intuentes
672 2761 817 2829 tabulam
839 2764 895 2829 aut
917 2762 1068 2845 parietem
1091 2762 1169 2827 dici·

36 2887 127 2934 mus:
153 2867 228 2953 „ille
243 2866 349 2933 Cicero
365 2873 423 2951 est,
440 2868 496 2933 ille
512 2866 698 2945 Sallustiue;
720 2865 776 2933 ille
792 2866 942 2944 Achilles,
966 2866 1020 2931 illo
1035 2865 1171 2945 Hector3

10 2974 95 3039 shoo
124 2971 241 3039 flumen
263 2973 388 3050 Simois,
419 2972 476 3038 illa
497 2974 629 3054 Roma“‚
657 2991 728 3038 cum
751 2971 838 3036 aliud
869 2968 949 3035 nihil
979 2969 1045 3034 sint
1074 2986 1168 3050 quam

37 3077 190 3158 picturae,
221 3075 382 3158 imagines.
420 3075 500 3140 unde
535 3075 683 3141 cherubin
713 3093 785 3140 oum
812 3074 877 3139 sint
906 3072 1055 3138 caelestes
1082 3074 1171 3154 pots-

35 3184 146 3255 states.
180 3179 268 3245 fictae
296 3181 403 3245 tamen
426 3199 462 3245 11
487 3179 625 3259 metallo,
656 3179 739 3261 quod
768 3177 936 3262 imperauit
959 3178 1045 3251 dens,
1076 3192 1169 3256 super·

142 3364 175 3419 27
194 3364 229 3419 oi.
248 3364 295 3418 Ex.
313 3363 355 3431 25,
375 3365 407 3419 18

90 3534 108 3587 2
135 3533 321 3602 dispositionis
345 3534 374 3588 P
474 3533 492 3586 3
518 3535 625 3587 sanctae
652 3535 680 3588 P
781 3535 798 3590 5
824 3533 896 3588 uinis
922 3533 962 3587 P:
991 3532 1058 3586 uisis
1082 3532 1106 3585 V

38 3637 54 3690 ’1
79 3636 202 3706 postulat
225 3636 372 3706 aequitatis
397 3635 475 3691 6¹1²:
510 3636 631 3705 postulat
648 3621 666 3648 ‘²
684 3637 806 3706 aequitas
831 3636 869 3691 θ’
903 3635 1053 3705 postulatae
1072 3634 1171 3703 quietis

44 3722 69 3777 V
158 3723 372 3791 9praossntium
389 3722 469 3777 P¹V:
499 3724 634 3777 sententis
651 3723 690 3778 1²²
783 3721 1057 3777 ruminatoribus
1080 3720 1107 3776 V

41 3808 180 3862 loretum
199 3807 277 3863 P²V:
305 3823 393 3862 rorum
406 3808 526 3862 omnium
545 3809 612 3865 ΟΡ*
703 3809 734 3863 11
754 3808 864 3862 materie
886 3808 922 3862 V:
949 3806 1061 3861 materia
1076 3807 1104 3862 P

40 3898 87 3948 aut
110 3895 301 3964 cuiuscumque
326 3893 363 3948 V:
393 3894 436 3948 uel
460 3893 588 3964 cuiusque
613 3896 642 3950 P
743 3899 804 3964 apte
830 3894 857 3949 V
958 3894 991 3948 19
1018 3892 1171 3948 nominibus

41 3980 148 4037 G¹PV2
177 3983 207 4035 in
230 3980 353 4035 omnibus
378 3980 415 4038 θ’
518 3981 552 4036 21
576 3997 680 4052 quaque
703 3981 739 4037 V:
768 3996 873 4051 quoque
892 3980 919 4035 P
948 3995 1067 4049 quaeque
1084 3997 1103 4033 o

39 4067 73 4122 13
102 4066 153 4122 ant
183 4067 218 4122 V:
254 4082 304 4123 ona
335 4068 363 4123 P
497 4069 533 4124 14
562 4068 702 4124 sallustius
734 4068 802 4124 GV:
838 4067 980 4121 sallustius
1006 4070 1047 4121 est
1077 4068 1103 4121 P

39 4154 73 4210 16
95 4154 218 4223 picturae
239 4152 275 4208 V=
304 4155 394 4223 pietas
413 4155 480 4210 6²1>
507 4155 573 4224 pioti
596 4154 632 4210 θ’
722 4153 859 4209 cherubim
879 4151 934 4209 GP
1023 4152 1056 4206 a?
1076 4153 1172 4207 finctae

43 4239 70 4295 V
171 4240 211 4310 aa]
228 4265 257 4294 a·
273 4256 304 4296 ex
321 4242 361 4310 (et
377 4242 443 4309 ras.)
462 4241 490 4296 P

90 4341 186 4400 VIIII.
1033 4342 1065 4397 61
