2760 4814
325 541 495 613 Excerpta
513 558 549 597 ex
566 558 635 613 opp.
653 543 680 597 S.
697 544 889 615 Augustini
907 545 949 600 24
1143 551 1206 618 129

64 755 138 801 nere
170 735 203 801 id
234 734 442 816 amplectique
472 734 616 799 uoluerit.
654 733 793 815 quisquis
823 738 929 801 autem
961 738 999 802 de
1034 738 1114 804 bono
1144 758 1205 823 quo

65 841 184 904 fruitur
217 855 275 904 non
307 836 446 916 confidit,
480 838 513 902 in
543 837 632 902 tanto
662 837 774 901 timore
804 837 971 905 amittendi
997 839 1109 907 beatus
1140 862 1205 909 esse

64 943 133 1025 quis
167 943 294 1023 potest?
327 941 397 1024 quis
427 957 501 1005 uero
530 939 654 1004 dubitet
684 938 842 1005 hominem
864 940 1041 1023 sapientem
1064 946 1092 1010 si
1114 948 1204 1030 sequi

65 1047 140 1110 satia
172 1044 404 1125 putauerimns,
437 1042 555 1108 auferri
585 1042 675 1109 nobis
698 1044 794 1108 etiam
817 1046 1066 1128 repugnantibus
1090 1053 1204 1130 posse?

45 1151 137 1213 adens
162 1148 263 1231 igitur
285 1147 390 1225 restat,
415 1165 509 1229 quem
525 1149 551 1212 si
566 1149 735 1229 sequimur,
759 1150 845 1228 bena,
869 1149 897 1214 si
913 1153 1116 1233 assequimur,
1141 1171 1204 1219 non

65 1253 192 1316 tantum
227 1253 305 1316 bene
337 1251 392 1316 sed
422 1250 519 1315 etiam
542 1250 631 1315 beate
659 1251 808 1316 uiuimus.
844 1256 962 1318 secutio
985 1271 1058 1336 ergo
1082 1256 1131 1320 dei
1154 1260 1204 1323 est

67 1353 230 1418 beatitatis
264 1354 435 1437 appetitus,
467 1355 645 1419 consecutio
675 1358 744 1435 ipsa
766 1354 909 1421 beatitas.
947 1357 1001 1421 sed
1026 1374 1085 1439 quo
1108 1363 1203 1442 pacto

64 1459 226 1541 sequimur
260 1475 350 1538 quam
386 1474 447 1520 non
481 1456 648 1521 uidemus?
681 1461 737 1522 ant
772 1460 924 1539 quomodo
964 1459 1119 1536 uidemus,
1148 1462 1203 1544 qui

64 1581 123 1627 non
153 1563 258 1626 solum
291 1560 434 1625 homines
467 1559 521 1625 sed
551 1562 647 1625 stiam
678 1561 862 1643 insipientes
899 1561 1039 1627 homines
1068 1567 1203 1630 sumus?

36 1664 309 1748 »confugiendum
337 1664 386 1728 est
414 1664 510 1746 igitur
540 1663 579 1727 ad
609 1654 715 1729 eorum
747 1666 914 1747 praecepta
943 1682 1019 1747 quos
1047 1666 1202 1748 sapientes

65 1770 162 1832 luisse
193 1767 356 1850 probabile
386 1770 442 1844 est,
473 1768 509 1830 nt
539 1768 570 1830 in
593 1766 696 1831 lucem
719 1766 864 1832 ueritatis
887 1767 986 1832 aciem
1009 1767 1201 1834 titubantem

64 1872 151 1936 uelut
183 1870 281 1935 ramis
313 1870 522 1934 humanitatis
555 1873 687 1952 opacata
721 1869 849 1935 inducat
882 1873 1059 1937 auctoritas.
1106 1891 1201 1955 quam

64 1976 151 2040 uiam
173 1975 265 2039 nobis
287 1977 363 2039 deus
379 1975 412 2037 at
433 1972 685 2054 patriarcharum
702 1973 918 2056 segregatione
932 1980 963 2039 et
980 1973 1061 2056 legis
1076 1976 1201 2040 uinculo

65 2081 97 2141 et
118 2078 340 2159 prophetarum
371 2079 530 2160 praesagio
560 2079 592 2141 et
613 2079 751 2159 suscepti
782 2077 918 2143 hominis
948 2082 1146 2144 sacramanto
1169 2084 1201 2144 et

35 2180 277 2263 aspostolorum
314 2181 493 2247 testimonio
528 2182 560 2245 et
593 2186 770 2264 martyrum
806 2181 959 2265 sanguine
991 2183 1023 2247 et
1058 2181 1199 2264 gentium

63 2284 269 2365 occupatione
297 2284 452 2367 muninit3
483 2301 580 2365 quare
609 2282 801 2348 ratiunculas
831 2285 955 2349 nostras
983 2283 1101 2349 diuinis
1125 2285 1200 2349 sub·

63 2389 230 2452 mittamus
254 2386 412 2452 affatibus.

103 2525 282 2590 Audiamus
304 2543 377 2609 argo
401 2543 494 2607 quem
525 2523 617 2589 finem
641 2525 792 2591 bonorum
816 2524 913 2603 nobis,
945 2524 1078 2602 Christe,
1109 2544 1200 2608 prae·

62 2629 189 2704 scribae,
227 2644 287 2710 qno
310 2646 366 2693 nos
388 2646 509 2692 summo
532 2645 636 2693 amora
664 2628 790 2693 tendere
820 2628 918 2694 iubes.
954 2628 1121 2711 diliges,
1151 2629 1201 2692 in·

33 2733 140 2813 nquit,
175 2729 377 2795 dominum
411 2732 521 2797 deum
554 2735 664 2797 tuum
687 2751 729 2796 ex
757 2733 843 2796 toto
867 2733 1073 2797 cordetuo
1096 2736 1136 2796 et
1159 2751 1200 2796 ax

62 2838 149 2898 lota
172 2831 307 2898 anima
329 2838 396 2898 tna
426 2837 465 2900 et
497 2855 539 2899 ex
569 2837 655 2900 tota
685 2839 813 2899 mente
836 2839 911 2899 tua.
949 2833 1024 2918 quid
1054 2835 1103 2900 uis
1133 2854 1200 2899 am·

59 2938 169 3020 plius?
209 2938 242 3000 et
273 2936 409 3002 Paulus:
447 2936 737 3021 diligentibus,
773 2939 887 3020 lnquit,
925 2940 1038 3003 deum
1072 2939 1200 3004 omnia

60 3041 285 3121 procedunt
307 3042 347 3104 in
369 3039 521 3108 bonum.
552 3042 627 3106 dicit
644 3041 741 3106 etiam
764 3042 829 3123 ipse
848 3040 1026 3106 dilectionis
1052 3041 1198 3106 modum:

60 3143 148 3226 quis
173 3160 268 3226 ergo
291 3160 358 3206 nos
381 3144 585 3227 separabit
604 3162 623 3208 a
640 3145 816 3209 caritate
833 3142 1011 3209 Christi?
1034 3148 1064 3209 et
1081 3145 1199 3226 cetera3

32 3252 91 3312 eet
121 3249 197 3329 post
230 3262 347 3328 panca:
382 3251 513 3312 certus
546 3266 629 3312 sum
662 3247 764 3312 enim
808 3248 899 3329 quia
936 3263 1059 3328 neque
1098 3263 1201 3310 mors
1249 3268 1252 3274 ¹

61 3367 183 3431 neque
208 3349 294 3412 nita
315 3356 347 3413 et
368 3351 498 3432 reliqna.
529 3352 556 3414 si
580 3367 653 3435 ergo
676 3350 764 3415 nulla
786 3368 835 3415 ros
851 3349 890 3416 ab
913 3351 979 3415 eius
999 3348 1129 3415 caritate
1145 3366 1201 3414 nos

167 3579 421 3645 revelasset
439 3580 538 3634 Mattb.
558 3580 600 3645 22,
617 3580 651 3635 31
751 3579 784 3634 22
802 3581 878 3634 Rom
897 3580 922 3646 8,
940 3579 975 3632 28
1072 3580 1107 3634 24
1124 3579 1200 3637 Rom.

61 3671 138 3736 ἀῶ
243 3665 470 3730 ffifflmdffl

111 3883 228 3949 deeque
251 3880 287 3935 ΘΙ
372 3879 504 3935 daufarre
518 3881 573 3940 G'o
666 3881 847 3950 baaequimur
861 3881 888 3935 P
905 3895 1075 3948 assequemur
1090 3879 1133 3934 Go

62 3971 218 4023 tuiaemm
237 3966 267 4021 D
359 3966 534 4036 'lappeditna
550 3972 592 4029 1)ι
687 3966 1033 4036 1111111111]11111111111)Ι
1126 3965 1201 4033 paolo

67 4057 89 4111 Τ
196 4052 360 4109 Mollem!
384 4053 424 4107 Ρι
529 4060 664 4120 9sumna
688 4053 810 4109 homines
836 4053 861 4107 T
971 4052 1006 4105 10
1030 4065 1081 4119 qno
1106 4050 1133 4106 D

64 4143 95 4195 12
119 4143 238 4211 opagata
263 4139 303 4192 D¹
337 4143 463 4207 oppaoata
488 4141 516 4196 P
644 4141 778 4202 inducant
803 4139 833 4194 D
960 4139 1078 4192 auctoris
1104 4137 1133 4191 D

64 4228 94 4279 lt
111 4226 230 4278 bomine·
247 4222 318 4276 Μ’
409 4224 441 4277 15
456 4238 577 4312 apogpom
596 4239 645 4303 D'
724 4224 905 4281 ¹testimonia
921 4224 960 4279 Ρι
1059 4223 1202 4276 martirum

63 4310 88 4362 P
181 4308 214 4362 16
229 4307 398 4361 muniuntD
479 4331 671 4415 &mcum
691 4314 725 4372 1)
824 4311 857 4365 19
874 4309 946 4364 iubis
964 4309 1004 4367 D¹
1108 4307 1203 4376 diligis

60 4393 122 4449 ΠΡ·
222 4393 252 4446 ar
272 4396 299 4445 et
315 4407 361 4446 our.
379 4391 406 4444 Γ
690 4400 764 4461 enim
783 4398 813 4453 D
918 4397 954 4457 24
972 4397 1089 4454 arente
1106 4394 1135 4449 D

57 4476 264 4545 anamiim?
352 4475 435 4526 26111
493 4412 668 4519 &mm
