2760 4814
134 313 173 379 12
615 311 781 380 Euripidi

132 502 233 570 LIIII.
257 503 307 571 69.
331 504 400 569 Non
423 503 524 569 solum
548 501 656 567 diebus
680 503 734 568 sed
762 506 792 566 77
814 503 973 569 mensibus
992 505 1151 569 nomined

234 626 360 673 suorum
390 607 466 672 dioit
495 605 678 688 imposuisse
714 623 865 688 paganos3
900 625 972 671 nam
1004 606 1037 671 77
1066 607 1152 689 popu

234 711 300 775 siue
336 710 502 775 sabbatum
539 708 606 772 siue
644 707 912 773 olroumoisionem
948 710 1013 773 siue
1050 709 1152 777 differe

234 812 373 877 ciborum
407 812 474 876 siue
508 811 753 877 immolationem
782 811 1004 877 sacrificIornm
1035 812 1133 877 nostri

234 915 357 998 figuras.
393 915 426 979 in
448 913 566 978 XVIII.

132 1019 194 1084 LV.
220 1017 269 1084 70.
300 1018 387 1099 Quod
415 1019 574 1082 ooulum
602 1035 669 1099 pro
700 1016 812 1082 ooulo
840 1034 902 1082 non
933 1018 975 1082 sit
998 1018 1153 1082 contrariu

163 1196 164 1200 Ἰ
232 1123 312 1205 quod
347 1120 424 1185 dioit
458 1121 617 1185 dominus:
654 1120 720 1201 qui
755 1126 793 1184 to
827 1122 1075 1201 percusserit
1104 1123 1142 1185 in

235 1228 335 1290 tram
357 1223 569 1289 maxillam.
606 1225 638 1286 In
661 1222 799 1288 XVIIII.

131 1329 211 1394 LVI.
238 1329 288 1392 71.
318 1327 476 1408 Quomodo
499 1327 747 1408 intellegendum
771 1325 813 1390 777
836 1327 914 1392 illud
938 1325 1085 1411 apostoII:
1115 1327 1154 1390 in

235 1433 303 1496 bus
334 1429 426 1494 deus
456 1430 611 1494 saeculi
633 1430 748 1495 huius
772 1429 1003 1494 exoaeoauit
1031 1431 1155 1495 mente

233 1534 431 1598 fidolium.
466 1533 499 1596 in
521 1532 607 1597 XXI.

135 1637 314 1715 uvinda.
355 1637 400 1700 De
435 1636 466 1701 id
501 1638 581 1717 quod
618 1637 663 1701 ait
696 1635 779 1700 idem
813 1639 969 1718 apostolus
1005 1636 1097 1700 deus
1131 1654 1150 1700 a

235 1741 478 1821 temperauit
500 1758 659 1820 carpum
695 1741 726 1803 et
748 1742 785 1803 de
808 1739 964 1822 superiore
987 1740 1142 1804 sententia

235 1843 295 1907 alio
319 1845 407 1907 modo
431 1843 651 1925 intellegenda.
684 1844 716 1906 in
739 1841 825 1906 XXI.

131 1947 247 2012 LVIII.
283 1946 332 2009 73.
372 1945 520 2027 Exemplo
553 1943 696 2009 Abrahae
733 1945 860 2009 celantis
899 1946 1060 2026 ooniugem
1098 1946 1157 2010 doo

235 2049 355 2130 quando
378 2048 473 2113 habet
495 2047 587 2113 homo
606 2050 686 2130 quod
707 2048 802 2112 faciat
825 2066 886 2112 non
919 2050 1033 2112 temtet
1059 2049 1158 2126 deum.

235 2170 292 2217 neo
306 2155 423 2217 Paulus
441 2151 534 2216 fidem
550 2151 736 2234 perdiderat,
759 2150 950 2234 quandoper
966 2170 1092 2215 murum
1108 2151 1158 2217 ino

234 2254 387 2320 demissus
410 2259 467 2331 est,
492 2257 527 2317 ut
549 2254 746 2318 inimieorum
770 2254 917 2336 effugeret
939 2273 1060 2319 manus.

131 2358 263 2424 LVIIII.
291 2359 351 2446 74„
371 2357 452 2438 Quid
480 2377 584 2422 rerum
613 2356 818 2442 ligurauerint
848 2362 996 2441 quattuor
1024 2357 1159 2422 nnoresl

233 2465 265 2526 in
287 2461 391 2526 XXII.

131 2550 195 2627 LX.
228 2564 276 2630 75.
309 2564 354 2628 De
391 2564 473 2628 fanto
504 2563 608 2646 Iudae,
647 2567 728 2645 quod
767 2582 838 2629 oum
875 2583 932 2629 sua
968 2585 1049 2629 nuru
1079 2583 1160 2630 7777

232 2668 265 2730 77
287 2665 390 2731 XXII.

130 2750 209 2834 LXI.
236 2771 285 2834 76.
309 2770 354 2833 De
376 2770 501 2852 peceato
525 2769 657 2835 Dauid
650 2789 681 2834 1n
705 2788 796 2835 urore
820 2769 876 2835 Uri
900 2769 957 2835 Cet
960 2771 1055 2834 thaei.

129 2872 230 2964 LXII
254 2874 304 2936 77.
327 2873 374 2936 Do
390 2872 566 2938 Salomonis
583 2873 720 2954 prImum
736 2874 834 2952 bonis,
857 2876 928 2956 post
929 2874 1113 2940 eumalis.
1107 2873 1161 2938 m]

130 2944 243 3041 LXIII.
269 2976 318 3041 78.
354 2979 400 3042 Do
430 2976 478 3040 uit
465 2976 525 3040 tuli
560 2975 661 3089 eapite
692 2977 915 3042 oombustto
884 2977 977 3041 7777
1008 2996 1121 3059 aquam
1151 2995 1162 3042 s

164 3084 368 3162 potuque
390 3079 503 3162 populo
526 3080 608 3145 (7777.
642 3078 675 3143 77
697 3079 801 3145 XXII.

129 3138 261 3246 LXllll.
286 3184 336 3247 79.
361 3182 406 3247 De
429 3183 547 3247 semine
577 3183 676 3247 susoit
663 3182 758 3247 tando
787 3182 874 3247 irat'
836 3185 877 3246 77
901 3182 1028 3248 defunct
1015 3188 1063 3259 to;
1098 3187 1129 3247 77
1152 3200 1163 3247 o

133 3364 135 3369 .
232 3285 439 3351 obleotionem
462 3286 500 3350 de
521 3285 788 3350 sollemnitatibus
825 3287 875 3349 uel
906 3287 986 3367 quod
1017 3286 1163 3351 dnoomr

232 3389 434 3472 Intellegatur
457 3407 475 3452 7
497 3390 648 3471 sanguine
671 3388 890 3453 abstinendum
924 3392 1064 3470 qnodque
1098 3387 1164 3453 turd

232 3490 366 3556 minores
389 3491 539 3567 aniculae,
569 3511 700 3574 quarum
723 3492 850 3576 sanguis
873 3510 934 3556 uon
957 3492 1138 3567 effunditur,

232 3595 441 3672 comedantur.
477 3595 506 3659 77
530 3594 663 3660 XXXII.

128 3694 211 3759 Hinc
225 3714 260 3759 ex
272 3693 352 3759 libro
363 3698 575 3777 quaestionum
588 3699 619 3762 in
633 3698 738 3782 genesi
750 3697 888 3781 capitula
896 3717 950 3781 per
959 3698 1095 3762 ordinem
1105 3695 1165 3762 XX

129 3983 161 4037 12
188 3897 312 4037 246131.
330 3899 371 3965 21,
391 3901 425 3954 24
507 3901 736 3967 adunandae
815 3902 879 3955 971
898 3902 956 3957 Cor.
974 3903 1035 3969 4‚4
1117 3899 1167 3956 123

164 4155 651 4226 18den1ssnssoripoi1dImissus
681 4157 708 4211 V
805 4159 839 4212 25
862 4171 931 4228 aqua
958 4160 984 4214 V
1088 4159 1124 4214 30
1141 4175 1169 4228 qu

131 4240 157 4294 V
256 4240 291 4295 32
308 4242 398 4295 ordine
420 4241 446 4295 V
