2760 4814
219 573 281 639 948
703 571 867 640 Eugippii

218 766 323 848 agitur
352 767 384 827 et
415 761 499 827 omni
522 765 612 828 modo
635 760 819 843 implebitur
840 780 910 826 cum
933 762 1136 829 contentione
1158 768 1274 831 mortis
1296 766 1343 831 eb·

219 867 323 931 sumta
351 869 382 930 et
411 866 554 947 caritate,
585 884 664 948 quae
692 866 841 932 erodendo
872 870 903 930 et
936 867 1089 949 sperando
1125 870 1280 951 nutritur,
1302 870 1340 933 oi·

218 968 316 1033 dendo
338 972 369 1032 et
391 968 559 1034 obtinendo
594 969 738 1052 perfect-a.
777 972 920 1050 deinceps
949 970 1092 1035 instituit
1115 970 1239 1037 diuinis
1262 974 1339 1037 tosti·

218 1071 329 1136 moniis
351 1090 441 1155 egere
463 1074 544 1156 quod
567 1072 712 1138 intendit.
744 1074 824 1155 quod
847 1073 938 1156 quale
961 1072 1003 1137 sit
1026 1072 1217 1155 diligentius
1240 1079 1340 1141 oduer·

219 1178 330 1239 tomus.
1354 1198 1364 1237 s

678 1431 878 1515 doxolffl.

219 1626 274 1670 ΥΒ]
309 1623 447 1671 I‘OSSINT
478 1624 673 1670 PRAECEPTA
705 1624 750 1669 DE
781 1620 959 1669 CARITATIS
990 1621 1233 1671 PERFECTIONE
1263 1624 1335 1672 0011·

218 1728 319 1773 PLERI
343 1728 385 1772 ET
408 1727 492 1783 QVID
515 1725 567 1772 SIT
589 1726 750 1772 LIBERARI
774 1726 820 1771 Du:
842 1724 997 1771 CORPORE
1012 1724 1151 1786 MORTIS,
1168 1728 1238 1774 VEL
1254 1728 1335 1788 Qvod

216 1829 350 1875 NOMINE
373 1830 504 1889 lnlvn'n,
528 1830 754 1875 ELEMOSYNAE
777 1829 819 1874 ET
842 1828 1024 1876 ORATIONIS
1046 1828 1223 1878 IVSTITIAE
1241 1832 1333 1879 GENE-

341 1932 484 1979 Rnlrluns
506 1932 703 1979 INDICETVR.
734 1932 780 1977 Ex
806 1930 910 1977 LIBRO
933 1930 1041 1977 SVPRA
1065 1930 1221 1981 SCRIPTO.
1339 1938 1356 1978 1⁰

147 2072 209 2139 319
266 2069 493 2148 „Testimouie“
509 2068 610 2150 inquit
623 2067 753 2150 „quibus
766 2070 913 2150 probatur
924 2068 1124 2150 praeceptum
1137 2087 1205 2135 esse
1216 2069 1333 2143 homini,

219 2175 254 2236 ut
277 2172 393 2254 absque
415 2173 539 2255 peceato
562 2169 633 2235 311.κ
660 2171 698 2234 ed
721 2170 779 2235 hoo
795 2172 1029 2253 respondemus:
1054 2189 1114 2237 non
1131 2179 1241 2238 utrum
1257 2192 1331 2257 proe-

218 2281 341 2357 ceptum
356 2279 398 2340 sit
414 2275 582 2358 quaeritur,
606 2274 685 2357 quod
705 2276 794 2340 ualde
810 2274 1008 2338 menifestum
1025 2278 1082 2353 est,
1098 2280 1152 2341 sed
1170 2277 1229 2343 hoc
1243 2279 1331 2360 ipsum

217 2381 297 2461 quod
328 2384 525 2461 praeceptum
556 2397 622 2442 esse
644 2382 764 2443 constat
787 2382 892 2442 utrum
914 2379 948 2442 iu
971 2397 1093 2460 corpore
1117 2382 1232 2445 mortis
1254 2381 1331 2445 huius

216 2485 314 2564 possit
337 2485 468 2566 impleri,
487 2482 541 2547 ubi
564 2499 635 2547 coro
659 2480 849 2563 concupiscit
872 2484 1018 2546 aduersus
1034 2482 1186 2563 spiritum
1204 2490 1236 2549 et
1252 2482 1354 2567 spiri-s

216 2598 267 2650 tus
296 2587 443 2651 aduersus
474 2605 608 2667 carnem,
631 2590 667 2649 ut
690 2603 750 2649 non
774 2604 809 2649 eo
831 2604 908 2667 quoe
931 2585 1074 2649 uolumus
1098 2584 1262 2651 sociamus.
1302 2584 1330 2647 de

216 2707 275 2769 quo
299 2706 422 2771 corpore
445 2692 554 2754 mortis
577 2688 670 2753 huius
693 2707 752 2753 non
776 2691 876 2752 omnis
898 2689 1056 2768 liberetur,
1080 2689 1134 2770 qui
1166 2690 1238 2754 finit
1263 2690 1331 2754 hone

216 2793 327 2869 uitam,
358 2791 411 2855 sed
442 2793 494 2873 qui
525 2793 557 2855 in
580 2792 638 2855 hoo
661 2794 729 2855 uita
750 2792 920 2873 susceperit
942 2790 1078 2875 gratiam
1102 2794 1144 2873 et,
1170 2812 1209 2857 ne
1232 2795 1265 2858 in
1286 2809 1329 2856 ue

216 2912 291 2957 rrum
307 2894 464 2977 suscipiet,
482 2896 568 2960 bonis
583 2897 723 2977 operibus
739 2893 845 2977 egerit.
871 2894 956 2958 eliud
973 2896 1020 2958 est
1035 2892 1118 2958 enim
1135 2896 1218 2960 exire
1234 2896 1271 2960 de
1285 2895 1330 2959 hoo

216 3015 350 3080 corpore,
382 2999 461 3080 quod
493 3017 597 3063 omnes
623 2998 762 3063 homines
786 2999 850 3062 dies
873 2998 956 3063 uitae
980 2998 1071 3062 huius
1094 2997 1228 3062 ultimus
1251 2997 1354 3081 cogite

215 3102 300 3167 aliud
331 3103 378 3165 est
411 3104 517 3167 eutem
547 3099 674 3164 liberari
698 3102 736 3164 de
759 3118 883 3182 corpore
906 3099 1018 3163 mortis
1042 3100 1146 3178 huius,
1170 3100 1252 3183 quod
1273 3098 1328 3163 solo

215 3205 263 3271 dei
294 3208 396 3288 gratio
425 3224 479 3287 per
511 3203 615 3267 Iesum
639 3201 798 3267 Christum
822 3202 981 3267 dominum
1004 3205 1147 3267 nostrum
1170 3203 1286 3269 sanetis
1304 3206 1327 3263 et

215 3308 358 3373 fidelibus
382 3308 447 3371 eius
470 3307 618 3389 impertit.
646 3310 714 3390 post
737 3305 817 3370 hauc
839 3308 943 3370 auteur
967 3308 1061 3371 uitom
1080 3326 1200 3371 merces
1216 3302 1326 3389 perfici·

215 3432 268 3476 ens
302 3413 452 3493 redditur,
485 3410 539 3474 sed
572 3411 615 3474 eis
647 3413 769 3474 tantum
800 3409 952 3491 aquibus
976 3410 1008 3472 in
1032 3409 1089 3473 hac
1112 3408 1180 3474 uita
1202 3408 1324 3475 eiusdem

216 3515 364 3581 mercedis
398 3514 546 3579 meritum
590 3515 795 3596 comparetur
842 3531 903 3577 non
940 3516 1023 3576 enim
1060 3513 1100 3576 cd
1138 3514 1345 3579 saturitatem

215 3619 361 3699 iustitiae,
397 3636 467 3682 cum
502 3616 576 3681 hinc
609 3616 729 3694 exierit,
767 3616 897 3698 quisque
920 3617 1089 3698 perueniet‚
1114 3616 1176 3680 nisi
1199 3620 1236 3682 cd
1258 3628 1319 3689 een,
1370 3698 1372 3711 Ι

215 3741 283 3785 eum
306 3722 358 3785 hic
382 3723 437 3802 est,
468 3719 630 3785 esuriendo
652 3724 684 3784 et
706 3720 837 3784 sitiendo
860 3719 1038 3784 cucurrerit.
1078 3720 1190 3784 besti
1214 3719 1317 3801 quippe.
1368 3714 1372 3775 t

316 3910 349 3961 15
367 3909 400 3961 es.
414 3908 471 3962 Gai.
489 3908 513 3973 5,
533 3907 565 3960 17
643 3905 676 3959 2⁴2
695 3905 728 3959 cf.
741 3907 817 3959 Rom.
837 3905 860 3969 Ἰ,
879 3904 912 3958 24
924 3921 962 3973 sq.
1038 3904 1071 3958 27
1090 3905 1191 3959 Metth.
1211 3906 1232 3970 5,
1251 3903 1266 3955 6

265 4077 352 4129 lcum
366 4075 401 4128 V:
421 4092 470 4129 om.
484 4076 512 4129 P
578 4075 701 4129 obsnmts
715 4074 749 4127 V:
768 4074 909 4142 adsumpto
922 4074 949 4127 P
1026 4076 1114 4143 desp.
1128 4062 1314 4132 cccnxfflss
1370 4126 1372 4151 Ι

213 4162 274 4228 (sic)
299 4161 327 4214 P
361 4160 465 4216 cccxl
491 4162 533 4215 Go
635 4161 785 4214 'Ititulom
803 4166 899 4214 atram.
918 4161 999 4229 cipro
1016 4159 1081 4214 odd.
1099 4179 1134 4215 m.
1152 4165 1174 4216 2
1191 4161 1266 4217 irrP

212 4248 229 4299 9
253 4247 387 4301 orationes
409 4246 437 4300 P
539 4247 572 4302 10
594 4262 674 4316 supro
696 4246 793 4319 scripto
817 4246 892 4301 MV:
921 4246 960 4301 VI
979 4247 1011 4300 de
1034 4247 1197 4316 perfectione
1214 4242 1315 4301 iussitire

214 4332 331 4387 hominis
354 4332 387 4385 od
410 4331 519 4401 paulum
537 4335 565 4386 ct
587 4333 737 4401 eutropium
760 4333 893 4402 episcopos
916 4332 943 4385 P
1045 4333 1078 4387 18
1101 4337 1130 4386 et
1151 4350 1184 4389 ne
1209 4332 1270 4389 GPe
1292 4336 1315 4379 nt
1369 4336 1372 4397 ξ

213 4434 246 4472 ne
267 4420 292 4472 V
379 4433 477 4471 nonum
497 4418 562 4472 GP:
591 4434 673 4473 unum
695 4419 721 4472 V
810 4421 842 4474 19
860 4419 1003 4488 suscipisset
1021 4422 1050 4485 (n
1067 4422 1134 4489 ros.)
1153 4420 1182 4474 P
1261 4412 1315 4471 enin
1369 4400 1372 4461 i

212 4504 298 4559 sstP
398 4501 431 4557 23
448 4506 510 4571 post
528 4503 566 4557 P:
594 4504 687 4573 perV
1369 4464 1372 4615 i
