2760 4814
668 305 830 374 Eugippii

683 545 812 631 uoltu.

190 735 312 794 QVIBVS
345 735 592 784 PROGRESSIBVS
625 736 715 784 MENS
748 736 991 784 CORPORALIVM
1024 737 1143 785 RERVM
1173 737 1240 786 VSV
1273 736 1314 784 ΕΤ

189 838 334 888 munim
363 838 564 886 DELECTATA
587 840 630 885 ΛΒ
653 839 886 887 uuuuuuoitvul
914 839 1230 889 communioris
1252 841 1313 888 DE·

404 941 527 991 ulem.
566 943 612 989 EX
635 942 737 990 LIBRO
759 944 805 990 DE
828 944 1013 991 TRINI'I'ATE
1035 944 1095 991 xil.

116 1082 180 1149 262
232 1079 477 1145 Ascendentibus
510 1081 616 1163 itaque
638 1082 790 1147 introrsus
819 1080 1006 1165 quibusdam
1033 1080 1185 1165 gradibus
1209 1079 1342 1146 sonui-s

187 1183 355 1248 dotationis
377 1201 432 1266 per
452 1185 573 1249 animae
601 1185 716 1266 partes,
748 1185 829 1249 unde
858 1184 971 1266 inoipit
994 1183 1111 1266 aliquid
1140 1200 1309 1259 occurrere,

187 1286 268 1368 quod
290 1286 415 1351 nonsit
437 1286 526 1352 nobis
560 1305 722 1353 commune
745 1306 817 1352 oum
839 1286 961 1365 bestiis,
990 1287 1061 1352 inde
1083 1286 1200 1370 inoipit
1221 1285 1310 1363 ratio,

187 1388 240 1455 ubi
262 1388 327 1453 iam
349 1389 441 1455 homo
462 1389 590 1454 interior
612 1390 710 1473 possit
732 1391 868 1472 agnosci.
893 1391 947 1472 qui
969 1390 1065 1454 etiam
1087 1390 1116 1453 si
1144 1408 1202 1470 per
1224 1389 1310 1454 illam

186 1492 348 1576 rationem,
383 1493 433 1557 oui
456 1496 673 1575 temporalium
703 1512 807 1558 rerum
830 1493 1063 1558 administratio
1086 1492 1233 1576 delegata
1254 1494 1310 1570 est,

186 1593 252 1659 iam
263 1595 421 1659 moderato
432 1613 596 1678 progressu
607 1596 700 1660 nimis
713 1595 745 1661 in
755 1596 905 1661 exteriora
916 1596 1089 1679 prolabitur
1101 1594 1340 1660 consentienter·

186 1696 247 1762 sibi
272 1697 371 1779 eapite
393 1716 459 1776 suo,
482 1699 578 1764 idest
594 1719 655 1766 non
671 1719 739 1763 eam
762 1701 922 1766 cohibente
944 1703 1037 1782 atque
1059 1698 1243 1764 refrenante
1256 1698 1309 1764 illa

186 1817 263 1882 quae
285 1800 318 1865 in
340 1803 465 1883 speoule
487 1802 608 1867 consilii
630 1804 785 1884 praesidet
807 1805 895 1886 quasi
918 1803 1002 1868 uirili
1017 1803 1170 1885 portione,
1194 1803 1309 1868 inuete-

186 1905 274 1969 ratur
296 1905 377 1969 inter
399 1906 544 1970 inimicos
566 1924 648 1984 suos,
679 1908 804 1972 uirtutis
827 1907 951 1972 inuidos
974 1907 1137 1972 daemones
1160 1924 1234 1971 oum
1255 1922 1309 1970 suo

186 2006 323 2090 principe
346 2008 475 2088 diabolo,
498 2013 756 2093 aeternorumque
778 2010 834 2075 illa
856 2009 937 2075 uisio
959 2011 998 2075 ab
1022 2012 1088 2092 ipso
1112 2009 1218 2091 eapite
1240 2025 1310 2074 oum

187 2111 316 2194 coniuge
339 2112 474 2178 uetitum
503 2116 709 2179 manducante
731 2113 937 2194 subtrahitur,
961 2115 997 2178 ut
1019 2113 1128 2178 lumen
1150 2111 1340 2178 ooulorumo

186 2214 251 2280 eius
274 2233 334 2280 uon
358 2215 401 2280 ait
427 2234 498 2281 oum
521 2216 590 2292 illo;
625 2234 662 2282 ao
690 2217 735 2282 sio
757 2216 795 2281 ab
825 2217 883 2282 illa
910 2215 1131 2283 inlustratione
1165 2216 1310 2282 ueritatis

185 2322 275 2385 ambo
305 2321 413 2385 nudati
447 2321 540 2402 atque
569 2321 684 2402 apertis
717 2318 816 2385 oeulis
838 2320 1044 2386 eonscientiae
1066 2322 1105 2385 ad
1128 2321 1309 2402 uidendum,

186 2440 280 2503 quam
308 2422 464 2487 inhonesti
497 2424 590 2505 atque
622 2423 757 2487 indeoori
788 2425 1007 2504 remanserint,
1042 2428 1208 2506 tamquam
1236 2423 1312 2491 folia

186 2524 324 2589 duloium
357 2525 526 2605 fructuum,
560 2526 614 2590 sed
636 2526 703 2590 sino
732 2525 809 2610 ipsis
840 2526 1006 2609 fructibus,
1040 2527 1086 2591 itu
1107 2527 1176 2592 sine
1206 2527 1311 2594 fruotu

185 2629 257 2693 boni
279 2626 379 2710 operis
393 2646 476 2693 uana
492 2628 587 2694 uerba
609 2631 785 2709 conterunt,
808 2633 844 2695 ut
862 2631 946 2695 male
967 2631 1110 2695 uiuentes
1126 2633 1218 2713 quasi
1234 2630 1345 2698 bonoso

186 2730 336 2812 loquendo
359 2734 527 2813 contegant
548 2730 774 2815 turpitudinem
797 2751 896 2800 suam.

672 3018 820 3102 boxel.

185 3210 269 3270 QVID
283 3209 500 3258 DISPVTATVM
516 3210 645 3270 Qvlnvu
661 3208 713 3257 SIT
728 3210 1004 3258 coupuullurlsvu
1017 3210 1315 3262 Rumocmu‘nomt

372 3312 556 3360 LIBRORVM.
592 3315 638 3359 EX
661 3313 765 3360 LIBBO
788 3315 834 3361 Du
855 3314 1040 3361 TRINITATE
1063 3313 1120 3359 XV.

114 3436 178 3504 263
231 3432 291 3498 Sed
314 3435 461 3517 quoniam
484 3433 652 3497 disserendi
676 3434 710 3496 et
724 3432 931 3497 ratiocinandi
955 3432 1122 3498 necessitas
1146 3451 1202 3515 per
1217 3437 1349 3518 quat-ss

185 3538 355 3602 tuordeoim
379 3536 474 3601 libros
498 3537 599 3601 multa
614 3554 670 3601 uos
685 3536 838 3619 compulit
855 3535 966 3611 dicere,
989 3553 1066 3617 quae
1082 3537 1199 3602 cuneta
1213 3540 1315 3604 simul

287 3723 320 3777 13
338 3723 372 3777 oi.
385 3723 428 3779 Po.
447 3724 471 3790 6,
489 3724 507 3777 8
592 3725 626 3778 15
644 3724 677 3779 ot
689 3722 734 3779 Po.
751 3723 794 3788 37,
814 3724 842 3777 ll
933 3725 965 3777 18
982 3722 1014 3777 of.
1028 3722 1093 3778 Gau.
1112 3723 1137 3787 3,
1157 3725 1243 3795 lopo.

238 3891 251 3944 1
270 3907 329 3960 cop.
347 3891 437 3948 CCXL
454 3893 529 3948 MV:
557 3893 630 3948 decu
647 3894 677 3947 in
697 3891 764 3949 GRr
854 3895 871 3948 3
889 3894 1035 3948 deleaute
1052 3894 1090 3949 M
1180 3895 1197 3950 9
1213 3898 1313 3952 ammi-

184 3977 310 4031 niatratio
326 3978 364 4033 M
366 3977 391 4033 V
476 3978 509 4031 10
526 3979 579 4033 iam
598 3980 734 4035 moderato
751 3981 786 4035 V:
813 3980 988 4034 immoderato
1002 3997 1020 4033 u
1107 3981 1263 4049 prolabitur
1280 4000 1313 4038 a:

184 4062 341 4131 probabitur
354 4063 381 4120 V
462 4064 497 4118 20
508 4081 578 4119 uana
589 4066 661 4120 MV:
680 4066 750 4121 bona
761 4084 779 4120 a
860 4067 894 4121 22
906 4084 967 4136 cop.
979 4066 1076 4122 CCLII
1088 4068 1128 4121 P¹
1146 4067 1262 4125 ccum
1274 4070 1314 4125 P‘

184 4148 275 4205 GCLV
288 4150 330 4207 (do
398 4150 432 4206 23
440 4150 654 4219 comprehensum
666 4153 701 4207 V:
719 4151 934 4222 comprehensum
944 4152 1158 4221 praecedentium
1171 4152 1241 4208 ouo

184 4235 396 4306 ratiooinatione]
415 4235 595 4291 rationatione
612 4237 640 4291 P
666 4238 768 4292 ratione
787 4239 813 4294 (l
915 4238 950 4292 25
968 4237 1146 4292 ratiotinaudi
1163 4255 1180 4292 o
