2760 4814
131 306 195 374 134
616 302 779 375 uugrppu

132 496 222 578 quasi
255 494 412 561 uilitatem
446 495 602 561 dictorum
632 495 813 578 aspernatus
843 497 929 559 extra
956 492 1140 558 nutritorias
1171 510 1265 557 cunas

131 599 266 682 superba
282 597 488 665 inbecillitate
503 616 536 663 se
552 596 735 675 extenderit,
757 597 835 662 heu!
859 597 950 662 cadet
964 596 1060 661 miser
1076 599 1117 676 et,
1141 597 1265 662 domine

130 702 215 780 deus,
238 701 385 767 miserere
406 719 445 766 ue
466 702 652 784 implumem
673 700 797 785 pullum
820 699 1002 766 conculcent
1023 700 1076 782 qui
1099 700 1265 764 transeunt

130 802 226 880 niam,
257 805 289 869 et
310 804 404 870 mitte
433 803 583 889 angelum
611 804 712 886 tuum,
744 803 798 887 qni
820 820 891 869 eum
913 805 1043 886 reponat
1068 801 1102 866 in
1124 803 1205 880 nido,
1229 802 1265 866 ut

130 909 220 973 uiuat
242 907 338 972 donec
360 907 453 972 uolet.
1287 928 1302 969 a

164 1027 242 1133 ⁴Alii
274 1047 357 1112 uero,
392 1028 507 1112 quibua
530 1029 607 1094 hacc
634 1026 729 1093 uerba
756 1044 817 1092 non
845 1027 910 1092 iam
932 1025 1032 1109 nidus,
1056 1024 1110 1091 sed
1133 1027 1266 1110 opacata
1289 1094 1293 1103 ,

133 1130 269 1198 frutecta
297 1134 382 1213 sunt,
414 1130 525 1198 uident
553 1131 587 1197 iu
615 1130 661 1196 eis
684 1131 819 1196 latentes
843 1129 963 1196 fructus
986 1131 1017 1195 et
1039 1128 1176 1194 uolitant
1198 1128 1265 1193 lae·

131 1235 235 1300 tontes
257 1237 290 1300 et
311 1236 455 1319 garriunt
477 1235 652 1302 scrutantes
669 1238 700 1300 et
717 1234 848 1317 carpunt
862 1251 928 1316 eos3
951 1233 1059 1299 uident
1075 1233 1168 1310 enim,
1192 1250 1266 1297 cum

130 1335 208 1402 haec
230 1334 328 1402 uerba
348 1335 458 1420 legunt
479 1338 531 1403 uel
551 1336 696 1413 audiunt,
720 1335 784 1414 tna,
809 1335 894 1417 deus,
918 1337 1046 1401 aeterne
1061 1334 1170 1402 stabili
1192 1353 1265 1417 per-

131 1439 292 1505 mansione
325 1439 440 1505 cuncta
472 1439 644 1522 praeterita
673 1442 705 1504 et
734 1439 840 1504 futura
869 1441 1011 1524 tempora
1039 1438 1178 1521 superari
1207 1458 1304 1504 neore

131 1542 240 1608 tamen
277 1542 444 1625 quicquam
484 1559 551 1608 esse
588 1540 769 1625 temporalis
813 1541 974 1606 creaturae
1010 1540 1093 1624 quod
1128 1544 1165 1605 tu
1201 1559 1266 1606 non
1299 1602 1307 1639 ι

131 1642 253 1723 feceris,
280 1643 368 1709 cuius
390 1641 547 1723 uoluntas,
578 1644 650 1728 quia
672 1644 705 1709 id
729 1645 878 1726 estquod
901 1648 947 1727 tu,
971 1644 1057 1710 nullo
1079 1644 1171 1709 modo
1192 1662 1266 1708 mu·

132 1749 202 1812 tata
223 1744 275 1810 uel
298 1764 376 1829 quae
392 1746 486 1812 antea
500 1762 563 1811 non
576 1745 699 1824 fuisset,
723 1745 830 1811 exorta
844 1743 1008 1811 uoluntate
1023 1745 1127 1811 fecisti
1142 1745 1265 1811 omnia:

131 1868 193 1916 nou
219 1850 257 1915 de
280 1852 312 1914 te
334 1849 575 1914 similitudinem
598 1852 688 1914 tuam
710 1847 844 1914 formam
860 1848 1011 1932 omnium,
1034 1848 1089 1915 sed
1104 1849 1143 1914 de
1164 1848 1265 1915 nihilo

133 1953 422 2019 dissimilitudinem
446 1954 620 2031 informem,
643 1971 722 2036 quae
744 1952 932 2019 formaretur
947 1973 1002 2038 per
1019 1953 1305 2024 similitudinemu

131 2060 222 2122 tuam
255 2073 416 2122 recurrens
447 2057 482 2122 in
516 2060 548 2122 te
583 2075 681 2121 nuum
708 2073 763 2138 pro
797 2059 890 2138 captu
920 2054 1073 2138 ordinato,
1108 2059 1265 2140 quantum
1289 2120 1305 2133 ,,

132 2159 244 2244 cuique
265 2178 371 2225 rerum
392 2159 426 2226 iu
448 2178 501 2226 suo
523 2176 636 2243 genere
657 2159 767 2224 datum
789 2161 847 2236 eet,
872 2160 904 2224 et
922 2158 1033 2225 fierent
1055 2162 1161 2227 omnia
1183 2162 1266 2228 bona

131 2262 235 2349 ualde,
257 2263 324 2330 siue
347 2266 494 2330 maneant
510 2263 591 2328 circa
608 2265 639 2327 tc
662 2261 731 2327 siue
757 2263 915 2344 gradatim
931 2264 1096 2328 remotiore
1112 2265 1265 2331 distantia

129 2384 185 2450 per
208 2369 349 2451 tempora
363 2369 394 2432 et
416 2366 502 2432 locos
523 2366 670 2451 pulchras
686 2365 876 2432 uariationes
891 2366 1008 2432 faciant
1023 2369 1078 2432 aut
1092 2369 1264 2452 patiantur.

130 2469 241 2536 uident
264 2469 340 2536 haec
362 2473 394 2534 et
417 2468 555 2554 gandent
576 2471 610 2535 in
632 2469 702 2534 luce
723 2469 868 2535 ueritatis
892 2473 974 2551 tuae,
1002 2471 1189 2553 quantulum
1213 2470 1306 2536 hicio

129 2571 248 2637 ualent.
284 2574 317 2638 et
344 2572 425 2638 alius
458 2590 568 2638 eorum
601 2572 737 2638 intendit
766 2572 799 2638 iu
822 2573 853 2639 id
876 2574 958 2655 quod
980 2573 1099 2640 dictum
1121 2577 1188 2638 est:
1223 2574 1266 2639 in

129 2675 331 2760 principio
359 2676 458 2741 fecit
487 2674 577 2741 deus
608 2678 640 2740 et
662 2675 822 2758 resipiscit
852 2675 1041 2759 sapientiam
1062 2675 1265 2760 principium,

131 2778 206 2862 quia
228 2777 260 2843 at
290 2778 430 2860 loquitur
457 2777 526 2862 ipsa
554 2777 655 2845 nobis.
690 2777 773 2844 alius
803 2779 915 2844 itidem
940 2777 1078 2844 intendit
1099 2782 1131 2842 in
1154 2779 1266 2845 eadem

130 2882 227 2948 uerba
249 2884 281 2946 et
302 2880 491 2966 principium
515 2879 673 2965 intellegit
702 2880 862 2947 exordium
884 2900 989 2946 rerum
1013 2881 1210 2946 conditarum
1233 2883 1266 2947 et

129 2984 175 3052 sio
195 2985 310 3069 accipit
332 2984 372 3050 in
393 2983 595 3069 principio
617 2984 736 3064 fecit,
759 2985 841 3051 acsi
863 2985 1032 3051 diceretur:
1055 2985 1156 3066 primo
1178 2985 1304 3056 fecitne

130 3091 226 3173 atque
247 3088 282 3154 in
305 3089 350 3154 eis
373 3087 427 3172 qui
450 3086 640 3172 intellegunt
663 3089 702 3154 in
722 3088 926 3171 principio
950 3091 1029 3173 quod
1052 3087 1086 3154 in
1107 3087 1267 3171 sapientia
1288 3150 1310 3193 ,ξ

130 3189 234 3257 fecisti
258 3191 378 3258 caelum
394 3192 427 3256 et
446 3192 574 3271 terram,
596 3192 678 3257 alius
700 3208 806 3256 eorum
829 3192 932 3276 ipsum
954 3191 1075 3258 caelum
1093 3195 1123 3256 et
1146 3194 1264 3257 terram

182 3463 252 3518 lin
275 3469 342 3520 onte
364 3464 496 3520 dictorum
516 3478 586 3521 erue.
604 3466 637 3520 in
659 3464 696 3519 Μ
796 3464 875 3519 conte
903 3465 929 3519 V
955 3478 1033 3519 curas
1059 3464 1087 3519 P
1188 3463 1265 3518 2tn

127 3552 191 3618 poet
209 3552 239 3604 et
254 3549 320 3606 odd.
337 3548 407 3605 ΒΨ
507 3551 669 3606 dmiserlre
685 3550 728 3605 1)ι
830 3564 898 3619 quae
921 3549 977 3606 G¹o
1078 3549 1195 3604 duerba
1213 3565 1266 3605 coa.

134 3635 178 3690 dc
280 3648 363 3706 opaca
388 3635 483 3692 upra
511 3650 598 3707 opaga
620 3637 650 3691 D
752 3634 972 3691 ‘liruotectaT
1072 3637 1130 3690 eius
1153 3635 1196 3690 D*

129 3719 288 3791 Scarpiuut
304 3721 333 3776 P
415 3720 664 3792 9tua1tuum0¹
690 3724 823 3777 tuumest
845 3723 900 3778 6¹0
986 3725 1096 3777 aeterna
1113 3720 1194 3778 9¹0·

129 3810 171 3862 cst
187 3806 287 3861 stabile
306 3807 344 3863 θ’
438 3808 471 3863 10
488 3811 517 3862 et
533 3806 628 3864 lutura
644 3823 695 3864 om.
713 3809 755 3864 Ι)ι
842 3824 965 3879 superare
985 3808 1040 3865 G¹o
1132 3808 1167 3864 15
1184 3808 1268 3863 dissi·

129 3891 319 3948 militudinco
421 3894 451 3948 in
474 3895 560 3950 forma
580 3890 684 3951 MP¹V
787 3896 820 3951 18
842 3897 987 3951 remotiora
1010 3894 1038 3949 P
1140 3894 1173 3949 19
1191 3893 1267 3949 locus

127 3971 198 4034 ΠΡ
232 3979 290 4034 loca
317 3997 334 4035 o
436 3981 542 4050 pulcras
566 3982 598 4037 -D
708 3982 872 4036 uariatiouea
898 3999 931 4038 a:
967 3981 1134 4037 narrationes
1160 3978 1269 4037 DMP‘

129 4063 197 4120 Νη
294 4066 329 4120 22
348 4064 457 4136 respicit
474 4066 518 4123 Pe
612 4067 647 4122 23
664 4067 822 4137 loquetura
916 4067 991 4122 aliud
1008 4067 1069 4123 D¹t
1163 4065 1266 4121 ididam

129 4151 167 4206 Ρ·
265 4151 373 4224 ioqui]
393 4168 444 4208 cm.
464 4154 500 4221 T3
527 4168 629 4224 quaec
720 4153 752 4207 27
771 4150 883 4209 locitl’
979 4150 1194 4209 allus-tersum
1212 4168 1265 4211 orn.

131 4237 167 4292 P
270 4237 320 4293 troc
337 4239 461 4308 ipsumo
