2760 4814
131 488 194 557 ‘138
613 486 779 554 augrppa

131 679 359 762 intelleguntur
396 678 521 761 propter
554 676 692 743 eiusdem
728 675 880 742 trinitatis
913 675 1070 740 unitatem
1105 694 1258 759 unamque

132 782 342 849 substantiam
373 782 465 863 atque
496 780 643 845 deitatem
668 780 768 863 patris
791 783 824 843 et
846 778 904 843 tilii
927 778 960 841 et
981 778 1115 861 spiritus
1139 778 1256 863 sancti]

174 903 290 967 Tradet
319 901 423 983 itaque
454 920 583 985 regnum
614 902 669 966 deo
698 902 730 965 et
759 899 840 983 patri
870 899 1013 965 dominus
1043 904 1154 965 noster
1177 900 1256 963 Iesos

131 1005 273 1073 Christus
306 1023 366 1069 non
397 1023 429 1069 so
460 1004 530 1070 inde
553 1007 695 1087 separato
718 1020 775 1067 nec
808 1002 920 1084 spiritu
954 1002 1076 1079 sancto,
1112 1002 1256 1089 quoniam

130 1110 279 1191 perducet
301 1109 461 1173 credentes
483 1108 522 1171 ad
546 1107 839 1189 contemplationem
862 1106 921 1181 dei,
949 1106 1003 1170 ubi
1025 1110 1075 1169 est
1098 1104 1173 1169 linis
1196 1112 1285 1170 om·⁵

132 1214 220 1277 nium
250 1215 401 1277 bonarum
432 1212 589 1275 actionum
620 1212 652 1275 et
681 1211 801 1292 requies
833 1209 1022 1291 sempiterna
1044 1214 1076 1273 et
1099 1210 1254 1290 gaudium,

132 1316 214 1398 quod
245 1333 305 1380 non
336 1314 494 1380 auferetur
517 1334 535 1379 a
558 1314 655 1379 nobis.
694 1315 749 1377 hoc
772 1314 855 1377 enim
879 1312 1034 1395 significat
1063 1312 1096 1375 in
1120 1330 1157 1377 eo
1181 1309 1255 1394 quod

133 1418 224 1485 dicits
255 1420 402 1483 iterum
427 1418 567 1482 uidebo
593 1435 674 1497 uos,
703 1420 740 1479 ct
762 1413 956 1499 gaudebit
979 1432 1042 1477 cor
1065 1420 1254 1489 uestrum,

132 1528 170 1589 et
203 1522 384 1605 gaudium
419 1524 594 1585 uestrum
629 1538 735 1583 nemo
769 1518 923 1583 auferet
952 1537 971 1581 a
1004 1517 1130 1583 uobis.
1170 1518 1255 1582 huius

131 1627 237 1710 gaudii
272 1625 509 1690 similitudinem
547 1623 767 1707 praesignabat
801 1622 903 1686 Maria
938 1623 1049 1686 sedens
1088 1622 1127 1686 ad
1167 1620 1284 1704 pedeso

131 1728 248 1795 domini
279 1732 310 1791 et
340 1728 462 1793 intenta
495 1728 528 1791 in
561 1728 692 1791 uerbum
722 1730 797 1801 eius,
833 1726 937 1807 quieta
966 1724 1088 1789 scilicet
1111 1726 1151 1789 ab
1176 1723 1252 1791 omni

132 1832 252 1896 actione
276 1833 308 1895 et
338 1831 461 1895 intenta
490 1832 521 1896 in
553 1831 719 1901 ueritatem
742 1830 911 1893 secundum
942 1830 1097 1909 quendam
1121 1828 1253 1899 modurn,

132 1936 218 1998 carius
241 1952 336 2015 capax
360 1935 407 1998 est
428 1933 491 1997 ista
513 1934 590 2009 uita,
615 1952 674 2015 quo
698 1936 804 2007 tamen
827 1932 1051 2015 praefiguraret
1074 1932 1153 1997 illud
1179 1930 1253 2013 qnod

132 2035 274 2100 futurum
304 2038 352 2100 est
381 2038 413 2101 in
444 2038 613 2101 aeternum.
651 2036 778 2100 Martha
808 2038 919 2118 quippe
943 2052 1044 2097 sorore
1066 2052 1124 2099 sua
1147 2038 1181 2099 in
1204 2054 1252 2098 ne-

133 2138 288 2203 cessitatis
320 2138 442 2204 actione
472 2142 670 2204 conpensante
702 2140 846 2221 quamuis
876 2138 958 2202 bona
979 2141 1010 2201 et
1037 2138 1121 2211 utili,
1153 2144 1280 2202 tamena

133 2258 205 2305 cum
227 2244 347 2323 requies
369 2243 550 2307 successerit
574 2240 751 2317 transitura,
784 2240 849 2321 ipsa
873 2239 1083 2322 requiescebat
1109 2242 1142 2304 in
1166 2242 1253 2305 uerbo

131 2344 259 2427 domini,
283 2350 314 2410 et
336 2346 404 2410 ideo
426 2346 570 2410 dominus
593 2346 792 2426 conquerenti
808 2343 958 2417 llarthaa
982 2344 1062 2423 quod
1079 2362 1148 2407 eam
1173 2362 1254 2410 soror

131 2467 191 2513 non
207 2448 379 2524 adiuuaret,
397 2449 569 2530 respondit:
587 2450 714 2513 Maria
735 2448 921 2529 optimam
944 2450 1096 2528 partem
1119 2449 1253 2531 elegit.

132 2570 225 2632 quae
249 2570 320 2615 non
344 2554 548 2616 auferetur
571 2554 614 2617 ab
637 2571 694 2633 ea3
718 2571 777 2615 non
800 2554 923 2633 partem
946 2550 1062 2613 malam
1080 2551 1160 2615 dixit
1177 2552 1254 2635 quod

130 2655 240 2735 agebat
264 2655 396 2729 Martha,
421 2660 474 2721 sed
498 2656 589 2719 istam
614 2655 775 2737 optimam,
804 2674 881 2737 quae
906 2672 963 2718 noa
987 2656 1158 2721 arrferetur.
1202 2655 1284 2719 illae

130 2755 213 2818 enim
237 2775 313 2838 quae
341 2759 373 2821 in
398 2759 569 2823 ministerio
601 2759 790 2841 indigentiae
813 2760 869 2837 est,
900 2775 971 2821 cum
995 2757 1167 2840 indigentia
1191 2760 1257 2840 ipsa

131 2859 301 2934 transierit,
326 2861 492 2926 causaretur.
524 2864 596 2927 boni
620 2864 732 2945 quippe
756 2863 856 2943 operis
881 2862 1045 2925 transituri
1068 2880 1187 2927 merces
1212 2866 1257 2925 est

130 2961 252 3044 requies
282 2981 492 3044 permansura.
530 2966 562 3029 in
592 2965 648 3028 illa
678 2966 776 3049 igitur
806 2963 1066 3043 contemplatione
1098 2965 1175 3028 deus
1199 2966 1257 3030 orit

130 3065 233 3129 omnia
266 3067 298 3128 in
329 3066 481 3142 omuibus,
519 3069 592 3148 quia
621 3067 699 3131 nibil
723 3069 762 3131 ab
796 3067 849 3131 illo
872 3065 956 3130 aliud
979 3066 1166 3149 requiretur,
1202 3067 1255 3132 sed

129 3168 194 3232 solo
225 3170 290 3249 ipso
321 3168 480 3234 inlustrari
502 3170 678 3251 perfruique
708 3169 851 3233 sufficiet.
889 3170 1019 3251 ideoque
1048 3170 1102 3233 ille
1135 3172 1166 3235 in
1197 3190 1290 3254 quone

130 3271 259 3352 spiritus
286 3271 465 3352 interpellat
487 3273 656 3355 gemitibus
680 3273 957 3338 inenarrabilibus:
989 3293 1117 3355 unam,
1142 3276 1255 3357 inquit.

129 3372 272 3453 petiia
302 3374 470 3453 domino,
507 3374 606 3439 hanc
641 3379 854 3457 requiram,
890 3384 931 3439 ut
963 3378 1186 3441 inhabitem
1221 3382 1258 3443 in

130 3473 238 3540 domo
271 3478 417 3541 domini
452 3496 517 3559 per
548 3496 677 3541 omnes
707 3478 791 3541 dies
822 3478 927 3542 uitae
958 3496 1079 3551 meae,
1104 3485 1147 3543 ut
1170 3498 1258 3545 con·

130 3580 304 3660 templer
326 3580 641 3645 delectationem
666 3583 827 3646 domini.
869 3580 1151 3661 contemplabimur
1174 3586 1258 3649 enim

232 3764 249 3817 6
274 3766 312 3819 Io.
341 3768 381 3831 16,
406 3768 439 3820 ‘n2
545 3769 576 3821 18
603 3768 663 3821 Luc.
690 3768 728 3829 111,
751 3768 785 3819 42
888 3768 922 3821 26
947 3770 981 3821 cf.
1007 3767 1081 3820 Rom.
1105 3770 1131 3831 ὃ,
1156 3770 1190 3821 26

130 3850 266 3913 Pena-1

179 4020 196 4072 4
222 4018 345 4073 Christus
371 4022 408 4075 M
414 4023 447 4074 l':
477 4038 527 4075 ora.
558 4024 625 4077 (ch
728 4039 775 4077 nec
802 4022 837 4075 V:
870 4040 917 4075 nec
941 4028 1016 4090 patro
1040 4039 1087 4076 nec
1116 4024 1190 4081 GPe

128 4104 290 4158 libonotum
312 4106 377 4160 G¹P
465 4108 566 4161 edicit
588 4109 622 4161 V:
652 4110 692 4162 ait
714 4110 781 4163 GPc
873 4110 889 4161 a
908 4110 986 4162 buius
1004 4108 1208 4179 gaudii-tae,
1225 4114 1261 4167 26

128 4199 195 4251 uado
214 4198 246 4251 ad
265 4204 367 4267 patrem
385 4201 459 4254 MV:
486 4218 537 4255 ooo.
558 4204 628 4257 (ll’o
715 4205 746 4257 17
766 4206 954 4272 conquaerenti
974 4204 1038 4257 MV
1122 4206 1159 4261 20
1178 4208 1260 4262 istam

127 4335 159 4373 a:
189 4318 242 4373 rsa
259 4319 327 4375 aru
410 4322 443 4375 as
461 4288 601 4377 tirasona
621 4323 640 4387 (r
658 4323 722 4377 aaa.
741 4341 776 4376 m.
795 4324 874 4391 au
961 4324 995 4377 aa
1013 4326 1264 4393 eonernpasrmur

135 4412 169 4465 V:
199 4414 422 4483 contemplabitur
440 4416 475 4468 M
