2760 4814
302 515 467 587 Excerpta
484 533 519 573 er
537 533 607 588 opp.
625 518 652 575 S.
671 520 860 591 AnguotIni
880 522 1001 579 XXIIII.
1156 529 1217 596 191

81 709 303 790 coaequentur,
326 705 380 773 uel
402 705 613 787 inferioribus,
636 727 675 774 ne
696 709 757 776 sibi
767 715 989 796 coaequentur,
1011 716 1063 781 uel
1077 719 1216 799 superio·

80 811 179 895 ribus,
211 810 294 893 quod
323 812 367 876 ois
396 828 458 875 non
475 815 675 894 coaequetur.
712 813 921 898 superbiendo
950 816 1049 898 igitur
1079 818 1216 900 inuidos,

77 934 152 982 non·
165 913 336 981 innitendo
356 915 487 997 quisque
509 917 741 999 superbiisset.
766 987 774 999 .
812 974 813 979 ,

120 1049 241 1118 Merito
269 1051 397 1118 initIum
425 1053 526 1119 omnts
551 1054 673 1136 peccati
695 1055 873 1139 superbiam
897 1052 1053 1140 scriptura
1075 1059 1217 1127 definiult

57 1157 207 1231 stipans:
230 1155 392 1221 initium
415 1157 541 1222 omnis
563 1158 717 1241 peccati
739 1158 941 1240 snperbia.
971 1162 1020 1225 cui
1036 1162 1216 1230 testimonio

79 1277 141 1326 uon
171 1259 427 1325 inconuenieuter
458 1262 586 1344 aptatur
617 1261 713 1327 etiam
743 1260 823 1327 illud
854 1261 936 1346 quod
966 1263 1126 1347 apostolus
1155 1265 1216 1333 ait:

78 1362 196 1430 radix
230 1355 406 1430 omnium
439 1364 630 1445 malorum
664 1368 727 1429 est
761 1367 955 1443 auaritia,
990 1368 1017 1432 si
1051 1367 1216 1434 auaritiam

77 1466 262 1552 generalem
290 1464 521 1548 intellegamus,
551 1484 612 1550 qua
638 1468 769 1550 quiaque
797 1467 917 1551 appetit
939 1465 1057 1552 aliquid
1080 1469 1217 1554 amplius

78 1588 177 1653 quam
199 1571 321 1653 oportet
343 1571 472 1653 propter
494 1571 711 1644 excellentiam
733 1575 875 1636 suamet
897 1570 1051 1654 quendam
1074 1574 1216 1656 propriae

47 1677 123 1750 „rei
148 1691 298 1739 amorem.
336 1674 387 1739 cui
409 1674 567 1758 saplenter
593 1693 706 1741 nomen
733 1675 835 1742 latina
863 1674 973 1759 lingua
994 1676 1120 1756 indidit,
1144 1696 1217 1743 cum

79 1777 258 1863 appellauit
284 1777 450 1861 priuatam,
481 1781 562 1861 quod
590 1778 694 1862 potius
716 1797 736 1844 a
757 1771 945 1844 detrimento
974 1796 1068 1860 quam
1097 1778 1136 1845 ab
1164 1780 1216 1845 in·

79 1884 242 1946 cremento
270 1880 392 1948 dictum
420 1874 537 1965 elucet3
575 1882 678 1948 omnis
700 1882 785 1947 enim
807 1883 941 1965 priuatio
969 1881 1095 1947 minuit.
1134 1885 1216 1949 unde

79 1983 190 2068 itaque
207 1984 278 2050 uult
293 1986 430 2050 eminere
446 1985 600 2070 superbia,
624 1986 696 2051 inde
717 1984 749 2050 iu
767 1985 930 2069 angustias
947 1988 979 2049 et
994 1987 1027 2051 in
1043 1987 1216 2071 egestatem

82 2086 291 2167 contruditur,
314 2106 421 2154 cuma
441 2091 600 2153 communi
622 2089 662 2154 nd
684 2089 845 2172 proprium
868 2090 1015 2154 damnoso
1038 2087 1087 2154 sui
1110 2108 1214 2155 amore

48 2190 245 2275 „redigitur
279 2191 425 2275 specialis
455 2194 503 2257 est
528 2191 801 2272 contemnentia,
833 2210 912 2274 quae
933 2191 1081 2258 usitatius
1108 2193 1216 2277 appel-

79 2295 165 2361 latur
201 2312 288 2360 amor
323 2296 485 2377 pecuniae,
523 2294 610 2360 onius
642 2296 767 2361 nomine
800 2294 958 2377 apostolus
992 2313 1049 2377 per
1081 2296 1215 2380 speciem

79 2416 179 2483 genus
209 2397 389 2483 significans
416 2399 626 2466 uniuersalem
654 2397 822 2463 auaritiam
852 2398 977 2463 uolebat
998 2397 1143 2480 intellegi
1165 2399 1214 2464 di-

80 2499 191 2566 ceudo:
214 2500 327 2568 radix
349 2501 521 2568 omnium
542 2501 733 2567 malorum
756 2503 815 2566 est
838 2499 1025 2566 auaritia.
1054 2502 1113 2567 hac
1131 2502 1215 2567 enlm

80 2609 111 2670 at
137 2604 281 2672 diabolus
315 2601 437 2685 cecidit,
471 2605 524 2688 qui
558 2603 667 2689 utiquc
698 2620 759 2669 non
793 2605 913 2669 amauit
944 2603 1123 2690 pecuniam,
1159 2606 1214 2671 sed

50 2708 240 2792 »propriam
256 2712 454 2790 potestatem.
483 2707 613 2791 proinde
634 2726 798 2791 peruersus
813 2708 863 2772 sui
878 2725 966 2773 amor
987 2709 1092 2790 priuat
1106 2711 1215 2775 sancta

79 2812 230 2878 societate
260 2812 422 2895 tmgldum
451 2811 599 2897 spiritum
628 2828 759 2895 eumque
782 2813 903 2876 coartat
925 2812 1050 2877 miseria
1072 2812 1136 2877 iam
1160 2830 1215 2894 per

79 2916 282 2999 iniquitatem
317 2915 426 2980 satiari
458 2915 651 2997 coptontem.
689 2914 762 2980 hinc
790 2913 852 2979 allo
883 2913 951 2980 loco
974 2933 1047 2980 cum
1070 2915 1213 2982 dixisset:

79 3023 199 3084 erunt
222 3018 324 3083 enim
348 3018 527 3084 homines
549 3037 587 3084 se
616 3018 725 3102 ipsos
750 3021 941 3099 amantes,
970 3020 1117 3085 continuo
1139 3019 1214 3085 sub·

77 3122 172 3187 iecItz
198 3123 397 3188 amatores
418 3124 625 3206 pecuniae,
655 3122 695 3187 ab
717 3122 775 3187 illa
796 3123 936 3207 generali
957 3120 1102 3201 auaritia,
1126 3124 1214 3188 cuius

47 3224 226 3309 „snperbia
248 3226 344 3308 ceput
361 3228 419 3305 est,
443 3225 484 3314 ad
496 3225 577 3291 hanc
592 3225 761 3308 specialem
776 3224 974 3313 descendens,
998 3243 1076 3308 quae
1090 3225 1215 3309 propria

77 3328 246 3393 hominum
279 3328 336 3393 est.
364 3326 472 3419 ‘npque
506 3329 589 3394 enim
623 3331 728 3394 essent
751 3312 858 3394 'etiam
888 3325 1031 3393 homines
1060 3330 1215 3393 amatores

77 3432 243 3516 pecuniae,
266 3430 328 3496 nisi
351 3448 387 3496 eo
409 3448 442 3496 so
463 3432 609 3515 putarent
631 3431 874 3511 excellentiores,
905 3449 965 3513 quo
987 3431 1126 3497 ditiores.
1164 3429 1214 3497 cui

183 3652 415 3720 onoeltlcle
518 3652 753 3720 ultumam
854 3650 1101 3720 tenuium

134 3861 147 3914 l
174 3859 443 3929 uel-coaequentur
464 3873 515 3914 on.
537 3858 593 3914 P¹o
695 3858 713 3913 2
735 3858 899 3929 coequentur
914 3858 952 3914 1³¹
1056 3859 1072 3914 'l
1090 3858 1175 3928 radix]
1193 3876 1215 3913 r.

77 3947 152 4001 enlm
172 3945 201 3999 P
285 3944 422 4014 Soliquid
440 3961 491 4000 om.
510 3945 563 4002 Plo
655 3945 672 4000 9
689 3949 795 4016 propter
812 3961 863 4001 om.
880 3963 897 4002 o
986 3947 1025 4017 et]
1043 3946 1090 4001 uod
1107 3946 1146 4000 P¹

78 4033 115 4087 12
126 4031 203 4086 dictu
215 4031 244 4085 P
310 4031 472 4085 minuituro
541 4033 573 4090 13
586 4030 799 4101 indeangustias
812 4032 875 4087 MV
942 4034 1142 4103 egestatemque
1155 4036 1215 4097 (orn.

77 4123 109 4173 et
127 4119 168 4184 iu)
190 4116 260 4172 Plo
364 4116 396 4171 14
421 4116 587 4180 concluditur
614 4118 654 4176 1²¹
755 4118 799 4172 sui
822 4117 843 4185 (i
860 4118 893 4173 too
909 4133 965 4173 roo.
985 4135 1005 4172 a
1021 4135 1055 4173 ot
1075 4121 1103 4186 1)
1125 4117 1151 4173 V

79 4202 307 4260 locuto-‚T
407 4203 502 4272 qual'
604 4202 880 4265 lSectmalorumo
983 4203 1217 4276 hao]huach

77 4291 185 4345 banco
289 4290 323 4344 19
344 4287 457 4344 caeoedit
479 4291 504 4348 V
606 4295 645 4357 20
666 4291 805 4363 proprium
823 4291 862 4345 P¹
966 4291 1001 4345 22
1019 4289 1148 4346 soctario

76 4375 115 4431 w
131 4379 207 4430 cunt
222 4376 252 4431 Ρ
344 4372 380 4428 26
395 4374 471 4440 capud
487 4391 525 4460 μ
632 4381 669 4440 26
687 4377 770 4433 etiarn
788 4377 825 4431 P’
841 4377 875 4432 ia
891 4391 980 4452 marg.
1074 4375 1107 4432 2'1
1125 4391 1219 4434 erocu-

77 4461 202 4516 lndom
220 4461 249 4516 P
350 4455 450 4523 (1110ch
463 4487 481 4532 v
