2760 4814
214 563 278 629 868
697 560 862 629 eugippu

214 753 358 831 reddidit,
380 756 417 818 ut
432 752 662 817 aduerteremus
684 753 718 816 in
739 751 903 833 seripturis
924 752 1044 817 sanatis
1066 751 1151 835 qued
1174 754 1278 819 istum
1292 752 1349 835 'ly-

216 856 340 923 eenium
361 856 465 921 minus
487 856 644 921 attentum
673 854 838 937 minusque
860 855 926 919 sins
948 854 1036 919 hoste
1059 854 1242 921 sollicitum
1265 856 1349 939 fugit,

215 960 312 1026 etiarn
335 960 435 1042 ipsam
449 958 571 1024 seiliest
585 958 679 1023 fidem
694 957 809 1023 donum
825 976 890 1022 esse
912 957 999 1023 illius
1014 960 1068 1040 qui
1083 958 1154 1023 eius
1168 977 1347 1027 mensuram

215 1063 378 1147 unicuique
412 1062 557 1144 partitur.
597 1080 634 1126 ex
666 1080 728 1143 qua
751 1060 906 1126 sententia
928 1060 1118 1144 quibusdam
1141 1060 1270 1129 dietum
1291 1068 1346 1129 ast:

215 1166 324 1233 uubis
348 1168 532 1231 donatum
550 1166 608 1229 est
630 1183 697 1246 prs
713 1162 888 1242 Christo,
912 1164 1126 1229 nnnsolum
1144 1169 1191 1229 ut
1214 1166 1371 1232 insana

215 1268 408 1343 eredatis,
432 1287 564 1333 uerum
586 1268 702 1332 etiam
726 1272 768 1333 ut
789 1266 1002 1350 patiamini
1024 1285 1090 1350 prs
1106 1286 1159 1332 eo.
1182 1272 1272 1337 unde
1286 1271 1347 1353 quis

215 1372 340 1439 dubitet
369 1373 538 1453 utrumque
560 1389 628 1437 esse
650 1371 701 1435 dei
723 1371 849 1449 donum,
873 1371 927 1455 qui
949 1371 1083 1437 fideliter
1106 1372 1206 1454 atque
1229 1374 1345 1439 intelle·

215 1478 326 1559 genter
348 1475 436 1541 audit
457 1477 626 1557 utrumque
642 1474 816 1539 donatum?
837 1474 930 1557 plura
943 1477 1016 1540 sunt
1032 1478 1064 1538 et
1078 1474 1143 1540 alia
1157 1476 1345 1551 testimonia,

215 1579 328 1662 quibus
358 1579 391 1643 id
420 1579 602 1659 ostenditur,
637 1580 690 1643 ssd
720 1577 778 1642 hoe
800 1596 882 1642 nunc
904 1596 964 1643 non
987 1578 1120 1661 agimus,
1143 1578 1225 1646 alibi
1248 1581 1345 1647 auten

215 1686 309 1763 atque
332 1681 408 1745 alibi
432 1682 613 1763 saepissime
635 1680 697 1744 ista
719 1682 849 1763 egimus.
1352 1708 1371 1749 n

260 1784 380 1864 Quarta
402 1785 532 1867 Tyeonii
555 1785 615 1849 ista
636 1785 747 1867 regula
768 1787 816 1849 est
848 1784 904 1863 ,de
934 1783 1033 1866 speeie
1063 1784 1096 1848 et
1117 1790 1269 1867 genere“.
1306 1786 1345 1851 sic

216 1890 301 1953 enim
324 1907 394 1953 eam
416 1889 519 1971 uoeat,
543 1887 652 1954 uolens
668 1888 811 1970 intellegi
827 1886 963 1970 speeiem
979 1890 1110 1969 partem,
1127 1906 1232 1970 genus
1247 1894 1345 1955 autern

216 1994 330 2074 totum,
356 1992 443 2057 cuius
467 2010 503 2055 ea
525 2010 596 2075 pars
619 1992 677 2073 est,
700 2011 793 2074 quam
816 1995 976 2073 nuncupat
998 1990 1142 2073 speeiem,
1166 1994 1252 2059 sieut
1275 2010 1344 2058 una·

216 2115 356 2178 quaeque
374 2095 486 2161 ciuitas
501 2115 574 2178 pars
592 2100 640 2161 est
661 2097 769 2177 utique
786 2094 999 2159 uniuersitatis
1016 2094 1171 2176 gentium.
1200 2096 1284 2162 hana
1296 2096 1343 2161 ille

217 2202 310 2264 uoeat
344 2200 491 2282 speeiem,
525 2218 622 2283 genus
657 2205 762 2264 autem
796 2218 902 2264 omnes
934 2200 1051 2283 gentes.
1096 2218 1197 2282 neque
1236 2201 1287 2267 hie
1313 2218 1370 2267 aaa

133 2334 139 2347 ·
217 2302 414 2369 discernendi
428 2303 587 2369 subtilitas
611 2303 789 2369 adhibenda
810 2306 870 2383 est,
886 2321 965 2385 quas
980 2320 1000 2367 a
1013 2302 1187 2367 dialectiais
1205 2304 1342 2383 traditur,

217 2406 273 2491 qui
295 2408 379 2473 inter
400 2410 522 2490 partem
546 2410 578 2473 et
600 2408 733 2490 speeiem
748 2408 823 2489 quid
838 2408 963 2471 intersit
978 2404 1161 2471 acutissime
1176 2406 1343 2490 disputent

217 2509 324 2576 eadem
354 2509 435 2575 ratio
465 2513 522 2587 est,
554 2511 581 2576 si
611 2529 673 2576 non
695 2513 733 2576 de
757 2528 941 2593 unaqueque
963 2509 1102 2586 ciuitate,
1130 2510 1186 2576 sed
1210 2512 1251 2576 de
1272 2527 1342 2576 una·

217 2632 339 2698 quaque
361 2613 521 2697 prouincia
543 2614 595 2681 uel
618 2616 710 2698 gente
733 2614 786 2680 uel
808 2614 934 2697 regione
955 2616 1019 2680 tals
1041 2613 1162 2697 aliquid
1182 2614 1217 2679 in
1234 2613 1341 2681 diuinis

218 2717 374 2799 reperitur
397 2716 539 2800 eloquiis.
583 2737 644 2784 nen
666 2721 769 2785 salum
791 2718 876 2784 enim
898 2717 990 2783 uerbi
1011 2718 1115 2800 gralia
1137 2718 1176 2783 de
1198 2719 1365 2785 Hierum-s

218 2820 281 2883 lem
303 2819 355 2883 uel
378 2818 416 2884 de
439 2821 545 2903 aliqua
565 2823 707 2904 gentium
729 2822 868 2904 ciuitate,
891 2820 958 2886 siue
979 2822 1062 2905 Tyra
1083 2822 1150 2887 siue
1173 2820 1340 2907 Babylonia

218 2921 288 2987 siue
321 2920 385 2987 alia
413 2924 554 3004 qualibet
583 2927 696 2991 dieitur
721 2924 839 3008 aliquid
868 2924 901 2990 in
931 2924 1094 3006 seripturis
1115 2927 1245 3003 sanatis,
1270 2928 1338 3011 qued

218 3025 346 3090 medum
376 3025 443 3090 eius
473 3029 601 3093 excedat
632 3031 664 3093 et
694 3029 858 3093 conueniat
887 3030 990 3112 petius
1019 3029 1163 3094 omnibus
1192 3030 1337 3113 gentibus,

218 3145 328 3193 uerum
351 3130 446 3195 etiam
468 3131 506 3194 de
528 3130 653 3213 Iudaea,
676 3134 714 3197 de
733 3130 887 3215 Aegypte,
910 3131 949 3196 ds
964 3132 1094 3215 Assyria
1107 3133 1141 3197 et
1156 3149 1336 3216 quacumque

216 3232 281 3297 alia
309 3234 413 3315 gente,
443 3232 476 3297 in
506 3252 567 3315 qua
594 3236 668 3298 sunt
690 3234 846 3316 plurimae
869 3234 1026 3313 eiuitatss,
1049 3254 1113 3301 nen
1134 3240 1244 3303 umen
1265 3238 1356 3303 tous·

218 3333 314 3414 erbis,
336 3337 390 3400 sed
412 3354 484 3417 pars
507 3335 573 3401 sius
595 3340 652 3417 est,
675 3335 788 3403 dieitur
811 3338 893 3420 quod
915 3339 1056 3404 transeat
1078 3340 1145 3403 eius
1168 3343 1293 3407 modurn
1309 3342 1333 3401 et

217 3442 368 3522 eongrnat
396 3438 501 3521 potius
522 3439 680 3518 uniusrso,
708 3441 796 3506 euius
818 3440 893 3507 haee
914 3459 987 3524 pars
1011 3442 1065 3523 est,
1088 3440 1151 3517 uel,
1174 3442 1268 3509 sicuti
1287 3442 1331 3506 isle

217 3541 364 3625 appellat,
387 3544 502 3627 generi,
526 3543 614 3609 auius
636 3543 712 3609 haec
733 3546 860 3628 speeies.
890 3544 972 3610 unde
988 3545 1021 3609 st
1035 3543 1069 3608 in
1089 3546 1239 3611 notitiam
1259 3538 1329 3625 uulgi

217 3645 313 3710 uerba
334 3646 396 3712 ista
417 3650 580 3729 uenerunt,
604 3652 640 3714 ut
662 3649 759 3715 stiam
780 3649 896 3716 idiotas
916 3649 1115 3734 intellegant,
1139 3649 1215 3733 quid
1230 3647 1328 3735 speria·

101 3766 106 3775 ·
218 3747 302 3829 liter,
332 3750 407 3831 quid
435 3750 623 3833 generaliter
651 3750 685 3816 in
715 3770 908 3835 quecumque
940 3757 1105 3835 praerepto
1128 3752 1279 3837 imperiali
1297 3746 1348 3813 site

219 3851 435 3917 constiturum.
473 3853 509 3917 fit
540 3853 598 3918 hee
627 3856 721 3920 etiam
747 3854 785 3920 ds
807 3854 1002 3933 haminibus3
1038 3855 1122 3920 sieut
1152 3876 1189 3922 aa
1211 3872 1284 3938 quae
1300 3848 1327 3913 dt

322 4054 392 4107 311.
411 4055 486 4109 Rem.
505 4056 581 4121 123
683 4058 837 4128 trtilipp.
857 4059 880 4125 1,
898 4059 931 4113 29

269 4239 458 4309 ltyehonium
478 4242 533 4297 (ΞΡ
634 4246 652 4299 5
675 4245 791 4301 credatis
809 4246 839 4300 in
857 4262 916 4301 eum
942 4244 999 4302 GP
1102 4248 1134 4301 11
1158 4247 1213 4303 iste
1231 4246 1264 4303 Vr
1290 4256 1328 4299 sta

218 4325 274 4381 01³
362 4328 395 4383 la
412 4330 515 4397 partem
529 4329 597 4385 61³2
623 4334 727 4401 patrem
743 4332 771 4387 V
859 4333 1080 4403 relisquunque
1093 4333 1161 4390 GP:
1189 4340 1329 4405 unaqueqll

221 4409 246 4463 V
340 4411 375 4467 18
391 4413 503 4469 ciuitate
521 4415 567 4471 sed
584 4416 617 4472 de
634 4418 800 4488 unaquaque]
818 4417 885 4475 add.
903 4418 941 4474 P·
1035 4418 1070 4474 20
1087 4419 1221 4488 reperitur
1240 4412 1332 4477 aar

217 4498 363 4569 reperiatur
376 4498 415 4557 θ’
423 4516 500 4572 supr.
509 4517 580 4559 aera.
650 4502 767 4559 11111111
780 4504 808 4560 P
873 4504 908 4561 28
919 4505 1047 4561 notitiam
1059 4504 1126 4561 GP:
1144 4508 1244 4563 ustitia
1257 4506 1284 4563 V
