2760 4814
280 515 444 586 Ercorpta
460 533 497 570 ex
514 533 583 587 opp.
601 517 629 573 S.
645 518 833 588 Augustini
860 518 974 575 exnn.
1129 524 1197 593 399

56 707 141 772 rexit
163 723 184 771 u
205 705 336 772 mortuis
357 710 388 770 et
411 706 555 772 aseendit
582 709 613 772 in
644 710 774 792 eaelum,
805 709 902 775 misso
926 710 1057 795 desuper
1078 711 1193 797 spiritu

57 813 166 876 saneto
203 827 276 874 enm
308 809 425 894 linguis
457 811 596 876 omnium
633 811 776 894 gentium
812 813 945 895 apostoli
982 814 1195 897 loquerentur,

57 912 240 996 eompunoti
263 916 338 979 sunt
358 917 449 980 eorde
470 913 564 979 multi
587 934 624 980 er
637 917 684 979 eis
705 915 760 997 qui
780 915 997 982 erucifixerunt
1012 915 1193 994 christum

57 1034 153 1098 quem
175 1017 214 1081 ut
243 1034 304 1082 uon
333 1019 551 1100 cognouissent
573 1020 607 1083 et
629 1019 792 1085 dominum
815 1019 933 1103 gloriae
954 1020 1194 1100 crucifixissent,
1276 1090 1281 1098 ,

37 1119 193 1186 inemtas
230 1138 265 1184 en
301 1126 391 1203 porte
424 1120 547 1186 Israhel
584 1121 670 1188 faeta
705 1126 764 1198 est,
801 1123 886 1189 siout
915 1122 1036 1189 dietum
1069 1123 1193 1190 fuerat:

58 1224 184 1308 tegam
215 1241 328 1290 mann
361 1243 443 1290 meo
470 1243 586 1308 super
615 1227 672 1305 te,
706 1226 828 1292 donea
856 1229 1069 1293 transeam.
1107 1227 1190 1295 unde

57 1326 197 1408 psalmus
233 1327 325 1393 dioit:
370 1327 558 1410 quoniam
595 1329 657 1394 die
695 1346 738 1395 oo
773 1330 888 1395 noete
924 1331 1093 1414 grauata
1129 1331 1190 1396 est

57 1447 173 1513 super
206 1448 263 1494 me
295 1447 432 1495 manus
465 1435 548 1509 tua,
582 1430 668 1497 diem
690 1432 862 1515 appellans,
897 1431 1018 1515 quando
1045 1430 1190 1499 Christus

58 1532 166 1598 diuina
196 1532 348 1598 miracula
376 1533 518 1611 faciebat,
543 1536 671 1613 noctem,
703 1535 829 1617 quando
854 1536 937 1602 siout
960 1536 1052 1601 homo
1074 1536 1188 1603 morie-

32 1634 161 1721 ubatur,
186 1637 308 1719 quando
331 1638 364 1702 et
386 1636 436 1702 illi
458 1636 679 1702 titubauerunt
700 1633 808 1719 quiin
835 1638 885 1704 die
901 1638 1104 1705 crediderant.
1129 1638 1188 1703 hoe

59 1745 104 1804 eet
145 1757 234 1823 ergo:
272 1758 355 1806 cum
392 1740 605 1824 transiero,
642 1742 736 1806 tuno
772 1740 927 1808 uidebis
962 1740 1193 1825 posteriora

60 1861 153 1909 mea:
181 1843 351 1922 „transiero
373 1844 412 1910 de
433 1843 491 1911 hoo
518 1843 634 1909 mundo
657 1845 696 1910 ad
719 1847 853 1928 patrem3
887 1845 1042 1928 posterius
1071 1844 1104 1909 in
1135 1863 1187 1909 me

60 1944 203 2011 credituri
225 1948 301 2011 sunt
330 1964 462 2028 quorum
491 1951 601 2032 typum
633 1946 748 2031 geris‘.
785 1948 862 2014 tuno
896 1947 979 2014 enim
1008 1947 1188 2031 oompnnoti

62 2050 145 2115 eorde
167 2047 332 2116 dixerunt.-
352 2050 449 2134 quid
472 2049 693 2118 faciemus?
725 2054 758 2117 et
780 2051 857 2117 iussi
879 2054 953 2118 sunt
976 2051 1015 2118 ab
1038 2050 1194 2134 apostolis-

41 2167 148 2234 togere
181 2152 406 2236 paenitentiam
434 2157 467 2219 et
496 2152 648 2237 baptizari
677 2154 710 2220 in
741 2156 866 2220 nomine
893 2156 964 2220 Iesu
986 2152 1115 2233 Christi,
1150 2155 1186 2217 nt

64 2253 290 2321 dimitterentur
312 2256 377 2323 iilis
392 2257 518 2340 peecata
531 2275 647 2324 eorum.
671 2258 753 2341 quod
768 2259 801 2324 in
816 2257 936 2341 psalmo
959 2257 1019 2322 illo
1032 2255 1183 2339 sequitur,

65 2375 126 2434 oum
157 2357 277 2423 dietum
307 2360 402 2425 esset:
436 2359 497 2426 die
518 2379 563 2427 ao
584 2364 698 2427 noete
719 2364 886 2446 grauata
907 2362 965 2426 est
987 2378 1105 2442 super
1128 2376 1187 2422 me

66 2476 191 2526 manue
212 2465 338 2527 tua—
355 2462 467 2528 idest:
487 2465 599 2529 utnon
615 2481 850 2547 cognoscerem
874 2463 1025 2529 sienim
1047 2476 1192 2544 cogno·-

67 2561 228 2643 iissent,
251 2580 458 2648 numquam
479 2566 678 2632 dominum
700 2565 856 2649 gloriae
878 2564 1185 2631 oruoifixissent
1261 2560 1272 2580 “’

44 2680 99 2720 s-
117 2665 262 2749 sequitur
289 2668 322 2732 et
349 2666 472 2753 iungit:
502 2686 717 2735 conuersus
746 2687 828 2735 snm
857 2668 896 2733 in
919 2667 1182 2749 haerumnam,

65 2765 142 2836 tum
175 2769 496 2856 eonfringeretur
526 2773 658 2855 spina,
692 2774 724 2839 id
754 2776 819 2838 est:
851 2791 924 2838 oum
954 2788 1054 2837 essem
1091 2770 1184 2835 eorde

65 2875 269 2957 tompunotus.
306 2875 417 2941 deinde
446 2876 583 2942 addidit:
617 2879 824 2963 peceatum
854 2892 977 2940 meum
1015 2873 1182 2958 eognoui

65 2978 95 3040 et
128 2976 289 3062 sueinus
326 2997 446 3045 meum
484 2998 557 3045 non
594 2979 744 3063 operui:
783 2981 984 3063 posteaquam
1028 2976 1185 3053 uiderunt,

64 3084 169 3162 ouante
193 3083 306 3148 scelere
329 3081 489 3148 Christum
512 3083 727 3149 crucifixerint.
755 3084 786 3147 et
809 3083 882 3166 quia
903 3084 1087 3165 receperunt
1109 3097 1181 3145 eon·

43 3183 171 3272 sonum,
202 3190 239 3251 nt
268 3189 395 3270 agerem
423 3188 647 3269 paenitentiam
670 3190 702 3251 et
724 3185 757 3252 in
779 3185 937 3270 baptismo
966 3185 1182 3250 remissionem

63 3288 233 3373 tooipereut
254 3295 467 3375 peecatorum:
498 3287 593 3368 diri,
618 3289 729 3373 inquit,
751 3287 1023 3374 pronuntiabo
1045 3286 1183 3352 aduer-

62 3407 136 3457 sum
168 3410 227 3459 me
260 3391 454 3459 delictum
487 3412 610 3459 meum
645 3393 813 3472 domino,
847 3394 886 3457 et
915 3392 956 3456 tn
985 3386 1186 3456 remisisti

62 3490 308 3578 impietatem
333 3494 465 3561 cordis
487 3497 573 3562 mei.
837 3504 840 3515 '
985 3502 987 3506 ‘

154 3677 427 3747 emmoniae
532 3681 708 3748 traaas
812 3676 1115 3746 lanceatorum

63 3763 276 3831 alconus
378 3765 570 3834 mussas

103 3937 179 4009 tut]
197 3954 293 3993 eumo
393 3938 533 3993 5isrohel
555 3939 591 3994 V:
619 3939 647 3993 in
665 3939 763 3994 israhel
783 3938 823 3994 To
926 3939 1076 3992 tmanum
1095 3949 1182 3989 meam

60 4035 73 4075 o
165 4023 201 4079 10
217 4023 421 4081 erediderunto
520 4025 550 4079 ll
571 4025 623 4095 est]
642 4040 692 4080 ost
710 4026 738 4080 P
839 4023 916 4094 ergo]
934 4037 998 4092 ergo
1015 4022 1057 4076 ait
1073 4020 1113 4076 Ρ*

61 4106 184 4165 muns
200 4109 230 4165 P
323 4109 619 4170 luminatorem
642 4110 915 4166 oumtruusieroY’o
1011 4108 1043 4162 17
1061 4106 1131 4176 oum]
1149 4107 1188 4161 nt

61 4208 74 4248 t
170 4196 249 4266 met]
278 4199 361 4254 uso
464 4198 498 4254 18
523 4198 756 4274 eognosoorento
864 4192 1179 4263 lodomirum1taum

61 4293 74 4333 s
150 4280 186 4337 20
202 4296 362 4337 ummmo
449 4282 479 4338 21
500 4287 723 4362 confringimus
748 4282 926 4353 oontgarstur
945 4282 972 4337 1'
1054 4279 1089 4334 23
1107 4295 1183 4334 maus

60 4377 73 4417 o
151 4366 319 4424 uiderent?
410 4367 442 4422 24
459 4380 685 4446 orucifflfflto
780 4370 815 4426 26
831 4367 993 4424 sduersuso
1085 4367 1119 4422 at
1138 4366 1188 4421 do·

60 4449 118 4507 lists
133 4467 227 4508 maso
