2760 4814
218 516 282 584 962
702 515 867 586 Eusinuii

219 724 324 774 arcam
354 707 538 772 testamenti
567 722 700 789 magnae
730 706 777 771 rei
805 704 1030 790 significandae
1056 709 1163 788 gratia
1184 727 1246 775 non
1269 711 1345 777 aliul

216 831 309 896 qnam
336 809 483 877 cherubin
512 808 566 875 illa
596 827 717 892 quoque
747 808 899 892 figmenta
929 808 1116 876 uocitantur.
1154 812 1236 878 item
1265 814 1343 897 quis·

219 917 287 999 quis
309 915 396 980 uidet
417 915 582 989 somnium,
605 931 666 978 non
682 913 775 979 dicit:
801 912 886 999 „uidi
915 914 1083 998 imaginem
1099 915 1274 1000 Augustini
1298 920 1345 983 eut

218 1015 441 1100 Simpliciani‚“
459 1018 527 1081 sed:
546 1016 630 1101 „uidi
650 1015 865 1099 augustinum
881 1020 912 1081 et
938 1016 1214 1099 Simpliciauuffl,
1231 1037 1301 1085 cum
1314 1038 1342 1084 eo

217 1123 364 1203 tempore,
388 1137 448 1201 quo
470 1118 535 1183 tale
558 1118 677 1200 aliquid
699 1118 790 1195 uidit,
814 1136 871 1184 nos
893 1120 1120 1204 ignoraremus.
1153 1140 1254 1206 usque
1274 1124 1365 1188 meos

217 1223 421 1289 manifestum
445 1223 492 1286 est
514 1240 574 1286 non
596 1223 678 1304 ipsos
700 1220 854 1300 homines,
873 1222 926 1287 sed
943 1222 1095 1304 imagines
1112 1242 1224 1291 eorum
1239 1227 1339 1292 uiden.

217 1332 249 1393 et
279 1326 399 1391 Pharao
429 1328 527 1409 spicas
556 1343 589 1389 ec
619 1325 698 1390 dixit
730 1324 847 1389 uidisse
880 1325 912 1390 in
942 1326 1060 1391 somnis
1091 1329 1125 1393 et
1147 1326 1257 1407 boues,
1287 1348 1339 1394 non

217 1430 373 1513 spicarum
404 1430 460 1494 aut
489 1428 584 1494 boum
617 1427 779 1511 imagines.
817 1429 843 1494 si
874 1429 973 1513 igitur
999 1429 1119 1513 liquido
1143 1434 1272 1498 constat
1292 1451 1339 1496 no

217 1533 352 1599 minibus
367 1552 473 1598 earum
488 1550 602 1609 rerum,
626 1549 758 1614 quarum
774 1532 927 1616 imagines
942 1535 1025 1615 sunt,
1050 1534 1179 1599 easdem
1195 1538 1339 1618 imagines

217 1637 378 1720 appellari,
412 1653 471 1700 non
506 1636 621 1701 mirum
655 1638 712 1717 cst,
748 1635 831 1718 quod
854 1638 1009 1718 scriptura
1039 1635 1117 1701 dicit
1147 1637 1364 1704 Samuhelemo

217 1740 329 1824 uisum,
354 1741 447 1805 etiam
469 1740 497 1803 si
520 1739 600 1803 forte
623 1741 725 1823 imago
741 1738 917 1805 Samuhelis
933 1740 1079 1821 apparuit
1095 1741 1338 1808 machinamento

217 1844 284 1909 eius
314 1844 367 1924 qui
397 1842 599 1924 transfigurat
628 1860 661 1906 se
690 1841 780 1907 uelut
801 1842 832 1907 in
855 1842 1004 1926 angelum
1027 1841 1106 1907 lucis
1131 1844 1164 1907 et
1188 1846 1338 1911 ministros

218 1964 291 2012 suos
313 1945 402 2010 uolut
424 1945 584 2010 ministros
610 1946 759 2011 iustitiae.

259 2066 328 2133 Iam
359 2082 431 2130 uero
461 2067 487 2132 ei
521 2066 600 2133 illud
634 2069 749 2143 mouet,
773 2069 924 2150 quomodo
954 2073 987 2134 et
1014 2086 1033 2132 a
1063 2067 1204 2151 maligno
1234 2068 1337 2151 spiritu

217 2168 303 2237 Sauli
333 2188 406 2235 uera
427 2170 589 2251 praedicta
610 2173 694 2248 sunt,
716 2171 821 2252 potest
843 2174 874 2235 et
895 2170 975 2236 illud
997 2170 1112 2237 mirum
1136 2172 1249 2248 uideri,
1270 2188 1361 2254 quon

215 2273 306 2341 modo
330 2275 492 2339 daemones
515 2272 701 2356 agnouerint
715 2272 886 2355 Christum,
909 2293 1001 2357 quem
1017 2273 1124 2339 ludaei
1147 2294 1211 2340 non
1235 2292 1336 2359 cogno

215 2376 353 2443 scebant.
391 2396 463 2442 cum
492 2378 576 2442 enim
605 2377 677 2441 uult
704 2377 779 2442 deus
802 2375 897 2443 etiam
919 2395 974 2459 per
996 2376 1137 2443 infirmos
1160 2378 1336 2461 infimosque

216 2481 347 2564 spiritus
376 2480 514 2563 aliquem
541 2497 614 2545 uera
636 2497 829 2563 cognoscere,
853 2479 1035 2561 temporalia
1057 2481 1224 2546 dumtaxat
1246 2482 1335 2563 adque

216 2585 255 2650 ad
291 2585 383 2649 istam
419 2581 647 2648 mortalitatem
683 2582 881 2664 pertinentia,
920 2582 1012 2647 facile
1045 2586 1092 2648 est
1130 2587 1162 2648 et
1200 2604 1263 2653 nou
1295 2584 1337 2647 in·

216 2705 396 2771 congruum,
423 2686 460 2750 ut
482 2684 680 2768 omnipotens
710 2691 742 2750 et
764 2687 864 2751 iustus
887 2686 926 2750 ad
948 2704 1054 2751 eorum
1077 2704 1212 2770 poenam
1235 2686 1362 2772 quibuas

215 2790 278 2855 ista
309 2788 538 2872 praedicantur,
572 2793 608 2853 ut
641 2789 769 2863 malum,
804 2788 886 2870 quod
908 2787 952 2853 eis
976 2789 1145 2871 impendet,
1179 2795 1337 2873 antequam

216 2892 331 2969 ueniat,
352 2891 579 2973 praenoscendo
601 2894 769 2974 patiantur,
795 2890 914 2956 occulto
930 2895 1083 2975 apparatu
1099 2891 1336 2959 ministeriorum

215 3013 342 3059 suorum
366 2995 461 3060 etiam
484 2994 646 3076 spiritibus
668 2995 785 3060 talibus
807 2994 925 3076 aliquid
946 2994 1149 3060 diuinationis
1172 2996 1335 3078 impertiat

217 3101 251 3163 ut
282 3100 362 3180 quod
390 3098 521 3163 audiunt
543 3098 581 3162 ab
607 3097 727 3180 angelis
749 3097 970 3179 praenuntient
990 3097 1181 3163 bominibus.
1221 3103 1334 3165 tantum

215 3202 319 3275 autem
350 3199 490 3275 audiunt,
521 3202 674 3283 quantum
704 3199 844 3265 omnium
873 3200 1017 3265 dominus
1046 3203 1141 3283 atque
1169 3202 1360 3266 moderatore

214 3305 264 3370 uel
286 3303 372 3368 iubet
394 3302 446 3369 nel
469 3302 551 3369 sinit.
574 3303 655 3369 unde
677 3302 774 3367 etiarn
795 3303 923 3387 spiritus
945 3304 1132 3387 pythonicus
1156 3304 1190 3368 in
1212 3301 1335 3370 Acbbus

214 3408 425 3492 apostolorum
462 3407 631 3472 attestatur
667 3405 766 3471 Paulo
804 3408 944 3490 apostolo
981 3412 1013 3472 ot
1047 3406 1246 3491 euangelista
1276 3421 1334 3470 esse

318 3627 379 3685 ici,
391 3628 457 3682 Gen.
471 3629 513 3694 41,
528 3628 626 3697 l8sqq.
720 3627 752 3681 12
764 3629 798 3681 cl.
812 3627 841 3682 11
854 3626 912 3682 Cor.
927 3629 967 3695 11,
980 3628 1059 3696 14sq.
1155 3623 1330 3683 lbetlrlsttb

213 3716 237 3780 8,
256 3715 290 3769 29
393 3713 427 3767 26
444 3713 478 3770 ci.
496 3713 557 3770 Act.
578 3713 617 3778 16,
637 3713 668 3766 17

266 3917 421 3974 6homines
437 3920 474 3975 V:
500 3936 551 3975 osu.
569 3919 596 3974 P
692 3920 725 3975 10
742 3920 884 3974 samuelem
903 3920 932 3974 P
1026 3919 1057 3973 11
1078 3920 1206 3975 samuelis
1219 3903 1255 3931 '¹⁸‘
1272 3915 1328 3983 (uisa

212 4004 277 4058 odd.
296 4021 329 4059 m.
343 4008 374 4070 2)
393 4006 421 4059 Ρ
524 4006 602 4060 lain
625 4005 661 4060 V:
693 4022 743 4061 om.
763 4006 819 4060 GP
921 4005 953 4059 15
971 4009 1037 4060 suut
1055 4004 1135 4060 P’V:
1166 4006 1222 4060 sint
1237 4006 1272 4061 1³¹

215 4091 247 4143 16
269 4091 462 4160 cognoscebant
484 4092 520 4148 V:
555 4092 735 4162 agnoscebant
758 4093 786 4147 P
888 4092 919 4146 l'l
945 4091 1065 4146 infirmos
1091 4091 1197 4149 GP'V:
1231 4088 1327 4146 infirmit

214 4176 251 4230 ΡΙ
339 4175 496 4246 infimosque
510 4179 562 4235 0²:
590 4178 762 4248 infirmosque
774 4177 843 4233 ΡΨ
865 4178 1039 4247 infirmusque
1053 4177 1131 4234 G¹P¹
1223 4173 1327 4245 laspini-

212 4282 256 4332 tus
279 4276 315 4332 V:
346 4280 457 4349 spiritns
474 4308 502 4335 κ
519 4284 560 4350 (et
576 4288 641 4349 ras.)
661 4284 689 4337 P
716 4268 765 4352 xp]
783 4286 810 4337 et
831 4282 868 4338 θ’
898 4270 1008 4351 smarnos
1026 4282 1054 4335 ct
1073 4281 1112 4336 G*
1216 4271 1326 4350 atqch

214 4366 240 4419 P
339 4366 372 4421 21
395 4366 584 4436 praedicantur
606 4369 643 4425 V:
672 4369 864 4439 praedicuntur
886 4368 915 4422 P
1014 4366 1049 4423 22
1072 4367 1281 4424 ministeriorum
1297 4358 1326 4415 l⁷²

212 4452 399 4522 mysteriomm
419 4454 447 4508 P
547 4454 582 4510 24
599 4455 791 4525 praenuntiant
807 4456 835 4510 P
937 4453 1114 4510 acernias:
1145 4453 1264 4511 sinctV
