2760 4814
188 309 250 375 174
668 305 835 376 nugrppir

186 499 287 566 fuerat
316 498 350 564 in
380 498 511 580 utreque
541 498 674 580 corperis
696 501 727 563 et
750 497 848 563 animi
868 498 1000 578 affectio,
1030 498 1192 562 amborum
1214 498 1315 562 oeulis

187 600 304 685 puriter
334 602 403 667 uina
425 602 473 667 est
497 601 605 667 eadem
635 599 844 682 pulchritudo,
874 600 1026 666 ambobus
1058 601 1174 682 pariter
1196 600 1316 666 institit

187 704 312 772 eeeulta
334 703 502 771 tentatio?
535 705 694 788 propriam
715 705 813 788 igitur
835 703 869 769 in
892 721 952 769 nne
985 721 1093 769 aerum
1116 704 1315 769 uoluntatem

187 807 304 875 malam
325 827 373 874 ree
403 826 481 892 quae
512 806 621 874 feeerit
649 808 729 872 seire
755 806 944 885 uolentibus,
974 808 1000 872 si
1023 807 1100 872 hene
1123 806 1316 885 intueantur,

187 911 268 978 nihil
289 912 436 978 eeeurrit.
471 911 498 976 si
522 911 606 976 enim
629 909 797 976 dixerimus
819 910 901 992 qued
922 912 988 994 ipse
1007 929 1076 975 eam
1098 910 1216 989 feeerit,
1240 911 1316 993 quid
1339 936 1351 977 a

188 1018 255 1082 erat
289 1014 355 1100 ipae
391 1015 465 1081 ante
498 1013 694 1080 uoluntatem
729 1013 844 1079 maiam
873 1013 933 1078 nisi
963 1017 1089 1078 natura-
1103 1013 1192 1092 bona,
1227 1014 1316 1080 euius

188 1122 297 1186 auetor
319 1118 407 1195 deus,
430 1117 484 1200 qui
505 1119 553 1182 eat
575 1116 773 1181 immutabile
804 1118 940 1182 henum?
974 1117 1026 1198 qui
1049 1134 1120 1199 ergo
1144 1115 1221 1181 dicit
1243 1135 1316 1183 eum

188 1221 241 1304 qui
268 1222 425 1288 eonaeneit
451 1219 601 1285 temtanti
616 1220 709 1302 atque
731 1220 885 1294 audenti.
909 1219 960 1284 eui
976 1238 1037 1285 nen
1052 1219 1209 1284 eonsentit
1223 1219 1316 1306 alius,

188 1326 228 1391 ad
255 1324 374 1391 inlicite
403 1323 555 1389 utendum
582 1323 712 1405 pulchre
740 1340 875 1406 corpore,
905 1323 986 1406 qued
1009 1323 1141 1388 nitendo
1165 1324 1317 1390 ambobus

188 1429 305 1512 pariter
346 1427 448 1503 affuit,
492 1445 564 1491 eum
600 1429 673 1492 ante
709 1425 799 1492 iilam
835 1427 988 1493 uiaionem
1024 1445 1061 1492 ae
1096 1427 1353 1496 temtationemro

188 1532 307 1598 similes
343 1533 434 1595 ambo
467 1530 569 1594 animo
597 1532 628 1593 et
659 1546 785 1611 corpere
818 1529 944 1608 fuerint,
977 1531 1080 1615 ipsum
1112 1532 1172 1596 eibi
1204 1530 1317 1596 fecium

187 1636 384 1701 uoluntatem
406 1631 532 1713 malam,
558 1633 631 1715 quia
653 1633 760 1715 ntique
783 1633 881 1698 honus
898 1636 970 1699 ante
986 1634 1182 1700 uoluntatem
1198 1634 1316 1700 melam

188 1738 294 1817 inerit,
325 1738 457 1821 quaerat
486 1754 540 1802 eur
570 1754 639 1802 earn
669 1736 788 1820 feeerit,
822 1739 929 1802 utrum
961 1739 1034 1820 quia
1061 1741 1174 1804 natura
1201 1740 1319 1802 eatan

188 1842 264 1926 quia
285 1862 321 1908 ex
345 1841 444 1907 nihilo
474 1842 558 1907 faeta
580 1843 636 1919 est,
667 1845 698 1906 et
720 1842 859 1906 inueniet
888 1841 1084 1907 uoluntatem
1112 1841 1231 1906 malam
1255 1858 1317 1906 nen

189 1963 225 2012 er
247 1965 282 2012 eo
305 1963 370 2011 esse
392 1946 528 2027 incipere
551 1945 632 2028 quod
654 1947 767 2010 natura
789 1946 845 2024 est,
869 1946 923 2010 aed
948 1965 983 2009 ex
998 1964 1033 2011 eo
1056 1946 1137 2027 quod
1160 1947 1197 2009 de
1220 1944 1354 2015 nihilorr

189 2050 272 2116 faeta
300 2051 413 2115 natura
442 2053 499 2116 est.
536 2068 609 2114 nam
635 2049 662 2114 ai
690 2053 803 2114 natura
824 2065 917 2114 cauea
939 2049 988 2113 est
1010 2050 1180 2114 uoluntatis
1204 2049 1318 2127 malae,

189 2153 265 2236 qnid
286 2153 371 2218 aliud
400 2153 542 2237 regimur
564 2155 666 2219 dieere
687 2154 749 2218 nisi
770 2171 789 2219 a
811 2150 891 2218 beno
914 2152 981 2218 fieri
1004 2153 1124 2217 maium
1147 2155 1178 2216 et
1200 2155 1318 2218 bonum

189 2275 257 2321 erae
280 2274 405 2322 eausam
429 2256 531 2322 mali?
559 2257 587 2322 ai
607 2258 734 2339 quidem
756 2261 868 2322 natura
890 2257 970 2321 bena
990 2254 1029 2321 fit
1051 2255 1198 2321 noluntas
1221 2256 1316 2321 mala.

189 2361 271 2442 qued
304 2359 386 2424 unde
418 2359 484 2424 fieri
517 2361 621 2442 potest
649 2360 685 2424 ut
707 2362 819 2425 natura
851 2358 932 2424 bona
965 2359 1110 2442 quamuis
1143 2358 1317 2437 mutabitis,

188 2463 356 2547 antequam
378 2463 493 2529 habeat
514 2462 712 2528 uoluntatem
734 2463 862 2547 malam,
891 2462 986 2528 faeiat
1007 2462 1128 2545 aliquid
1150 2461 1237 2542 mali,
1261 2460 1354 2534 hee„

189 2568 238 2632 eet
259 2567 358 2650 ipsam
383 2567 577 2632 uoluntatem
599 2564 739 2633 malam?

232 2685 333 2752 Nemo
361 2686 459 2770 igitur
487 2689 615 2769 quaeret
641 2687 829 2752 efficientem
853 2705 982 2752 caueam
1004 2687 1105 2753 malae
1128 2685 1319 2753 uoluntatis:

190 2806 251 2855 nen
274 2790 357 2856 enirn
380 2792 427 2855 est
450 2790 594 2866 efficiens,
618 2791 671 2855 sed
687 2791 840 2869 definiens,
866 2790 938 2874 quia
954 2810 1009 2856 nee
1032 2791 1088 2857 illa
1110 2790 1239 2868 effectio,
1263 2792 1318 2856 sed

190 2892 329 2959 deiectio.
368 2894 495 2959 deficere
523 2909 658 2978 namque
680 2894 718 2959 ab
732 2911 776 2958 ee
800 2895 881 2976 qnod
904 2911 1024 2959 summe
1047 2896 1095 2960 est
1118 2894 1157 2958 ad
1181 2893 1211 2959 id
1235 2892 1319 2981 qued

189 2997 293 3064 minue
316 3003 363 3063 est
385 2997 443 3063 hee
466 3001 513 3062 est
535 2998 671 3080 ineipere
695 2997 807 3063 habere
829 2998 1024 3063 uoluntatem
1050 2997 1175 3062 malam.
1206 3013 1353 3065 nauseare

190 3116 278 3186 porro
302 3099 513 3167 defectionum
541 3101 682 3180 istarum,
712 3117 784 3166 eum
807 3100 975 3166 efficientes
998 3120 1056 3167 nen
1081 3100 1152 3183 sint,
1182 3102 1218 3164 ut
1241 3099 1317 3182 dixi,

189 3203 244 3269 aed
272 3203 461 3282 deficienter,
492 3203 574 3269 nelle
605 3205 743 3269 inuenire
772 3204 835 3269 tale
859 3205 918 3282 est,
942 3221 979 3268 ae
1001 3205 1027 3269 si
1054 3202 1216 3287 quiequam
1239 3203 1319 3270 uelit

190 3298 306 3372 uidere·
324 3307 469 3372 tenebrae
500 3308 551 3372 uei
580 3307 688 3372 andire
714 3307 885 3385 silentium,
919 3305 1000 3388 quod
1023 3310 1127 3371 tamen
1151 3307 1319 3391 utrumque

190 3408 279 3476 nebia
297 3411 410 3475 *netum
433 3411 489 3490 eat,
520 3428 620 3491 neque
641 3409 723 3474 iilud
746 3408 807 3475 nisi
836 3427 892 3492 per
919 3410 1024 3475 oeulos
1053 3428 1153 3492 neque
1174 3409 1233 3476 hoe
1255 3410 1317 3475 nisi

189 3532 244 3597 per
268 3532 366 3598 aures,
391 3532 450 3577 nen
473 3514 602 3578 sanein
625 3512 736 3595 speeie,
760 3516 814 3579 sed
835 3512 868 3576 in
888 3513 999 3595 speciei
1014 3514 1197 3597 priuatione.
1226 3533 1356 3585 nemore

191 3634 265 3698 ergo
286 3635 324 3682 er
345 3636 396 3684 me
419 3617 496 3680 scire
519 3618 648 3697 quaerat
674 3617 757 3699 quod
783 3636 844 3692 me¹
857 3616 975 3684 nescire
997 3618 1071 3695 seio,
1096 3616 1158 3682 nisi
1181 3617 1261 3684 forte
1283 3621 1320 3684 ut

190 3719 309 3786 neaeire
333 3719 433 3784 diseat
459 3722 538 3801 quod
561 3721 632 3785 seiri
655 3737 716 3786 non
738 3738 829 3802 posse
853 3720 1013 3785 sciendum
1043 3723 1099 3785 est.
1137 3739 1174 3785 ea
1203 3722 1321 3806 quippe

239 3975 350 4046 aquae]
364 3992 430 4045 quea
442 3975 506 4032 MV
576 3975 756 4048 ¹equidlqd
768 3976 804 4032 Ρι
888 3979 911 4033 ’8
928 3978 1062 4033 eenaentit
1078 3977 1153 4033 MV:
1182 3983 1323 4036 eenaemit

189 4061 260 4119 Pru
346 4064 381 4120 12
399 4063 471 4133 quia]
489 4064 536 4132 qui
553 4063 622 4121 PYu
706 4065 779 4126 mala
795 4063 824 4120 P
912 4063 945 4117 13
962 4079 1030 4133 quur
1049 4063 1102 4120 PT
1191 4066 1224 4120 18
1242 4082 1324 4124 cauea

188 4163 224 4202 a⁴
292 4151 324 4203 19
341 4149 484 4206 mutabiles
505 4149 538 4204 T¹
623 4149 660 4205 w
677 4149 809 4210 habentur
827 4150 856 4205 P
938 4149 972 4203 27
990 4149 1066 4218 uelit]
1085 4149 1170 4204 uellet
1187 4150 1255 4208 ΡΤ

187 4235 223 4290 29
240 4236 343 4306 notum]
363 4238 485 4292 totnmv
579 4236 614 4293 30
630 4237 689 4290 aeni
708 4237 745 4292 P¹
841 4237 875 4295 32
890 4235 1001 4293 ditata
1086 4237 1153 4292 seire
1171 4236 1253 4294 P¹Tv
