2760 4814
172 297 240 364 438
659 290 823 361 uueiopii

175 483 336 560 focium
359 482 501 548 tollite
525 480 655 566 iugum
686 498 804 545 meum
834 497 947 561 super
969 495 1037 544 uos
1059 480 1096 544 et
1118 478 1260 545 diseite
1284 494 1308 541 e

176 603 247 664 me,
281 586 462 668 quonium
493 582 605 651 mitio
638 601 720 648 eum
743 585 780 649 et
809 581 976 648 humilis
1010 581 1145 661 eorde,
1180 584 1217 648 et
1246 584 1304 648 in·

171 688 353 759 uenietie
374 688 545 772 requiem
570 687 773 755 animabus
795 685 942 754 uostris
958 721 1000 736 ·-
1015 689 1118 753 oetero
1132 690 1239 753 temen
1255 683 1304 750 ibi

176 793 344 876 praecepto
374 791 506 876 proprie,
538 791 621 856 sieut
654 791 820 874 preeoopto
853 789 942 869 suut,
976 790 1041 855 eine
1073 786 1139 855 ulle
1168 788 1305 874 munte

174 894 401 980 significatione
423 893 636 964 ubeeruemuo.
1325 911 1342 952 e

549 1117 633 1166 ITEM
656 1116 761 1165 multu
784 1115 926 1166 curm

180 1261 183 1265 '
218 1252 308 1320 Vurle
324 1270 384 1320 uon
399 1252 651 1320 iueouuerierter
665 1252 877 1336 intellegimus
889 1252 928 1318 ed
940 1269 1080 1318 umorem
1093 1250 1305 1330 moliendum,

175 1372 236 1442 ouo
268 1361 307 1424 od
340 1354 477 1440 requiem
509 1355 678 1434 tendimus,
714 1355 819 1422 oolore
856 1354 962 1421 omuie
993 1373 1073 1440 quoe
1105 1354 1238 1440 figurate
1266 1355 1303 1421 iu

176 1461 340 1545 seripturis
373 1459 534 1538 dimeter,
573 1459 695 1542 quondo
729 1458 852 1543 quidem
887 1459 918 1524 id
952 1459 1055 1524 eolum
1087 1458 1120 1524 iu
1154 1457 1305 1544 decologo

175 1562 309 1664 figurate
335 1562 536 1648 proeoipitur¹
567 1562 621 1629 ubi
650 1563 772 1646 requies
802 1563 1049 1641 commendatur,
1080 1580 1159 1644 queo
1184 1560 1344 1645 ubiquero

176 1669 310 1749 emetur,
333 1669 387 1733 eod
408 1665 442 1731 iu
465 1666 531 1732 eolo
554 1667 609 1732 deo
633 1666 741 1733 emoto
763 1667 795 1731 et
816 1667 882 1732 eolo
904 1665 1063 1732 inuenitur
1085 1669 1117 1732 et
1138 1665 1233 1730 certe

220 1786 295 1854 Dies
327 1792 433 1857 tomen
467 1787 638 1853 domiuioue
668 1806 729 1855 non
752 1788 885 1868 Iudaeis,
920 1789 975 1854 sed
998 1784 1176 1853 ohrietieuis
1197 1803 1305 1850 reeur·

177 1891 313 1958 reotioue
335 1889 454 1958 domiui
476 1889 651 1958 declaratus
666 1890 716 1957 eet
731 1897 763 1957 et
777 1909 813 1956 er
828 1890 883 1956 illo
899 1889 1019 1975 oooopit
1040 1888 1155 1955 hebere
1176 1887 1305 1955 sostiui·

178 1998 277 2067 tutem
307 2012 405 2062 ouem.
442 1993 564 2060 ouimee
593 1992 707 2081 quippe
738 1993 876 2060 omnium
904 1997 1080 2059 eeuotorum
1102 1993 1175 2058 oute
1197 2011 1304 2058 resur·

176 2098 345 2167 'rectionem
367 2095 501 2185 eorporis
524 2098 598 2165 eunt
620 2097 746 2180 quidem
769 2095 800 2162 iu
824 2096 939 2183 requie,
962 2098 1016 2163 eod
1037 2096 1072 2162 in
1088 2114 1125 2162 eo
1142 2114 1204 2162 oou
1227 2100 1344 2162 sunto

177 2203 307 2281 actione,
324 2219 386 2284 quo
400 2217 528 2285 corporo
541 2201 664 2283 recepte
682 2204 875 2285 uegetoutur.
905 2199 1003 2266 telem
1019 2200 1132 2285 quippe
1148 2199 1303 2265 ootiouem

177 2304 333 2391 signifieat
361 2304 428 2371 dieo
452 2306 591 2378 octenos.
621 2305 675 2386 qui
698 2309 729 2369 et
750 2304 879 2390 primus,
911 2307 1065 2386 quianon
1088 2304 1189 2371 ouiert
1211 2302 1304 2368 illum

176 2408 326 2492 requiem,
349 2410 402 2474 eod
420 2406 588 2492 glorifioet.
617 2426 682 2476 nou
696 2409 779 2475 euim
794 2407 875 2475 redit
898 2426 969 2473 oum
986 2426 1109 2491 corpore
1133 2405 1306 2473 difficultas

178 2529 215 2576 ex
230 2527 364 2594 torpore,
380 2510 454 2592 quie
469 2528 526 2575 neo
540 2509 705 2593 corruptio.
736 2511 892 2593 oportet
914 2510 1014 2576 enim
1037 2508 1306 2593 corruptibile

176 2611 250 2679 lroo
283 2612 395 2678 iudui
431 2611 770 2695 iuoorrupt'ronem
808 2614 847 2678 et
878 2613 1049 2679 mortale
1084 2613 1154 2679 hoo
1189 2612 1346 2678 iuluiro

177 2715 539 2782 immortalitatem.
577 2719 763 2800 quopropter
793 2717 866 2782 ento
895 2716 1013 2783 domini
1042 2719 1304 2784 reeumeotiooem

177 2819 320 2904 quemuis
340 2819 464 2884 meroe
484 2819 589 2901 putrer
610 2819 720 2902 pleuoe
740 2818 921 2902 prophetico
943 2820 1057 2903 spiritu
1071 2820 1178 2887 ooteui
1200 2836 1305 2886 nere·

178 2923 324 2989 mentum
345 2936 541 3005 nequequam
568 2920 691 3004 leterot,
724 2936 785 3006 quo
804 2923 1034 3008 eigoilioeretur
1054 2925 1239 2991 resurreetio
1262 2960 1306 2974 --

177 3044 251 3094 oem
274 3021 306 3093 et
326 3044 382 3111 pro
404 3026 514 3092 ootuuo
533 3027 674 3110 poolmue
696 3027 844 3094 eeribitur
858 3031 890 3093 et
906 3030 1016 3094 ooteuo
1034 3028 1084 3094 die
1100 3028 1304 3094 circumcide·

175 3129 293 3196 beetur
325 3129 462 3196 irlmooe
492 3133 524 3196 et
552 3129 585 3194 iu
615 3129 801 3196 Eooleeieete
826 3131 866 3196 od
888 3131 1021 3197 duorum
1042 3132 1346 3197 testamentorum

177 3232 440 3318 elguilleetioo'em
474 3231 606 3298 dieiturr
638 3232 734 3299 illio
763 3235 914 3317 reptem
952 3238 992 3300 et
1023 3233 1112 3300 illie
1151 3236 1239 3302 ooto
1261 3268 1305 3284 --

282 3435 537 3506 191cor.15‚oo
631 3437 717 3494 olor.
736 3438 911 3494 Peteon
1004 3440 1141 3498 26Eoole.
1160 3440 1235 3507 11‚2

226 3626 245 3680 4
269 3629 333 3694 poet
362 3625 464 3696 proprie
493 3624 558 3680 odd.
586 3625 623 3680 T:
657 3627 728 3684 meur
757 3631 896 3696 praecepte
923 3630 1043 3699 proprio;
1078 3628 1130 3685 dei
1157 3644 1191 3682 ou.
1218 3632 1234 3683 1

174 3710 233 3766 uine
259 3711 317 3766 ulle
342 3711 465 3767 1>me
500 3713 608 3783 singule
636 3713 671 3769 T·
777 3714 944 3784 prefigurete
970 3732 987 3770 o
1094 3716 1111 3770 6
1138 3716 1204 3770 item
1231 3713 1309 3769 inter

176 3796 276 3868 oure}
298 3812 350 3854 ooo.
377 3797 447 3854 Pru
550 3799 580 3854 11
608 3800 667 3854 oole
686 3797 730 3854 'Vr
765 3802 838 3855 certe
864 3801 931 3857 PTo
1032 3805 1060 3857 et
1081 3804 1156 3857 oerto
1181 3800 1218 3855 V:
1253 3817 1307 3856 ooo.

176 3882 248 3939 No
350 3883 383 3939 13
405 3885 509 3954 oooopii
526 3883 624 3943 holere
646 3884 683 3940 Vr
709 3883 808 3941 hobere
823 3887 911 3956 eoepit
927 3888 1001 3944 Pro
1103 3887 1134 3943 17
1158 3887 1223 3958 quie
1239 3884 1310 3942 TV:

174 3967 245 4038 omo·
261 3968 316 4024 iem
340 3985 360 4026 o
461 3971 495 4026 19
517 3973 653 4041 ooerrpoio
675 3977 701 4040 (o
722 3971 845 4029 eamne
864 3975 894 4040 2)
920 3973 949 4029 Τ
1052 3972 1086 4028 20
1108 3973 1310 4042 ruoormpuone

175 4051 225 4110 ᾖ
318 4054 354 4110 21
377 4054 587 4112 immortalitate
608 4057 649 4114 llo
751 4057 786 4114 2⁸
807 4059 890 4114 lutere
914 4057 939 4114 V
1038 4058 1074 4114 24
1096 4074 1158 4114 nem
1183 4064 1245 4126 (om.
1264 4061 1310 4130 ot)

176 4137 205 4196 P
303 4139 423 4210 palmeo
449 4139 563 4197 militur
588 4134 668 4200 MV·
755 4145 851 4199 ooiouo
874 4144 917 4199 die
943 4142 999 4200 Vo:
1027 4146 1123 4200 oriere
1145 4143 1189 4199 oie
1213 4143 1240 4199 T

173 4222 211 4281 25
228 4223 398 4283 eoelum
419 4226 460 4284 y„
560 4248 561 4253 ¹
777 4254 788 4259 Ν
