2760 4814
130 339 208 386 XIIII
327 341 330 347 '

132 524 228 587 nsque
262 504 301 570 ad
335 503 456 569 XXVII
479 505 508 568 h.
533 505 579 569 ed.
613 504 836 581 desiderantur,
866 523 936 568 oum
962 506 1102 586 quaterni

132 610 194 674 VII
217 609 295 674 VIII
319 625 391 672 casu
415 609 518 690 aliquo
540 607 727 673 interierint.
755 610 970 690 quaterniones
988 608 1102 673 VIIII:

134 712 199 792 (fol.
224 711 376 792 50-92)
408 713 509 794 capita
538 712 660 776 XXVII
693 731 789 794 usque
817 715 854 777 ad
883 712 936 776 LX
967 713 1022 795 (=
1033 732 1062 794 p.
1088 713 1103 775 1

130 816 203 892 310,
222 818 258 878 11
280 816 311 879 1.
328 816 388 895 91.)
415 816 672 898 complectuntur.
697 816 827 880 schedae
842 816 884 879 92
900 818 931 880 et
947 815 988 879 93
1004 816 1103 896 capita

129 918 252 983 LXIIII
276 925 317 1000 (p.
340 918 413 992 313,
439 918 587 996 7-319,
614 919 676 998 11),
700 919 812 982 scheda
834 918 876 982 94
897 921 1020 1001 partem
1043 936 1103 999 cap:

133 1025 175 1104 (p.
205 1020 278 1100 375,
307 1021 477 1099 22-318,
506 1020 552 1101 4),
582 1020 624 1086 95
659 1022 762 1104 capita
785 1019 887 1085 CVIII
909 1024 941 1085 et
963 1019 1086 1086 cvllss

132 1124 281 1199 1-385,
311 1124 343 1205 9)
375 1123 531 1189 exhibent.
565 1125 689 1189 numeri
718 1125 959 1206 quaternionum
981 1127 1013 1190 in
1037 1126 1104 1189 calc

132 1227 197 1294 folii
221 1227 432 1309 quaternionis
455 1226 559 1293 addita
581 1227 764 1309 plerumque
787 1228 894 1292 littera
917 1229 943 1310 Q
965 1228 1065 1294 notati
1088 1247 1102 1290 s

172 1385 265 1448 Hunc
286 1384 402 1448 librum
425 1384 528 1464 plures
545 1382 662 1448 librarii
678 1399 737 1446 uno
753 1389 891 1464 temporo
908 1381 1105 1447 confecissou

132 1504 202 1567 pars
226 1489 307 1551 enim
330 1486 410 1568 libri,
435 1486 588 1569 imprimis
610 1486 685 1550 folia
701 1486 743 1550 84
758 1485 928 1568 sequentia,
944 1485 1061 1551 litteris
1077 1504 1106 1548 ur

130 1588 347 1670 pulcherrimis
381 1591 503 1671 depicta
536 1591 592 1668 est,
627 1608 698 1654 cum
733 1589 795 1654 alia
824 1607 896 1670 pars
919 1588 1034 1654 litteris
1056 1588 1106 1654 mir

130 1691 193 1755 alia
216 1693 383 1775 (imprimis
406 1693 426 1756 f.
449 1694 519 1774 48¹)
544 1694 658 1758 litteris
684 1695 814 1757 cursiuis
838 1692 1024 1756 characteris
1047 1712 1106 1757 mer

131 1801 257 1860 exarata
279 1797 330 1859 sit.
369 1799 523 1878 scriptura
545 1798 610 1878 ipsa
638 1799 727 1861 modo
757 1795 896 1873 dilatata,
920 1796 1010 1861 modo
1037 1795 1104 1877 (iol.

132 1901 389 1980 angustissimum
406 1901 563 1965 contracta
578 1904 634 1965 ost.
653 1900 740 1964 tituli
756 1900 888 1983 singulis
903 1900 1057 1981 capitibus
1072 1917 1107 1980 pr

131 2019 278 2084 magnam
295 2007 414 2084 partem
427 2003 524 2067 minio
538 2003 661 2084 depicti,
679 2003 833 2067 interdum
847 2019 935 2085 aegre
949 2001 1105 2083 leguntur.

132 2108 290 2186 quaedam,
314 2107 467 2189 imprimis
492 2107 541 2183 11,
565 2107 689 2170 madore
711 2105 741 2169 in
766 2105 907 2188 margine
929 2105 1059 2170 affectae
1081 2124 1108 2168 sr

175 2276 317 2349 librarii,
351 2279 402 2358 qui
436 2277 517 2340 hunc
554 2277 693 2341 codicem
729 2279 943 2351 exercuerunt,
977 2276 1109 2359 neglege:

131 2400 258 2444 munere
287 2399 341 2444 suo
371 2382 469 2445 functi
497 2384 579 2456 sunt,
608 2382 737 2458 litteras,
766 2380 912 2462 syllabas,
945 2380 1094 2444 uocabula

131 2486 181 2548 uel
214 2483 304 2566 plura
338 2483 527 2560 omittentes,
562 2483 684 2548 uocales
717 2483 887 2565 uocalihus,
926 2498 1071 2547 consonas
1108 2511 1110 2533 r

133 2591 355 2670 permutantes,
392 2588 439 2650 ita
472 2590 508 2651 ut
548 2585 654 2663 uerba,
689 2587 793 2668 qualia
826 2604 845 2650 a
878 2587 1019 2651 manibus
1052 2584 1110 2649 libr

132 2690 247 2772 scripta
275 2695 355 2766 snut,
391 2707 622 2771 nonnumquam
655 2689 707 2754 uin
736 2688 835 2754 latina
864 2708 929 2753 esse
957 2705 1111 2770 agnoscas

132 2798 247 2870 autem,
272 2793 370 2874 qualis
393 2810 476 2856 nunc
499 2792 622 2876 iegitur,
649 2794 723 2856 duos
740 2796 926 2857 correctores
942 2795 1111 2873 arpertuse

133 2897 163 2959 et
186 2896 390 2978 librariiipsi
413 2897 494 2960 inter
524 2897 718 2960 scribendum
747 2896 858 2961 menda
881 2895 1031 2977 quaedam
1054 2913 1112 2976 ape

131 2999 370 3077 eliminauerint‚
394 2999 480 3062 uelut
503 3019 532 3081 p.
557 2997 627 3075 136,
655 2999 690 3062 11
715 2998 857 3078 foratam
880 2999 1034 3062 mutantes
1050 2997 1112 3076 inp

130 3102 285 3184 formator
320 3101 405 3183 (144,
441 3103 491 3179 12)
521 3104 551 3166 in
577 3101 744 3181 formator,
777 3101 862 3166 acilo
897 3102 982 3178 (144,
1020 3102 1070 3181 17)
1096 3101 1113 3164 ir

131 3205 218 3269 cuius
246 3206 291 3270 rei
314 3206 376 3270 alia
405 3206 589 3270 documenta
617 3204 712 3269 habes
742 3206 775 3269 in
799 3205 999 3270 adnotatione
1025 3204 1113 3268 critic

132 3308 186 3373 hos
216 3308 277 3372 alia
305 3326 414 3372 manus
444 3309 546 3372 aetate
577 3309 640 3371 fere
666 3307 801 3389 aequalis
824 3326 879 3388 ope
902 3306 983 3370 alius
1006 3307 1114 3372 codicis

131 3415 232 3475 totum
249 3410 364 3477 librum
376 3411 532 3491 corrigens
546 3411 728 3493 plerumque
741 3410 866 3492 quidem
877 3410 1045 3491 genuinam
1061 3426 1115 3473 scr

132 3515 278 3594 restitnit,
303 3513 391 3577 uelut
413 3533 441 3595 p.
467 3514 537 3594 131,
560 3515 582 3577 4
604 3531 658 3595 pro
673 3518 800 3595 aterque
813 3533 924 3578 oerum
938 3516 1115 3578 nostramte

131 3616 267 3682 scribens
290 3620 417 3696 uterque
438 3619 581 3679 nostrum
607 3617 685 3682 dicit
706 3620 874 3698 utrumque
888 3636 1009 3699 uerum,
1026 3635 1055 3698 p.
1077 3617 1115 3680 13

130 3718 336 3795 uoluntatem,
371 3721 450 3801 quod
485 3720 579 3784 etiam
615 3720 705 3787 qu
735 3721 887 3796 exhibent,
917 3737 987 3783 cum
1018 3719 1085 3782 MV
1113 3739 1116 3784 ι

130 3840 244 3904 uocem,
268 3840 295 3902 p.
319 3820 392 3897 292,
419 3823 466 3904 11,
490 3823 543 3886 ubi
567 3842 608 3886 m.
631 3822 913 3887 2additamentum
930 3824 1067 3888 codicum
1083 3821 1116 3887 in

131 3929 234 3989 torum
257 3922 359 3988 GPr:
383 3924 499 3990 maluit
514 3945 570 3990 uos
592 3925 741 3989 9199119991
756 3930 784 3991 et
799 3927 1019 3989 coadorantes
1034 3945 1118 3988 noar

131 4047 152 4090 c
173 4045 248 4090 aero
270 4045 366 4106 qaum
388 4046 461 4092 uero
483 4029 553 4109 (sic)
569 4028 712 4091 iurantes
724 4027 944 4109 propiaquare
956 4028 1119 4109 periurio:

131 4131 254 4196 deleuit
278 4130 348 4211 alia,
366 4148 442 4212 quae
457 4131 578 4195 librarii
593 4131 712 4195 incuria
724 4131 903 4208 omiserant,
921 4135 1072 4196 corrector
1084 4149 1119 4196 su

133 4232 220 4297 uelut
245 4233 315 4309 132,
339 4233 377 4310 6;
410 4231 479 4311 142,
505 4233 559 4309 13;
590 4232 660 4315 144,
687 4233 741 4309 12;
767 4232 839 4314 149,
863 4234 899 4310 2;
923 4233 995 4310 204,
1019 4232 1074 4311 23;
1097 4232 1120 4298 2
