2760 4814
318 549 483 620 Excerpts
500 565 536 605 ex
553 565 622 621 opp.
635 551 875 625 ἡ8.,Δ113111ὲὶιιί
897 551 981 610 XXV.
1153 557 1216 626 ωδ

81 762 153 809 mae
174 742 388 808 substantiam
409 741 608 809 incrementis
622 742 730 828 augeri
746 743 957 828 corporalibus
975 763 1031 811 nec
1052 745 1101 811 illi
1123 748 1215 829 puto-

80 849 198 912 uerunt
234 845 288 929 qui
322 862 391 910 eam
425 864 534 929 corpus
569 845 760 929 existimant,
800 865 930 929 quorum
959 847 992 912 in
1023 854 1112 932 parte
1141 851 1216 916 sunt

79 951 217 1016 maxime
245 948 299 1032 qui
328 966 397 1014 eam
426 967 462 1014 ex
490 951 670 1032 parentibus
699 947 800 1015 creari
822 948 999 1033 opinantur.
1032 949 1160 1036 proinde
1182 950 1217 1019 in

79 1051 220 1136 corporis
241 1052 361 1117 semino
383 1047 576 1136 potestesse
598 1051 647 1118 uis
669 1050 850 1135 inuisibilis,
880 1071 958 1138 quae
980 1055 1217 1139 incorporaliter

58 1174 229 1222 enumeras
263 1153 340 1240 agit,
373 1173 436 1221 non
468 1155 575 1234 oculis,
609 1155 663 1222 sed
683 1156 849 1224 intellectu
878 1157 1081 1226 discernenda
1109 1158 1148 1227 ab
1180 1177 1242 1224 ea.

80 1259 286 1344 corpulentia,
320 1273 398 1341 quae
428 1258 500 1325 uisu
534 1261 681 1341 tactuque
709 1258 854 1325 sentitur.
896 1262 929 1327 et
957 1261 1026 1344 ipsa
1054 1262 1217 1344 quantitas

79 1363 221 1446 eorporis
238 1362 378 1441 humani,
394 1380 472 1447 quae
487 1362 597 1446 utiquo
611 1363 774 1430 modulum
789 1364 915 1430 seminis
930 1364 1217 1449 incomparabiliter

80 1467 213 1545 moedit,
249 1468 329 1533 satis
366 1465 504 1533 ostendit
536 1484 627 1550 posse
659 1467 732 1535 inde
767 1468 887 1551 aliquid
921 1469 1005 1534 sumi
1035 1470 1119 1553 quod
1150 1478 1218 1535 non

79 1569 198 1638 babeat
220 1569 308 1636 illam
331 1571 398 1636 uim
418 1570 613 1656 seminalem,
635 1574 690 1637 sed
711 1573 836 1638 tantum
859 1573 1050 1656 corporalem
1071 1573 1215 1639 substan·
1320 1643 1324 1651 ,

47 1675 170 1752 sotim
193 1691 274 1757 qnae
296 1674 450 1740 diuinitus
474 1693 536 1739 non
559 1678 596 1741 de
617 1673 784 1761 propagine
799 1677 1069 1744 concumbentium
1092 1678 1126 1741 in
1147 1694 1218 1742 aar·

79 1798 153 1845 nam
176 1777 297 1845 Christi
318 1779 456 1844 assumta
478 1783 574 1862 atquo
593 1780 729 1846 formata
751 1783 808 1848 cst
841 1781 900 1846 hoo
922 1783 1030 1847 cutem
1050 1783 1088 1846 do
1110 1780 1217 1847 anima

79 1884 151 1966 quis
185 1884 292 1950 ualeat
324 1885 491 1961 affirmare,
527 1887 609 1967 quod
642 1886 811 1969 utrumque
832 1885 956 1968 habeat,
989 1888 1021 1950 ot
1050 1884 1217 1950 materiem

78 1987 210 2052 seminis
237 1987 437 2053 manifestam
460 1989 668 2054 strationem
698 1988 826 2054 seminis
849 1989 1028 2054 occultam?
1065 1987 1216 2071 seuquid

80 2089 221 2157 laborem
242 2090 276 2156 in
297 2111 343 2168 re,
370 2110 448 2175 quae
468 2091 647 2176 persuaderi
669 2092 772 2157 uerbis
801 2093 919 2158 nemini
946 2092 1079 2158 forsitan
1101 2089 1215 2174 potest

47 2195 144 2261 anisi
164 2197 290 2260 tautum
312 2213 350 2260 ac
369 2195 434 2260 tale
456 2195 617 2280 ingenium
639 2197 692 2274 sit,
719 2195 802 2280 quod
823 2197 924 2279 possit
945 2196 1109 2280 loquentis
1124 2212 1216 2277 praa·

78 2300 187 2367 uolare
219 2300 367 2365 conatum
400 2319 456 2365 neo
488 2304 593 2365 totum
627 2302 847 2383 exspoctarea
873 2303 1037 2366 sermone?
1075 2299 1216 2364 breuiter

79 2404 187 2486 itaque
216 2402 382 2487 colligam:
416 2404 444 2469 si
473 2404 576 2488 potuit
606 2405 638 2469 et
666 2404 705 2468 ds
733 2405 840 2470 anima
867 2403 933 2469 dari
963 2403 1046 2487 quod
1076 2421 1148 2467 oum
1177 2402 1217 2467 de

81 2525 173 2573 carno
195 2507 381 2586 diceremus,
414 2507 548 2573 forsitan
576 2508 775 2574 intellectum
804 2508 856 2586 sit,
886 2509 933 2573 ita
956 2511 1002 2573 ost
1024 2507 1062 2571 do
1085 2505 1216 2570 traduce

80 2613 189 2676 anima
202 2608 331 2690 christi,
355 2612 468 2678 utnon
483 2630 591 2677 secum
614 2611 719 2676 labem
740 2611 1017 2696 praeuaricationis
1032 2608 1212 2686 attraxerit;

48 2714 107 2779 asi
127 2719 238 2779 autom
265 2713 333 2778 sine
362 2716 423 2780 isto
451 2717 543 2780 reatu
570 2733 631 2780 non
654 2719 760 2798 posset
782 2715 862 2781 indo.
875 2733 952 2794 esse,
977 2733 1038 2780 nou
1060 2714 1110 2778 est
1130 2711 1212 2777 inde.

79 2819 143 2883 hm
172 2819 211 2882 de
238 2818 412 2882 ceterarum
440 2817 618 2883 animarum
649 2821 788 2884 aduentu
822 2819 929 2883 utrum
960 2836 997 2883 ex
1031 2815 1214 2901 parenlibus

78 2939 119 2985 an
141 2922 275 3003 desuper
295 2922 359 2985 sint
381 2921 512 2987 uincant
533 2921 587 3005 qui
609 2922 783 3004 potuerint;
807 2940 864 3004 ego
883 2921 985 2987 adhuc
1006 2921 1089 2986 inter
1110 2921 1214 2985 utros

79 3042 140 3107 quo
167 3023 295 3108 ambigo
323 3027 354 3089 at
382 3043 520 3101 moneor,
551 3025 716 3107 aliquando
743 3026 799 3104 sic,
831 3025 997 3109 aliquando
1024 3025 1131 3090 autam
1158 3025 1217 3104 sic,v

80 3128 170 3192 saluo
193 3145 230 3191 eo
252 3127 425 3206 dumtaxat,
448 3128 486 3193 ut
513 3129 564 3193 uel
590 3147 700 3213 corpus
728 3147 795 3194 esse
828 3129 969 3195 animam
997 3129 1049 3194 uel
1062 3125 1215 3210 'aliquam

49 3246 263 3314 soorpuroam
297 3230 484 3312 qualitatem
512 3231 580 3296 siue
607 3232 845 3316 coaptationem,
875 3232 904 3296 si
932 3233 978 3297 ita
1007 3228 1216 3295 moendinis

79 3349 175 3414 qum
198 3333 310 3400 Gnosi
332 3323 490 3417 ἁρμονίαν
511 3336 635 3412 uocant,
660 3331 1130 3420 <1101111οᾶ11111>111111110111111
1152 3333 1215 3397 iste

80 3436 242 3624 mbo
262 3455 314 3501 me
336 3437 528 3503 crediturum
551 3455 619 3550 1111
641 3438 791 3506 confidam
812 3439 981 3507 adiuuante
996 3437 1052 3505 deo
1073 3439 1214 3502 mentm

130 3833 148 3887 9
165 3835 248 3887 tantu
266 3837 295 3899 (11
312 3834 345 3887 ia
360 3849 416 3888 roo.
435 3850 455 3888 a
470 3850 506 3889 m.
522 3837 554 3905 2)
575 3837 602 3893 T
704 3833 738 3888 10
760 3831 894 3888 diuinitus
912 3833 955 3901 (as
972 3831 1004 3886 in
1020 3846 1076 3886 ros.
1094 3846 1114 3884 a
1129 3845 1164 3885 oc
1182 3829 1214 3896 Β)

82 3918 107 3973 1⁴
211 3919 244 3974 l‘l
267 3919 340 3988 quod
363 3932 395 3974 c:
424 3924 492 3989 quot
514 3921 542 3981 1'
641 3922 682 3980 26'
697 3919 883 3976 dmoninl'
983 3932 1037 3974 non
1059 3914 1166 3972 1111111
1182 3932 1213 3971 o:

77 4006 176 4061 ons
278 4006 816 4092 tigurientemrpnmdclaal)
