2760 4814
201 312 266 379 364
469 338 472 343 ·
687 307 853 377 Eugippii

202 501 289 568 dicit
323 502 377 566 sed
409 500 517 583 utique
550 501 613 565 isto
643 498 692 564 lex
722 516 783 564 non
813 497 888 564 solis
910 499 989 567 uiris
1010 497 1043 563 in
1066 499 1188 582 populo,
1223 517 1334 564 uerum

203 603 299 670 etiem
328 603 454 670 feminis
483 603 559 669 doto
579 603 638 669 est.
678 619 778 685 neque
807 601 891 667 enim
919 603 993 684 quie
1020 600 1226 667 dictumest:
1258 619 1335 666 non

203 707 457 789 concupisces
487 723 648 772 uxorem
676 703 845 789 proximi
870 703 945 787 tui,
981 703 1063 770 nihil
1085 703 1139 769 hio
1160 703 1221 771 eibi
1243 722 1335 786 prue-

202 812 328 893 coptum
357 811 450 877 debet
479 811 588 894 poturo
617 808 734 875 femine
755 810 788 875 et
809 810 972 892 tumquom
1002 807 1090 874 licito
1117 807 1334 890 concupiscere

202 913 308 979 uirum
337 913 494 996 proximae
524 931 609 980 sune.
645 912 673 978 si
695 931 769 997 ergo
799 911 851 977 hic
873 930 910 978 eu
938 911 996 978 illo
1017 913 1100 994 quod
1121 911 1190 976 uiro
1213 910 1370 978 diotnms

203 1022 253 1082 est
274 1015 479 1100 intellegitur,
503 1014 649 1100 quemuis
670 1034 731 1081 non
754 1016 874 1082 dictum
895 1015 947 1092 sit,
970 1013 1053 1098 quod
1074 1013 1173 1079 etium
1188 1012 1228 1079 od
1244 1013 1334 1080 femi-

203 1135 275 1185 num
312 1120 475 1206 pertinent,
513 1123 629 1202 quanto
666 1119 767 1203 magis
805 1137 839 1184 eo
877 1121 958 1201 quod
994 1117 1116 1184 dictum
1152 1120 1220 1185 ost:
1259 1135 1335 1183 non

203 1221 478 1289 moechaberis
500 1225 631 1304 utemne
646 1239 736 1311 serus
753 1221 949 1306 astringitur,
972 1239 1044 1287 oum
1065 1221 1099 1285 et
1120 1221 1224 1303 ipsum
1246 1239 1335 1304 prce·

202 1328 327 1409 ceptum
359 1327 464 1409 potest
496 1323 606 1391 referri
635 1324 675 1390 o'd
705 1329 884 1408 utrumque,
918 1324 1018 1391 sicut:
1051 1341 1125 1390 non
1158 1323 1334 1402 occides,

202 1445 277 1513 non
299 1427 316 1493 1
320 1426 514 1505 urubenis,
537 1429 570 1494 et
589 1446 668 1512 quse
688 1427 752 1494 ulio
773 1427 997 1494 similiternon
1019 1444 1160 1512 expresso
1174 1446 1237 1495 uno
1259 1446 1371 1495 seruo

202 1531 328 1615 utrique
356 1532 504 1598 uidentur
532 1549 641 1598 sonere
664 1532 881 1598 communiter.
920 1533 1027 1597 tomen
1050 1530 1103 1597 ubi
1126 1549 1208 1595 unus
1231 1530 1334 1617 expri-

203 1633 312 1713 mitur,
334 1633 515 1701 honorotior
537 1635 646 1717 utique
668 1635 860 1718 exprimitur,
885 1632 918 1699 id
941 1636 990 1699 est
1012 1632 1214 1714 masculinus,
1239 1637 1276 1700 ut
1298 1653 1335 1700 ex

203 1736 261 1802 hoc
282 1735 446 1821 intelleget
468 1737 564 1804 etiem
590 1736 708 1803 femine
729 1736 804 1820 qnid
829 1737 890 1804 sibi
912 1739 1111 1821 praeceptum
1131 1734 1184 1803 sit.
1222 1753 1260 1802 uo
1280 1756 1336 1822 per

203 1838 262 1904 hoo
291 1838 320 1905 si
348 1838 463 1906 femine
491 1840 620 1906 moecho
649 1841 697 1906 est
718 1838 835 1907 hebens
863 1840 977 1918 uirum
1008 1838 1238 1907 concumbendo
1264 1857 1336 1905 cum

204 1961 240 2008 eo
268 1942 322 2025 qui
349 1943 400 2009 uir
426 1945 493 2011 eine
520 1960 582 2010 non
611 1947 667 2022 est,
699 1943 794 2011 etiem
823 1943 850 2008 si
884 1942 938 2009 illo
970 1961 1032 2011 nou
1061 1940 1177 2008 hebeat
1198 1960 1374 2017 uxoremst

205 2043 344 2130 proiecto
366 2046 514 2113 moechus
537 2049 633 2114 estet
648 2047 697 2113 uir
719 2046 836 2113 hebens
858 2046 988 2112 uxorem
1007 2045 1241 2113 concumbendo
1264 2065 1337 2113 cum

205 2166 242 2214 ea
271 2165 350 2232 queo
378 2167 455 2216 uxor
484 2149 550 2215 eius
578 2168 640 2216 non
670 2152 728 2235 est,
752 2150 851 2217 etium
872 2149 899 2216 si
920 2149 978 2216 illo
1001 2168 1061 2215 non
1085 2147 1200 2216 habeut
1221 2151 1336 2216 uirum.

205 2250 261 2316 sed
283 2254 401 2332 utrum,
426 2253 451 2318 si
474 2252 570 2320 fmiet
591 2253 646 2338 qui
661 2272 786 2319 uxorem
809 2271 870 2319 non
892 2253 1015 2331 habeut,
1038 2252 1092 2319 uel
1108 2252 1235 2333 femine,
1258 2271 1337 2337 quoe

205 2353 309 2421 mum
342 2372 404 2439 non
436 2354 540 2437 hebet,
575 2358 730 2440 praecepti
759 2355 852 2422 huius
882 2356 1127 2441 transgressione
1157 2356 1335 2438 teneantur,

205 2456 318 2523 morito
340 2457 514 2542 quoeritun
545 2461 572 2526 si
593 2458 677 2527 enim
700 2478 760 2525 non
783 2459 938 2544 tenentur,
968 2474 1030 2525 non
1052 2462 1102 2525 est
1122 2458 1283 2541 prohibite
1303 2459 1373 2528 ineo

205 2560 352 2645 decalogo
373 2560 545 2642 fornicatio,
567 2565 622 2629 sed
637 2562 703 2629 solu
718 2562 868 2643 moechis,
891 2562 925 2628 id
941 2569 989 2630 ost
1004 2561 1205 2641 adulterium,
1227 2579 1336 2647 quom·

205 2659 255 2726 uis
277 2662 378 2727 omnis
401 2662 541 2731 moechic
563 2663 727 2730 fornicatio
750 2683 818 2730 esee
840 2663 1057 2748 intellegatur,
1086 2665 1168 2730 siout
1191 2663 1338 2731 locuntur

206 2764 387 2846 scripturae.
426 2767 570 2832 dominus
592 2768 698 2833 eutem
721 2765 798 2833 dicit
827 2767 860 2832 in
889 2766 1071 2852 euangelio:
1101 2766 1337 2851 quicumque

206 2866 410 2935 dimiserit
439 2889 593 2936 uxorem
622 2889 730 2936 suom
759 2875 926 2953 exceptu
955 2888 1075 2936 conso
1105 2869 1336 2938 fornicatio·

206 2973 283 3052 nis,
307 2972 411 3038 fecit
433 2991 515 3038 eom
537 2974 740 3040 moechari.
772 2973 821 3037 hic
842 2977 948 3039 cutem
967 2973 1075 3055 utique
1098 2971 1372 3041 lornioutionemrs

206 3073 389 3158 appellauit,
423 3076 450 3141 si
481 3093 554 3141 cum
583 3075 644 3142 elio
672 3079 888 3158 posmodum
915 3077 1018 3140 uirium
1041 3074 1148 3150 hebet,
1183 3075 1265 3158 quod
1289 3078 1337 3140 ost

309 3260 344 3314 23
361 3260 459 3316 liutth.
477 3263 503 3324 5,
521 3260 556 3315 82

260 3432 321 3486 lin
339 3431 446 3502 populo]
465 3447 515 3489 om.
534 3432 563 3486 P
663 3432 823 3501 dputorio
917 3431 1008 3487 licitee
1028 3433 1054 3487 Τ
1152 3432 1256 3502 5uiro]
1274 3446 1338 3486 uero

207 3516 275 3572 P¹V
376 3517 393 3571 6
419 3517 565 3572 foeminum
595 3518 622 3572 V
730 3517 745 3571 ‘l
772 3519 811 3587 oo]
839 3533 870 3572 er
896 3533 926 3572 eo
956 3518 983 3573 V
1083 3520 1100 3573 8
1126 3517 1285 3573 moeouberio
1316 3518 1343 3572 V

206 3602 388 3660 moochuueris
414 3604 439 3658 Τ
465 3604 612 3658 moecheris
637 3602 665 3659 P
767 3603 800 3658 10
826 3603 957 3660 domueris
986 3603 1011 3657 Τ
1111 3606 1139 3658 et
1163 3617 1216 3660 om.
1243 3603 1272 3659 P

206 3688 405 3759 quedelinl'o:
428 3705 496 3758 quse
508 3688 626 3745 cliterV
645 3690 911 3761 eliuqumoerae.)
925 3689 954 3745 P
1050 3689 1084 3745 12
1101 3690 1270 3745 musculoso

205 3775 241 3833 18
250 3781 287 3842 (et
296 3777 340 3842 14)
351 3775 504 3831 foemian
569 3775 633 3849 sibi]
646 3776 709 3848 siT
776 3776 808 3832 14
817 3776 934 3850 moecho]
944 3775 1148 3832 moechetuP‘c
1216 3792 1339 3832 concum-

205 3858 292 3917 teudo
303 3858 385 3918 Pro:
403 3877 457 3917 non
468 3861 663 3918 concumbendo
678 3863 706 3918 V
751 3855 753 3861 ’
782 3858 814 3918 16
825 3863 875 3933 est]
887 3879 958 3919 eras.
967 3863 1040 3918 c’oP
1126 3861 1268 3918 17111οέΜ

207 3957 781 4054 nmm1nmprsonennsm
886 3986 919 4040 ne
937 3984 1102 4040 semime
1201 3984 1234 4039 1o
1252 3989 1340 4040 osne-

207 4069 329 4138 greniom
355 4071 380 4126 T
406 4072 612 4141 msgueoodoui
640 4071 679 4126 1³¹
781 4072 817 4126 20
841 4069 978 4142 prohibito
1006 4070 1042 4126 Ρι
1146 4069 1181 4124 22
1208 4071 1339 4141 moechis]

207 4155 328 4211 moechis
344 4157 427 4212 etism
449 4157 501 4214 T'o
593 4173 650 4213 esso
667 4158 809 4213 fomiootlo
827 4158 856 4214 P
949 4156 1120 4227 intellegitur
1137 4155 1207 4213 Pro
1303 4157 1339 4214 lo

207 4243 373 4309 quunturY
473 4242 508 4299 24
525 4247 630 4314 excepto
648 4261 666 4300 o
768 4242 803 4299 25
819 4244 909 4299 eutem
931 4243 968 4297 V:
995 4260 1045 4299 oon
1066 4242 1134 4298 PTo
