2760 4814
201 112 271 181 414
690 109 855 180 uugrppu

204 304 322 369 sionem
347 302 486 367 omnium
508 302 717 382 peccatorum,
742 299 883 363 simulet
904 297 1082 380 huiusque
1105 299 1236 363 uerbum
1259 298 1339 365 dixit

205 407 312 472 contra
325 405 427 469 filium
445 403 588 485 hominis,
605 403 678 484 quia
688 404 814 484 peccato
829 400 1026 480 ignorantiae
1040 400 1108 466 siue
1124 403 1338 468 contumaciae

204 508 255 574 uel
277 509 426 592 cuiusque
447 505 662 588 blasphemiae
678 524 739 570 non
755 504 876 571 addidit
897 509 1060 588 peceatum
1083 505 1337 588 impaenitentiae

204 616 312 678 eontra
326 612 444 677 donum
458 612 507 676 dei
523 610 555 674 et
576 609 714 692 gratiam
729 607 974 691 regenerationis
991 608 1044 673 uel
1059 609 1335 688 reconciliationis,

204 732 282 799 qnae
304 714 341 780 fit
364 714 399 778 in
421 713 552 779 ecclesia
574 712 687 794 spiritu
709 713 829 776 sancto.
1358 732 1376 776 s

245 835 379 903 Proinde
402 853 458 900 nec
479 833 558 900 illud
581 833 780 898 sentiendum
803 833 948 915 estquod
971 832 1099 915 quidam
1122 836 1245 915 putant,
1268 834 1337 900 ideo

203 940 321 1005 remitti
339 938 481 1022 uerbum,
496 940 577 1021 quod
594 936 710 1002 dicitur
726 937 833 1002 contra
847 937 949 1001 filium
964 936 1112 1016 hominis,
1136 955 1196 1002 non
1213 939 1335 1002 remitti

203 1046 308 1107 autem
341 1040 423 1126 quod
455 1041 570 1106 dicitur
599 1041 706 1105 contra
735 1040 884 1123 spiritum
913 1044 1068 1118 sanetum,
1102 1041 1177 1123 quia
1206 1047 1336 1124 propter

203 1146 382 1228 susceptam
397 1162 520 1209 earnem
542 1142 644 1210 factus
659 1147 707 1209 est
727 1143 810 1209 filius
832 1143 968 1210 hominis
983 1142 1143 1211 Christus:
1165 1162 1226 1227 qua
1242 1161 1336 1209 cerne

203 1250 312 1331 utiquo
326 1250 423 1314 maior
438 1249 487 1313 est
501 1246 631 1332 spiritus
646 1250 783 1326 sanctus,
799 1248 854 1330 qui
869 1247 1044 1312 substantia
1058 1248 1181 1330 proprie
1196 1248 1336 1329 aequalis
1347 1269 1372 1311 ιο

203 1357 249 1418 est
263 1352 346 1434 patri
361 1356 393 1417 et
407 1350 570 1435 unigenito
584 1349 650 1415 filio
665 1351 836 1417 seeundum
854 1351 921 1417 eius
937 1349 1147 1429 diuinitatem,
1162 1351 1334 1417 secundom

181 1446 297 1539 'quarn
327 1457 359 1521 et
388 1457 457 1537 ipse
486 1453 665 1537 unigenitus
695 1453 780 1520 filius
811 1454 951 1536 aequalis
982 1458 1027 1519 est
1050 1456 1131 1538 patri
1153 1454 1187 1519 et
1208 1455 1337 1536 spiritui

204 1562 322 1624 sancto.
359 1575 435 1623 nam
457 1557 484 1622 si
506 1557 564 1623 hoc
585 1559 749 1640 propterea
770 1557 892 1623 dictum
915 1559 1005 1635 esset,
1029 1557 1166 1641 proiecto
1188 1560 1226 1623 dc
1248 1557 1335 1622 omni

205 1663 309 1728 cetera
330 1660 525 1743 blasphemia
547 1662 713 1746 taceretur,
737 1663 773 1725 ut
788 1661 865 1727 haec
880 1663 946 1728 sols
961 1659 1160 1726 remissibilis
1175 1660 1337 1727 uideretur

204 1782 282 1850 quae
313 1768 421 1830 contra
450 1762 552 1828 filium
582 1763 718 1830 hominis
749 1762 873 1849 dicitur,
909 1765 984 1848 quia
1013 1765 1096 1830 sicut
1118 1763 1210 1828 homo
1233 1763 1374 1829 solumrs

204 1871 343 1952 putatur.
383 1886 455 1933 cum
487 1885 561 1932 uero
592 1867 797 1949 praemissum
828 1869 886 1933 sit:
919 1887 1027 1934 omne
1059 1871 1264 1950 peccatum
1298 1870 1338 1933 et

202 1971 449 2055 blasphemia
471 1971 706 2036 remittetur
727 1971 955 2036 hominibus
971 2006 1013 2019 -
1028 1972 1110 2054 quod
1132 1971 1228 2037 etiam
1252 1975 1337 2053 apud

201 2075 298 2140 alium
321 2075 547 2157 euangelistam
576 2073 623 2139 ita
652 2074 788 2156 positum
817 2077 881 2140 est:
912 2077 1043 2141 omnia
1073 2074 1339 2140 dimittentur

201 2177 308 2242 liliis
342 2177 544 2244 hominum
580 2182 749 2262 peccata
785 2182 823 2242 et
858 2176 1151 2262 blasphemiae,
1188 2178 1335 2261 quibus

201 2280 571 2364 blasphemausrint
588 2317 630 2329 -
647 2280 755 2365 procul
775 2281 870 2348 dubio
892 2282 924 2347 et
945 2282 1003 2347 illa
1023 2280 1227 2364 blasphemia,
1256 2300 1376 2364 quaen

202 2389 307 2449 contra
329 2388 451 2465 patrem
473 2382 596 2460 dicitur,
626 2387 689 2449 ista
711 2383 916 2466 generalitate
939 2383 1150 2463 concluditur3
1174 2387 1337 2450 ettamen

202 2486 277 2552 haec
298 2487 365 2551 sola
385 2487 613 2553 inremissibilis
636 2487 792 2562 definitur,
816 2506 895 2569 quae
917 2487 1033 2553 dicitur
1052 2488 1165 2552 contra
1187 2486 1335 2569 spiritum

202 2591 355 2655 sanctum.
379 2590 607 2673 numquidnam
629 2594 661 2655 et
682 2595 772 2674 pater
793 2590 928 2656 formam
944 2593 1027 2656 serni
1050 2589 1181 2673 accepit,
1205 2593 1334 2673 quasit

202 2695 300 2759 maior
322 2692 452 2776 spiritus
475 2696 627 2759 sanctus?
649 2712 711 2759 non
727 2693 855 2776 utique,
878 2696 932 2760 sed
955 2693 1024 2759 ideo
1039 2695 1110 2776 post
1124 2693 1333 2758 uniuersalem

201 2797 525 2862 commemorationem
548 2795 689 2862 omniurn
719 2797 916 2880 pcccatorum
939 2798 1102 2881 omnisque
1122 2796 1371 2879 blasphemiae:

203 2902 391 2968 eminentius
413 2900 517 2967 uoluit
539 2902 709 2983 exprimere
732 2901 970 2984 blasphemiam,
994 2919 1073 2983 quas
1095 2901 1210 2966 dicitur
1223 2905 1335 2965 contra

201 3003 303 3071 filium
337 3003 488 3084 hominis,
523 3006 597 3087 quia
629 3004 725 3069 etiem
751 3005 778 3068 si
801 3003 856 3070 illo
879 3007 1007 3086 peccato
1040 3003 1160 3069 fuerint
1192 3002 1335 3068 homines

202 3108 397 3192 obligati-
419 3109 501 3192 quod
532 3109 786 3173 commemorauit
808 3107 864 3171 ubi
887 3108 949 3173 ait:
978 3109 1012 3174 si
1034 3124 1108 3171 non
1130 3107 1334 3172 uenissem

203 3214 419 3278 oblocutus
443 3212 499 3277 eis
517 3212 697 3295 fuissem,
720 3213 919 3296 peccatum
937 3230 1008 3276 non
1026 3209 1231 3294 haberent3
1252 3212 1333 3291 quod

305 3426 337 3478 18
354 3424 435 3478 Marc.
455 3425 480 3490 3,
498 3424 532 3477 28
637 3423 726 3479 2810.
746 3424 787 3488 15,
805 3424 840 3477 22

254 3621 375 3692 lhuius]
394 3636 480 3676 orno
577 3621 641 3691 quo]
661 3620 820 3688 quondamo
917 3620 1080 3688 3cuiusque
1098 3618 1216 3673 MPVo:
1244 3619 1333 3672 cuius·

201 3709 359 3775 cumqueT
460 3708 570 3763 addito
671 3706 949 3763 droconcbiliationis
972 3706 998 3760 V
1080 3705 1215 3773 bspiritu
1236 3705 1334 3759 PTV:

201 3794 229 3848 in
248 3796 380 3865 spirituo
466 3797 620 3851 'lremittie
636 3800 725 3850 autem
744 3798 844 3863 (tras.)
864 3797 890 3850 T
974 3796 1008 3848 10
1024 3795 1129 3864 proprie
1148 3792 1197 3848 Vo:
1226 3795 1336 3861 propria

203 3880 228 3934 T
311 3882 343 3936 14
360 3880 566 3938 remisibilisT
650 3882 683 3937 15
700 3881 765 3950 quia
782 3881 882 3935 MTV:
908 3895 961 3949 qua
978 3880 1020 3935 Po
1108 3879 1139 3933 17
1159 3878 1229 3947 apud
1248 3879 1335 3934 PTo:

201 3982 251 4022 om.
275 3966 341 4021 MV
442 3969 476 4021 18
501 3968 638 4024 alisrnT
733 3968 898 4036 euangelista
925 3965 988 4020 MV
1087 3965 1121 4020 ‘29
1139 3964 1260 4034 fuissem]
1279 3982 1334 4020 non

200 4051 347 4108 fuisseme
