2760 4814
368 737 536 808 Excerpts
554 755 589 793 ex
607 753 677 808 epp.
697 736 724 795 S.
741 737 928 807 Augustini
948 735 1044 793 cxvi.
1210 742 1275 810 413

134 929 390 996 studiosissimus
412 933 627 1011 nuncupatur:
650 929 696 993 its
711 947 746 993 ee
761 945 858 1008 mere,
880 946 941 1011 que
956 930 1112 1011 scripture
1132 931 1272 1015 loquitur

134 1037 171 1100 et
192 1051 286 1116 quem
309 1033 397 1098 uouit
419 1031 631 1098 emlesisetiee
652 1031 851 1111 cousuetudo,
881 1032 1022 1115 quisquis
1044 1034 1193 1100 uniuersa
1214 1053 1272 1101 sus

136 1138 216 1217 uite,
239 1154 336 1220 qusm
356 1136 391 1201 iu
404 1135 469 1202 ists
482 1136 573 1218 geret
587 1152 690 1216 essue,
712 1134 909 1219 qusutslibet
932 1136 1131 1221 longitudine
1145 1141 1273 1220 proteu·

136 1242 240 1319 dstur,
270 1255 483 1323 questumque
505 1240 604 1305 uerba
625 1241 676 1305 uel
698 1256 750 1306 ore
772 1241 824 1305 uel
846 1240 914 1306 sels
936 1241 1126 1325 uegitstieue
1148 1242 1272 1308 loeutus

111 1343 236 1408 siuerit
251 1342 341 1407 eorde
363 1341 582 1425 impaenitenti
598 1343 708 1408 eeutrs
728 1343 946 1408 remissionem
959 1349 1170 1425 peecatorum,
1193 1363 1273 1427 quse

134 1445 174 1510 fit
203 1448 237 1512 iu
259 1447 404 1528 ecelesia,
435 1449 566 1514 uerbum
595 1446 673 1513 dieit
702 1449 811 1514 eeutre
833 1447 980 1531 spiritum
1008 1452 1163 1514 sanetum.
1201 1447 1271 1514 idee

134 1555 245 1615 sutem
274 1567 336 1616 neu
364 1551 466 1616 solum
487 1550 629 1634 uerbum,
660 1549 744 1632 qued
772 1549 891 1616 dietum
920 1550 1016 1617 fuerit
1037 1555 1147 1617 eeutre
1168 1550 1271 1617 filium

134 1651 281 1732 heminis,
303 1653 358 1718 sed
381 1671 472 1719 eume
493 1671 620 1738 prorsus
642 1658 807 1736 peceatum
823 1654 855 1719 et
878 1651 1074 1736 blasphemie
1091 1654 1271 1720 remittetur

135 1755 334 1836 homiuibus3
358 1757 433 1840 quis
453 1757 510 1824 ubi
530 1758 590 1823 hee
610 1758 773 1840 peecatum
795 1775 858 1823 uon
878 1756 974 1823 suerit
989 1756 1092 1823 cordis
1114 1756 1270 1840 impaeni-

98 1862 232 1926 mteutis
262 1865 371 1927 eeutrs
399 1860 545 1944 spiritum
575 1860 732 1939 sanetum,
762 1878 823 1942 que
845 1861 879 1924 iu
901 1860 1031 1926 seelesis
1052 1865 1182 1942 peeeets
1203 1861 1268 1926 sel·

133 1967 264 2040 uuutur‚
280 1967 391 2030 eurem
404 1964 470 2028 alie
483 1964 699 2030 dimittuntur.
717 1966 868 2046 quomedo
884 1965 990 2030 eutem
1006 1963 1065 2029 hee
1078 1965 1269 2041 remittetur,

133 2069 216 2150 quod
238 2068 337 2132 etism
359 2068 573 2134 remissionem
594 2068 728 2151 impedit
749 2069 907 2135 eliorum?
936 2069 1041 2134 omniu
1062 2087 1135 2152 erge
1158 2069 1267 2134 dimit·

133 2171 247 2236 tuntur
268 2171 324 2254 eis,
347 2173 381 2237 iu
403 2171 518 2253 quibus
541 2171 599 2238 hee
620 2189 683 2237 neu
706 2176 753 2238 est
775 2172 858 2255 qued
879 2190 1051 2255 uumqusm
1074 2171 1268 2254 dimittitur3

133 2274 306 2358 inquibus
328 2278 377 2340 est
399 2279 516 2353 eutem,
547 2275 695 2359 quoniam
717 2274 779 2341 hee
799 2294 970 2359 uumqusm
999 2276 1180 2358 dimittitur,
1211 2294 1268 2341 uec

104 2379 197 2445 selis
229 2378 446 2462 dimittuntur,
480 2380 553 2461 quis
586 2379 728 2445 emnium
761 2378 902 2445 remissio
925 2379 1052 2445 uiueule
1080 2379 1173 2445 istius
1205 2379 1268 2444 im·

134 2484 270 2566 peditur.
308 2501 370 2548 neu
393 2500 467 2566 erge
489 2486 653 2565 prepterea
674 2483 861 2566 quicumque
875 2482 989 2548 dixerit
1006 2483 1137 2548 uerbum
1159 2483 1268 2548 eostre

136 2585 236 2654 ilium
251 2586 398 2665 hominis,
420 2587 600 2652 remittetur
615 2587 654 2665 ei,
678 2588 732 2668 qui
746 2587 852 2652 sutem
867 2584 980 2652 dixerit
995 2589 1105 2650 eeutrs
1119 2583 1266 2667 spiritum

135 2693 288 2769 mustum,
322 2709 386 2756 ueu
418 2690 606 2766 remittetur,
642 2692 714 2773 quis
745 2692 779 2755 iu
812 2690 956 2755 triuitste
989 2687 1088 2753 msier
1120 2692 1168 2752 est
1201 2688 1267 2753 filie

135 2795 263 2876 spiritus
297 2799 433 2873 saueius,
467 2793 550 2877 qued
580 2792 688 2859 nullus
717 2811 868 2877 umquem
897 2792 949 2858 uel
971 2789 1144 2858 haereticus
1166 2790 1265 2868 dixit;

111 2899 185 2963 seed
204 2896 356 2981 quonism
370 2897 501 2979 quisque
522 2896 678 2962 restiterit
692 2896 820 2963 ueriteti
837 2899 869 2961 et
892 2894 1159 2979 blesphemeuerit
1182 2894 1267 2961 ueri·

136 3002 241 3080 utem,
257 2999 342 3084 quod
357 3001 408 3066 est
416 2999 571 3080 Christus,
590 3001 686 3065 etism
701 3005 774 3081 post
788 3002 911 3065 tentam
926 3001 976 3064 sui
990 2999 1265 3082 praedicationem,

136 3108 170 3168 ut
196 3106 331 3170 uerbum
363 3104 445 3187 apud
478 3103 620 3169 homiues
650 3120 721 3169 esre
753 3102 842 3169 fieret
864 3106 895 3168 et
918 3102 1080 3169 habitaret
1108 3101 1265 3179 innubis,

134 3205 213 3288 qued
235 3207 287 3272 est
306 3205 393 3272 filius
415 3205 551 3271 hominis
574 3206 640 3288 ipse
661 3205 747 3271 idem
761 3204 914 3290 Christus,
935 3209 960 3272 si
977 3223 1037 3272 neu
1060 3206 1172 3272 dixerit
1194 3224 1265 3271 uer·

136 3306 206 3375 bum
240 3310 321 3376 illud
352 3311 451 3376 eordis
484 3309 718 3392 impaeniteutis
748 3313 859 3377 eeutre
887 3311 1035 3394 spiritum
1057 3310 1201 3374 sanetum
1225 3344 1266 3356 —

113 3410 171 3477 ete
190 3430 254 3496 que
276 3413 397 3479 dietum
419 3416 482 3478 est:
514 3414 580 3494 qui
601 3431 675 3479 nen
698 3414 866 3480 reustus
894 3413 1022 3478 fuerit
1042 3431 1085 3478 ex
1108 3430 1207 3495 eque
1228 3413 1266 3477 et

136 3516 300 3598 spiritu,
329 3519 363 3582 et
384 3515 422 3583 de
443 3534 503 3599 quo
525 3517 605 3583 item
634 3519 753 3583 dietum
775 3518 836 3582 est:
865 3517 1039 3598 aecipite
1068 3515 1264 3597 spiritum

137 3624 332 3704 sanetum
352 3620 400 3686 'si
425 3623 488 3687 eui
518 3621 761 3687 dimiseritis
784 3625 969 3704 peecare,
999 3618 1265 3684 dimittentur

136 3723 263 3790 illi-
286 3725 320 3792 id
341 3727 391 3791 est
410 3725 438 3791 si
460 3725 650 3807 paenituerit
672 3743 753 3805 euru,
780 3725 917 3808 eeeipiet
938 3742 992 3806 per
1016 3725 1131 3789 denum
1154 3723 1264 3788 remis·

235 3911 422 3975 sset.10.1‚
443 3914 477 3965 14
580 3911 749 3976 2510.3‚5
852 3910 886 3965 26
907 3911 946 3965 10.
964 3910 1006 3976 20,
1024 3910 1108 3980 22sq.
1215 3859 1235 3905 '

181 4086 283 4155 ique]
310 4085 379 4153 quod
402 4085 438 4138 M
540 4083 673 4152 scripture
696 4083 763 4137 PTu
787 4090 813 4148 (e
834 4085 865 4136 in
887 4100 943 4137 rae.
966 4101 984 4136 a
1007 4099 1042 4136 m.
1062 4084 1083 4136 2
1101 4083 1150 4146 Y):
1180 4081 1264 4136 serii»

135 4175 187 4225 tum
206 4170 276 4225 MV
366 4171 488 4240 2quem]
507 4185 610 4238 quaet
696 4171 848 4224 uniuersum
866 4185 942 4224 suem
961 4169 1081 4224 uitsmv
1174 4167 1264 4223 disto

135 4254 169 4308 Ρ·
272 4255 348 4324 gerit
365 4255 433 4310 Pro
535 4254 714 4325 quantalibet]
733 4258 836 4324 queuis
852 4253 968 4309 hebete
1072 4254 1106 4310 10
1127 4253 1190 4323 quo]
1212 4270 1263 4324 quq

134 4356 150 4394 s·
232 4341 482 4397 redimeretur
573 4342 606 4396 14
622 4341 758 4411 quonism]
777 4356 862 4396 ems
954 4340 1012 4410 hoe]
1025 4341 1076 4395 hoe
1088 4340 1195 4411 quode

134 4425 287 4483 dissittetur
313 4427 340 4481 T
440 4428 472 4482 11
500 4429 533 4497 ei]
561 4429 643 4482 etT
745 4427 777 4482 19
804 4427 896 4482 nullus
922 4426 1004 4482 Pus:
1036 4427 1107 4481 ullus
1134 4425 1197 4481 MV

134 4512 166 4566 w
180 4514 295 4584 quisque
310 4513 387 4567 MV:
413 4514 536 4584 quisquis
552 4514 618 4569 ΡΨ
640 4517 702 4587 quis
721 4515 776 4570 1²¹0
873 4513 1008 4568 resisterit
1023 4531 1041 4568 e
1137 4511 1173 4566 23
1192 4515 1264 4571 idem

135 4598 187 4665 ipss
205 4598 278 4655 sse
373 4597 409 4654 24
426 4597 504 4668 illud]
523 4613 573 4654 erre.
593 4602 620 4657 1·
714 4600 748 4656 st
767 4599 790 4654 si
808 4599 861 4669 eui]
880 4599 952 4654 sieut
970 4598 997 4652 T
1088 4597 1269 4660 dimittentur

135 4683 207 4738 m':
236 4684 417 4739 dimittuntur
438 4684 477 4738 Pu
578 4689 611 4748 28
628 4693 721 4751 illias
