2760 4814
269 334 433 403 lircerpta
451 349 486 387 ox
504 349 575 404 opp.
594 333 619 387 S.
638 333 829 404 Augustini
852 332 972 390 cccnt
1118 337 1181 402 977

55 526 232 592 innotescat
261 521 448 586 hominihus.
486 524 530 587 ita
553 540 625 607 ergo
648 527 721 588 sunt
744 524 796 588 isti
818 525 944 608 gradus,
967 525 1054 607 quasi
1076 544 1095 589 a
1116 543 1181 589 ser·

55 632 152 713 pente
174 628 332 709 suggestio
355 626 421 706 fiat,
444 626 476 690 id
500 631 544 690 est
568 627 688 692 lubrico
711 628 743 691 et
757 628 899 707 uolubili,
923 628 980 694 hoc
996 634 1042 695 est
1058 629 1180 711 tempo·

56 732 117 799 rali
140 747 302 810 corporum
324 734 420 811 motu,
449 730 523 812 quia
553 734 583 794 et
606 731 715 814 siqua
743 732 818 797 talia
846 733 1065 815 phantasmata
1095 734 1181 798 intus

57 840 224 902 uersentur
252 838 283 901 in
313 835 427 912 anima,
456 837 493 900 de
523 852 647 916 corpore
674 835 842 901 forinsecus
866 841 967 901 tracta
989 840 1071 911 sunt,
1118 840 1132 899 t
1155 836 1182 900 si

32 942 129 1024 aquis
151 939 289 1004 occultus
311 944 433 1021 praeter
456 939 532 1002 istos
555 939 689 1021 quinque
712 958 819 1004 sensus
842 944 946 1004 motus
962 939 1098 1023 corporis
1114 937 1182 1002 ani·

58 1062 144 1109 mam
174 1041 288 1124 tangit,
318 1046 365 1105 est
389 1040 483 1105 etiam
510 1040 574 1122 ipse
602 1042 783 1124 temporalis
811 1045 843 1107 et
870 1043 1017 1121 lubricus,
1048 1048 1079 1107 et
1113 1043 1180 1106 ideo

59 1153 177 1231 quanto
205 1146 357 1211 inlabitur
386 1145 548 1222 occultius,
579 1147 615 1208 ut
644 1145 863 1227 cogitationem
892 1147 1064 1229 contingat,
1092 1147 1181 1209 tanto

59 1250 297 1318 conuenientius
324 1248 460 1330 serpenti
483 1251 689 1330 comparatur.
728 1249 788 1313 tria
816 1268 890 1329 ergo
912 1250 996 1328 haec,
1019 1254 1053 1313 nt
1082 1248 1182 1312 dicere

59 1372 230 1438 coeperam,
254 1350 369 1416 similia
391 1355 466 1416 sunt
492 1350 539 1415 illi
562 1356 668 1432 gestae
690 1352 744 1421 rei,
775 1372 853 1435 quae
874 1353 906 1417 in
930 1353 1044 1421 Genesi
1067 1352 1183 1435 scripta

19 1461 117 1534 esest,
147 1458 184 1520 ut
212 1455 301 1538 quasi
323 1475 342 1519 a
363 1458 505 1536 serpente
533 1454 588 1519 fiat
611 1456 769 1539 suggestio
791 1462 821 1521 et
844 1457 993 1538 quaedam
1017 1459 1127 1535 suasio,
1150 1455 1183 1519 in

57 1562 200 1644 appetitu
223 1562 328 1623 autem
350 1556 468 1621 carnali
490 1558 651 1639 tamquam
673 1559 706 1622 in
727 1560 794 1623 Eua
816 1561 991 1639 delectatio,
1014 1560 1046 1624 in
1061 1559 1181 1624 ratione

58 1682 132 1729 nero
161 1667 323 1743 tamquam
351 1664 383 1726 in
412 1662 479 1726 uiro
508 1660 678 1729 consensio.
717 1663 827 1744 quihus
854 1664 988 1745 peractis
1022 1664 1182 1745 tamquam

58 1769 97 1833 de
126 1766 279 1851 paradiso,
310 1767 366 1830 hoc
395 1770 441 1830 est
471 1765 507 1829 de
530 1766 711 1831 beatissima
732 1767 800 1831 luce
823 1766 971 1846 iustitiae,
995 1769 1025 1831 in
1049 1768 1183 1830 mortem

57 1871 151 1936 homo
174 1869 347 1951 expellitur,
371 1867 542 1933 iustissime
557 1868 691 1934 omnino.
721 1871 880 1933 nonenim
897 1869 981 1953 cogit
996 1867 1048 1951 qui
1064 1868 1184 1946 suadet,

21 1998 49 2039 ss
58 1977 90 2037 et
119 1990 225 2037 omnes
253 1975 383 2037 naturae
405 1974 437 2037 in
460 1972 569 2036 ordine
592 1991 648 2036 suo
671 1973 817 2057 gradihus
840 1973 905 2036 suis
929 1973 1074 2054 pulchrae
1097 1975 1180 2046 sunt,

58 2079 112 2142 sed
135 2077 173 2141 de
195 2075 412 2157 superioribus,
436 2075 469 2139 in
493 2076 604 2158 quihus
628 2074 787 2141 rationalis
811 2075 931 2140 animus
948 2075 1108 2140 ordinatus
1124 2076 1181 2153 est,

57 2180 97 2245 ad
133 2177 278 2243 inferiora
308 2195 370 2242 non
393 2181 440 2243 est
468 2178 694 2244 declinandum.
729 2196 786 2243 nec
813 2179 978 2261 quisquam
1001 2178 1058 2243 hoc
1079 2177 1180 2242 lacere

57 2281 191 2367 cogitur,
214 2284 245 2346 et
267 2282 345 2357 ideo,
368 2282 394 2346 si
417 2281 534 2361 fecerit,
558 2282 626 2347 sine
648 2283 731 2348 iusta
752 2282 928 2348 defensione
951 2281 1090 2365 punitur.
1118 2298 1181 2344 non
1219 2306 1222 2313 ·

57 2386 143 2452 enim
176 2386 233 2450 hoo
266 2384 436 2451 committit
468 2386 595 2450 inuitus.
633 2404 741 2450 uerum
774 2390 880 2450 tamen
914 2384 1080 2450 delectatio
1110 2384 1182 2448 ante

22 2489 313 2561 „consuetudinem
343 2491 394 2553 nel
424 2488 513 2554 nulla
541 2493 588 2554 est
615 2489 666 2555 uel
692 2494 759 2554 tam
782 2489 896 2564 tenuis,
920 2490 956 2553 ut
977 2507 1072 2571 prope
1096 2487 1184 2552 nulla

58 2595 116 2659 sit:
136 2593 186 2657 cni
201 2594 375 2658 consentire
389 2611 539 2676 magnum
554 2597 717 2675 peccatum
734 2595 790 2673 est,
806 2612 877 2658 cum
893 2596 939 2657 ost
956 2591 1085 2657 inlicita.
1110 2609 1180 2656 cnm

58 2700 166 2761 antem
194 2695 324 2777 quisque
352 2695 550 2778 consenserit,
580 2695 749 2760 committit
778 2698 941 2778 peccatum
968 2695 1001 2760 in
1023 2694 1122 2760 corde.
1153 2694 1181 2759 si

58 2804 166 2864 autem
190 2798 285 2863 etiam
309 2797 342 2862 in
365 2798 484 2865 factum
506 2802 695 2881 processerit,
720 2800 845 2865 uidetur
867 2799 976 2864 satiari
998 2802 1029 2862 et
1046 2798 1184 2880 extingui

59 2901 236 2987 cupiditas3
252 2902 305 2967 sed
319 2905 436 2983 postea,
452 2920 523 2967 cum
539 2901 698 2987 suggestio
713 2903 874 2984 repetitur,
891 2902 991 2967 maior
1006 2900 1185 2967 accenditur

25 3003 236 3083 edelectatio,
261 3022 340 3086 qnae
362 3008 464 3070 tamen
488 3006 588 3071 adhuc
610 3006 711 3070 multo
733 3005 834 3070 minor
850 3009 897 3070 est
911 3023 1005 3087 quam
1027 3005 1084 3069 illa
1104 3022 1183 3086 quae

58 3106 195 3172 assiduis
226 3106 318 3173 iactis
353 3108 385 3174 in
416 3109 669 3174 consuetudinem
698 3109 804 3173 uertit.
846 3108 926 3172 hanc
955 3108 1038 3172 enim
1061 3106 1184 3172 uincere

57 3209 285 3276 difficillimum
309 3212 373 3296 est3
396 3214 556 3277 ettamen
580 3211 675 3277 etiam
699 3213 799 3294 ipsam
822 3209 1084 3290 consuetudinem,
1107 3210 1136 3273 si
1150 3226 1184 3273 se

58 3314 190 3395 quisque
219 3329 281 3377 non
305 3314 428 3379 deserat
456 3320 486 3379 et
517 3314 719 3380 christianam
742 3312 890 3380 militiam
912 3331 973 3378 non
995 3312 1185 3394 reformidet,

57 3417 114 3482 illo
138 3416 216 3481 duce
238 3420 331 3499 atque
354 3418 495 3483 adiutore
516 3417 686 3500 superabit,
709 3436 745 3482 ac
766 3417 811 3481 sic
833 3416 865 3481 in
888 3414 1056 3500 pristinam
1077 3432 1184 3496 pacem

28 3525 153 3604 satque
175 3519 314 3586 ordinem
339 3525 370 3585 et
392 3520 441 3585 uir
463 3520 586 3586 Christo
609 3525 640 3584 et
661 3521 773 3584 mulier
796 3519 864 3584 uiro
886 3518 1048 3584 subicitur.

160 3705 178 3760 9
195 3705 228 3761 cf.
247 3705 313 3761 Gen.
331 3706 356 3773 3,
376 3710 389 3761 1
493 3708 528 3762 30
546 3706 580 3761 cf.
598 3706 612 3760 1
630 3706 689 3762 Cor.
709 3707 750 3771 11,
768 3706 785 3761 3
871 3703 904 3759 cf.
923 3703 990 3774 Eplr.
1007 3705 1032 3768 5,
1051 3702 1085 3757 23

109 3874 297 3929 linnotesest
315 3875 349 3929 V:
377 3875 577 3931 innocentescat
595 3876 624 3930 P
713 3874 791 3929 91111
808 3874 843 3928 V:
874 3874 932 3930 illic
948 3876 977 3929 P
1064 3876 1098 3930 14
1114 3875 1187 3943 cogit

57 3970 99 4027 P:
125 3969 250 4039 eogetG
276 3970 394 4040 contigit
409 3969 436 4025 V
525 3970 558 4025 19
576 3968 724 4025 committit
739 3968 805 4023 01²:
832 3969 937 4023 omittit
953 3968 980 4022 V
1062 3968 1187 4038 221111-

58 4106 112 4159 qns
130 4089 171 4146 G:
200 4062 299 4160 quique
317 4090 344 4146 P
371 4091 494 4161 quisquis
516 4092 543 4146 V
641 4090 676 4144 23
699 4088 771 4143 laeto
795 4089 823 4144 P
924 4090 959 4146 25
982 4090 1070 4144 multa
1094 4090 1122 4145 P

55 4184 92 4241 26
118 4185 312 4240 consuetudins
337 4185 365 4240 P
467 4185 502 4241 28
528 4187 556 4241 ct
580 4184 658 4240 P¹V:
693 4186 725 4240 nt
750 4183 787 4238 Ρ1
890 4183 1018 4239 miliciam
1047 4184 1073 4240 G
1111 4183 1189 4238 mali·

55 4268 176 4338 1111110)
199 4270 227 4325 Ρ

109 4372 206 4429 vum
1050 4370 1089 4427 h‘l.
