2760 4814
221 561 284 627 858
699 553 865 623 Ε11111ἰί

220 743 375 811 iustitiam
404 760 458 824 per
484 759 516 805 ee
546 739 657 822 ipsam,
686 741 741 806 sed
774 739 951 823 unicuique·
975 736 1063 822 genti
1092 735 1349 802 cousuetudinem

219 865 308 914 enam
331 847 448 912 iustam
470 842 579 909 uideri.
616 860 696 925 qnae
718 862 789 909 eum
810 843 854 908 sii
876 842 998 907 diuersa
1020 837 1167 905 omnibus
1190 837 1348 922 gentibus,

219 950 329 1017 debeat
350 950 456 1014 autem
471 945 738 1012 incommutabilis
753 965 877 1011 manere
900 945 1031 1020 iustitia,
1054 942 1121 1008 fieri
1143 941 1347 1007 manifestum

218 1054 338 1119 nullam
353 1069 483 1136 usquam
501 1069 564 1115 esee
580 1050 744 1115 iustitiam.
768 1068 828 1114 non
843 1048 1075 1125 intelleremnt‚
1091 1065 1129 1110 ne
1144 1044 1252 1110 multa
1267 1063 1345 1110 com·

219 1174 398 1234 memorem,
432 1155 534 1236 quod
557 1151 635 1216 tibi
668 1150 765 1217 fieri
795 1168 867 1216 non
896 1148 974 1222 uis,
1005 1148 1078 1213 alii
1107 1166 1152 1211 ne
1184 1146 1370 1220 feceris..

217 1259 304 1324 nullo
326 1259 417 1323 modo
439 1275 526 1340 posse
549 1257 615 1322 ulla
637 1275 743 1322 eorum
765 1256 878 1339 gentili
900 1253 1083 1319 diuersitate
1105 1252 1236 1317 uariari.
1271 1269 1343 1335 qnae

217 1360 371 1427 sententia
393 1380 464 1426 cum
487 1358 621 1425 refertur
643 1360 683 1425 ad
705 1358 903 1424 dilectionem
920 1357 979 1434 dei,
995 1357 1100 1422 omnin
1113 1354 1238 1440 flagitia
1252 1356 1343 1422 mori·

216 1466 327 1547 untur,
362 1483 432 1529 oum
465 1464 504 1527 ad
536 1462 675 1545 proximi,
710 1463 817 1527 omnia
846 1457 994 1526 facinora
1038 1476 1127 1523 nemo
1160 1461 1247 1526 enim
1277 1459 1341 1525 uult

217 1567 371 1649 corrumpi
408 1567 624 1631 habitaculum
659 1585 765 1631 suum:
810 1584 870 1631 non
907 1584 979 1650 ergo
1016 1566 1108 1631 debet
1145 1581 1340 1647 corrumpere

215 1670 429 1736 habitaculum
452 1668 511 1746 dei,
542 1687 575 1733 se
601 1670 703 1752 ipsum
725 1668 854 1734 scilicet.
883 1669 916 1734 et
937 1686 1027 1733 nemo
1050 1667 1120 1731 uult
1142 1665 1206 1732 sibi
1227 1686 1247 1732 a
1270 1682 1366 1750 quo-o

215 1791 308 1855 qnam
332 1772 449 1837 noceri:
472 1789 530 1835 nec
551 1774 617 1853 ipee
639 1772 736 1855 igitur
759 1770 905 1854 cuiquam
927 1773 1074 1838 nocuerit.

258 1890 310 1957 Sic
339 1909 448 1957 euersa
476 1892 639 1974 tyrannide
668 1891 848 1971 cupiditatis
877 1893 993 1958 caritas
1018 1894 1131 1975 regnat
1161 1892 1337 1958 iustissimis

214 1994 337 2079 legibue
366 1994 541 2061 dilectionis
571 1993 621 2059 dei
651 1995 775 2077 propter
805 1994 906 2073 deum,
937 1996 986 2059 sui
1008 1996 1041 2059 et
1063 1994 1198 2076 proximi
1219 1998 1336 2079 proptor

214 2099 316 2163 deum.

661 2334 897 2420 CCLXVIIII.
1338 2380 1356 2421 n

212 2525 297 2571 ITEM
317 2525 364 2572 DE
386 2525 568 2573 FIGVEATIS
595 2525 847 2573 LOCVTIONIBVS
867 2525 938 2573 NON
958 2525 1184 2574 INTELLECTIS
1208 2523 1330 2574 TAIIDIV

214 2628 412 2692 VEBSANDIS,
442 2628 601 2687 Qvnmmv
624 2630 672 2675 ΑΙ)
694 2628 838 2676 REGNVM
860 2627 1038 2676 CARITATIS
1064 2624 1328 2677 INTEEPRETATIO

351 2729 588 2779 PERDVCATVR.
626 2732 709 2779 ITEM
730 2733 777 2778 EX
799 2732 919 2780 EODEM
941 2730 1065 2778 TERTIO
1087 2732 1205 2780 LIBEO.

138 2868 203 2936 294
256 2861 436 2930 Seruabitur
458 2885 530 2950 ergo
546 2868 579 2931 in
602 2868 811 2934 locutionibus
834 2868 974 2951 figuratis
998 2869 1106 2951 regula
1128 2869 1223 2935 huius
1243 2864 1325 2935 moli.

212 2967 247 3032 ut
270 2967 391 3032 tamdiu
413 2971 555 3035 nersetur
570 2971 713 3054 diligenti
729 2971 975 3037 consideratione
997 2974 1077 3055 quod
1099 2972 1229 3055 legitur,
1244 2972 1345 3036 donem

210 3071 250 3135 ad
279 3087 410 3153 regnum
440 3072 582 3138 caritatis
612 3075 827 3158 interpretatio
857 3076 1053 3157 perducatur,
1088 3074 1114 3139 si
1147 3080 1254 3141 autem
1273 3076 1322 3138 ian

211 3175 269 3239 hoc
290 3176 410 3256 proprie
433 3176 531 3254 sonat,
555 3176 643 3241 nulle
664 3180 792 3258 putetur
815 3177 947 3260 figurata
968 3178 1094 3242 locutio.

253 3274 286 3343 Si
315 3278 511 3361 praeceptiua
541 3279 655 3345 locutio
682 3281 730 3344 eet
751 3284 805 3346 ant
828 3280 983 3362 flagitium
1007 3285 1061 3345 aut
1084 3280 1207 3347 facium
1229 3284 1319 3346 neam

211 3384 265 3445 aut
295 3381 468 3446 utilitatem
490 3383 545 3447 aut
567 3382 815 3449 beneficientiam
836 3384 956 3462 iubens,
979 3403 1040 3449 non
1063 3389 1110 3449 est
1133 3386 1271 3468 figurata
1298 3376 1317 3442 si

211 3486 316 3549 autem
342 3483 497 3567 flagitium
528 3488 583 3549 aut
612 3485 732 3551 facinus
754 3486 882 3551 uidetur
902 3487 1009 3552 iubere
1031 3491 1086 3552 aut
1109 3488 1276 3554 utilitatem
1293 3479 1336 3544 olo

211 3586 459 3651 beneficIeutIam
485 3591 600 3666 uetare,
624 3586 759 3672 figurata
776 3591 831 3654 est.
866 3589 945 3654 nisi
973 3586 1312 3657 manutenueritis,

210 3690 322 3771 inquit,
347 3708 501 3755 earnem
524 3689 609 3755 filii
632 3691 798 3757 hominis
821 3692 858 3756 et
880 3692 1112 3776 sanguinem
1132 3687 1310 3762 biberitis.

310 3876 452 3944 511111,
472 3878 505 3932 15
524 3877 636 3945 (Matth.
655 3878 679 3943 7,
699 3878 743 3946 12)
847 3879 937 3933 2611.
955 3881 980 3945 6,
998 3880 1032 3934 53

258 4045 338 4113 lper
356 4045 389 4099 V:
416 4061 498 4113 proc
596 4047 689 4115 ipseo
790 4048 892 4118 2quae
909 4065 968 4103 oum
986 4050 1124 4106 eit—esse
1143 4052 1266 4107 iustitiam
1280 4035 1307 4093 θ’

206 4127 276 4184 PV:
302 4145 353 4184 om.
372 4129 427 4186 0¹0
511 4132 648 4187 dnnllam
662 4132 777 4188 G’P‘V:
804 4134 880 4189 nulle
898 4136 935 4189 P·
1021 4152 1134 4207 nsquam
1150 4137 1226 4194 0¹1⁷:
1250 4138 1306 4190 nmo:

206 4214 235 4269 P
351 4217 496 4286 iustitiam]
525 4218 637 4272 lustiam
663 4220 691 4273 P
815 4221 831 4274 6
857 4222 922 4291 nlla]
950 4223 1033 4277 ullam
1063 4222 1090 4278 V
1212 4224 1243 4279 15
1262 4224 1305 4277 old·

206 4297 409 4358 ccuxxmm
435 4301 464 4356 r>
495 4301 676 4361 ccuxxm
708 4307 751 4361 ce
868 4308 901 4361 re
926 4308 1030 4363 umuu
1059 4309 1154 4365 une:
1189 4288 1308 4365 amuel

206 4384 292 4441 tamdi
317 4387 356 4443 Ρι
459 4387 492 4442 18
515 4390 554 4457 (ct
571 4388 614 4453 21>
642 4393 809 4462 perducatur]
836 4394 998 4463 producetur
1024 4411 1040 4447 v
1142 4397 1177 4452 21
1202 4395 1249 4450 hoo
1267 4388 1307 4440 im

208 4470 277 4527 GPo
377 4471 456 4528 auct
480 4473 515 4528 V:
544 4475 612 4529 ado
641 4481 726 4532 anto
