2760 4814
1157 529 1247 578 xxm

112 695 173 778 (ote
188 699 280 774 239).
322 697 394 761 hic
410 696 510 778 liber,
534 697 566 761 in
582 695 656 762 folio
672 696 758 773 min,
781 697 1017 778 quaternionum
1034 696 1154 761 XXVII
1172 701 1247 770 ÷5

107 798 227 883 scliernrn,¹
254 818 426 882 qnorum
448 797 505 863 fel.
522 798 584 863 217
601 815 750 881 magnam
764 801 885 881 partem
902 798 1058 863 desectum
1075 805 1131 879 est,
1149 799 1244 868 VIHI

106 903 194 969 aecnlo
217 903 415 984 exaratus,
448 900 503 965 fol.
527 902 559 965 2¹
593 901 768 983 Epistulam
793 901 938 983 Eugippii
961 903 998 965 nd
1022 900 1167 983 Probum,
1191 903 1244 969 fel.

105 1007 222 1073 r-ln
256 1007 436 1071 indicem
473 1004 621 1087 capitum,
656 1006 678 1070 f.
709 1006 816 1070 10'-
830 1004 906 1068 224¹
941 1005 1093 1087 Excerpta
1125 1007 1246 1091 integra

105 1113 312 1196 conplectitur.
348 1109 595 1191 Exeerptcrurn
617 1108 745 1194 singula
767 1108 905 1192 capitula
927 1126 1025 1190 usque
1043 1107 1082 1172 ad
1098 1107 1151 1173 tol.
1168 1109 1245 1175 218*

104 1215 166 1296 plane
190 1216 313 1280 eodem
357 1211 483 1278 ordine
512 1215 604 1294 atque
633 1212 664 1276 in
693 1210 796 1276 indies
823 1210 957 1296 praefixo
980 1211 1065 1276 etin
1089 1213 1244 1279 codicibus

104 1318 272 1401 Snpliensi
310 1323 358 1382 et
397 1314 592 1380 Vercellensi
616 1335 647 1382 se
670 1316 834 1400 excipiunt.
867 1313 981 1379 ultima
1009 1313 1120 1377 indicis
1142 1315 1245 1398 capita

105 1430 165 1488 sunt:
186 1420 233 1487 Dc
259 1419 399 1503 maqis
422 1417 614 1500 pharaonis,
640 1416 688 1484 De
702 1417 803 1484 acrba.
827 1437 865 1482 ec
879 1416 959 1483 libro
974 1416 1011 1480 de
1025 1420 1146 1481 naara
1161 1417 1244 1496 beai,

107 1545 183 1624 Quam
208 1541 312 1623 filius
351 1539 398 1603 de
429 1539 469 1602 ia
496 1538 619 1603 bomine
648 1540 804 1621 apparuit
827 1539 858 1602 (2
880 1520 934 1619 εἷς
955 1539 993 1602 irc
1019 1538 1170 1622 columba
1193 1537 1243 1604 De

107 1646 253 1710 cumae
292 1644 462 1720 caritate,
496 1641 605 1708 &meo
637 1643 675 1707 rte
697 1642 791 1708 abac
824 1643 980 1707 caritatis.
1020 1642 1244 1724 Excerptorum

109 1769 161 1813 nero
172 1769 236 1832 cap.
254 1745 433 1813 cccnvl
450 1751 497 1809 est
511 1744 561 1809 De
577 1746 680 1829 mepte
689 1745 882 1827 pharaonis,
899 1744 1063 1811 cccuvrl
1079 1742 1130 1807 Dc
1144 1764 1241 1808 aeram

110 1871 172 1950 aa
191 1867 405 1936 eccnvrrr
438 1867 544 1947 aare
563 1865 652 1947 eries
678 1866 715 1931 a
741 1867 779 1930 a
806 1865 929 1929 aare
955 1864 1111 1946 apparea
1131 1845 1184 1944 epi
1206 1866 1242 1928 a

112 1974 240 2038 ababa.
284 1973 443 2052 seqnitur
472 1969 614 2051 deinceps
643 1969 802 2052 inscriptio
831 1969 944 2050 capitis
977 1966 1157 2033 occurrii
1192 1964 1242 2031 De

112 2076 270 2139 autema
287 2074 446 2155 caritate,
470 2074 539 2153 post
556 2090 650 2153 quarn
665 2072 794 2153 explicit
810 2071 862 2135 iol.
879 2071 964 2136 218'.
982 2071 1035 2135 iol.
1052 2071 1136 2149 219¹,
1152 2070 1241 2136 omres

113 2179 167 2258 ipsa
201 2182 374 2259 scriptura
408 2176 447 2238 ab
482 2175 736 2239 antecedentibus
773 2173 888 2257 differt,
926 2174 1036 2256 incipit
1070 2193 1088 2237 a
1121 2172 1241 2238 uerbis:

59 2326 67 2338 .
112 2285 146 2342 est
166 2279 255 2358 sacta
279 2277 455 2343 distinct-io
479 2285 547 2358 cet,
571 2280 651 2360 quod
674 2281 720 2342 est
736 2275 829 2340 huius
844 2277 988 2342 editionis
1005 2282 1098 2358 caput
1114 2274 1241 2341 CCCXL

115 2385 149 2465 (p.
172 2384 268 2458 1078,
296 2381 367 2458 22).
403 2385 551 2445 secuntur
584 2381 722 2445 numeris
752 2384 783 2444 et
811 2381 917 2445 ordine
945 2380 984 2446 ab
1014 2380 1115 2444 indiae
1144 2384 1175 2443 et
1200 2379 1239 2443 ab

113 2483 369 2550 antecedentibus
393 2482 549 2564 capitibus
572 2485 664 2566 plane
686 2483 817 2548 diuersis
834 2485 908 2547 baec
925 2484 1043 2565 capita:
1059 2480 1239 2549 CCCXXXI

116 2588 198 2668 Quod
227 2584 374 2668 etemple
397 2584 520 2649 domim
544 2585 725 2667 temporalis
748 2586 974 2650 neomaenia
995 2586 1037 2650 sit
1059 2585 1148 2649 salas
1171 2586 1239 2663 cet,

114 2687 311 2754 oecxxxn
329 2688 416 2770 Quid
427 2688 602 2753 amandam
614 2691 667 2768 sit,
681 2687 894 2754 CCCXXXIII
908 2687 959 2752 De
973 2708 1052 2752 uera
1066 2687 1239 2764 dilectione,

114 2791 347 2856 coemlrrr
371 2790 462 2872 Quod
483 2793 539 2872 qai
560 2790 695 2871 fratrem
717 2791 826 2874 diripit
842 2796 910 2867 cst,
933 2789 1128 2857 CCCXXXV
1153 2790 1240 2872 Quod

114 2914 148 2957 α
169 2916 206 2958 ea
237 2894 355 2975 forma,
388 2914 453 2975 qua
478 2893 625 2977 dilipe'tcr
653 2901 721 2970 cet„
756 2892 963 2958 CCCXXXVI
992 2891 1042 2958 De
1064 2898 1240 2958 maeatset

114 2997 192 3077 quod
227 3002 359 3060 amarer
391 3000 459 3066 cet..
493 3015 572 3078 qnae
606 3001 679 3062 sunt
713 2999 817 3079 capita
848 2995 994 3062 cccxnl
1011 2995 1240 3064 -CCCXLVI

115 3100 204 3164 buius
239 3100 396 3166 editionis.
442 3102 581 3184 seqnitur
618 3102 761 3182 deinceps
799 3101 901 3181 spatio
935 3101 1054 3182 aliquot
1092 3119 1239 3165 uersuum

117 3220 213 3267 necno
242 3203 352 3268 relicto
380 3204 536 3287 scriptura
563 3222 675 3286 parum
697 3209 843 3268 accurata
865 3207 897 3269 et
919 3204 957 3268 ab
982 3203 1236 3269 antecedentibus

117 3307 205 3386 plane
229 3306 386 3371 differenti
409 3309 523 3373 omisso
546 3306 654 3373 titulo:
678 3306 721 3370 lu
736 3306 901 3389 principia
915 3312 982 3372 erat
997 3305 1137 3384 uerbum,
1155 3307 1237 3387 quod

118 3415 160 3473 est
188 3409 317 3473 initium
346 3410 460 3492 capitis
486 3408 555 3476 366(
583 3409 634 3474 Dc
656 3409 757 3492 uerbo,
782 3413 814 3474 et
837 3411 937 3493 spatio
960 3412 1051 3474 unius
1075 3427 1183 3474 uersus
1205 3413 1236 3474 et

117 3514 209 3577 umis
232 3512 422 3578 intermisso:
458 3512 541 3596 Quia
564 3511 619 3577 aa
640 3513 729 3576 uenit
752 3519 821 3597 cet,
849 3513 928 3596 quod
952 3519 999 3577 est
1020 3513 1050 3575 h.
1075 3512 1121 3576 ed.
1146 3513 1238 3594 caput

118 3615 187 3680 367.
214 3621 282 3679 tum
298 3615 424 3681 demum
441 3617 494 3680 fol.
510 3616 588 3680 222*
610 3620 758 3681 secuntur
773 3617 911 3681 numeris
935 3615 1057 3681 omissis
1076 3616 1114 3680 ab
1130 3615 1237 3679 eadem

118 3736 222 3799 uranu,
250 3736 330 3801 qnae
357 3720 461 3803 capita
489 3717 669 3785 CCCXXXI
694 3737 760 3803 sqq.
784 3723 975 3803 erarauerat,
998 3719 1114 3801 scripta
1136 3717 1239 3800 capite

118 3818 165 3885 De
197 3821 372 3886 ndrienda
404 3823 538 3887 caritate
567 3827 598 3887 et
626 3822 748 3903 Iaccpc't
776 3842 875 3887 sermo
896 3823 934 3887 de
957 3821 1051 3886 laude
1072 3818 1236 3884 caritatis:

118 3942 193 4005 qnae
214 3923 316 4006 cupita
337 3925 472 4008 exceptis
501 3925 567 3991 illis
595 3925 722 4001 dnobus,
751 3943 829 4008 quae
853 3926 916 3990 alia
939 3943 1047 3990 manus
1071 3923 1102 3986 in
1126 3922 1237 3988 ultimo

119 4027 189 4090 tolio
211 4026 285 4090 222
307 4044 403 4091 uacuo
425 4027 589 4108 adiecerat,
616 4028 722 4093 eodem
745 4028 851 4093 ordine
873 4032 966 4109 atque
990 4027 1022 4090 in
1039 4025 1107 4090 MV
1122 4024 1237 4090 codici·

120 4131 173 4193 bus
194 4147 228 4193 se
250 4130 416 4211 excipiunt.
451 4148 529 4211 qnae
551 4130 624 4195 solia
647 4150 698 4196 sex
722 4130 930 4213 (219-224)
957 4147 1017 4193 non
1040 4127 1078 4192 ad
1101 4129 1238 4194 codicem

120 4231 411 4311 Sangermauensem
448 4234 607 4315 pertinere,
643 4235 698 4301 sod
733 4253 770 4298 ex
803 4234 865 4298 alio
898 4233 976 4297 libro
1010 4235 1133 4297 reuulsa
1165 4230 1238 4295 huia

120 4342 225 4397 arente
245 4350 311 4398 esse
332 4334 508 4399 accuratius
530 4337 757 4418 inquirentibus
783 4336 984 4401 manifestum
1007 4342 1064 4399 eet
1104 4352 1176 4398 narn
1199 4351 1238 4397 ne

120 4435 225 4499 folium
254 4437 378 4518 quidem
405 4435 551 4500 ultimum
579 4442 648 4513 libri
671 4437 963 4524 sangermanensis,
987 4437 1088 4520 qualis
1111 4456 1129 4502 a
1151 4436 1237 4517 prin·
