2760 4814
169 334 336 405 Exoerpta
353 349 390 390 ex
407 348 478 405 opp.
496 333 523 390 S.
540 336 620 408 lug.
641 333 845 393 cccmus
862 334 1086 393 cosmum„
1112 337 1198 404 1015

61 526 109 594 de
137 524 397 609 corruptione
418 526 547 592 uitam
569 525 677 591 tuam
698 562 741 573 —
764 543 804 591 an
827 525 923 593 etiem
944 543 1008 591 non
1028 530 1199 612 propagata

62 649 100 699 eo
128 629 206 713 ipso,
236 627 318 711 quod
339 628 425 695 cerni
452 628 576 712 pseusti
603 629 806 714 eggrananda
827 629 989 708 mimator,
1012 628 1076 697 iam
1097 630 1198 717 ipsius

61 731 186 819 pseusti
212 730 396 798 remissione
428 735 460 797 et
488 750 545 799 sne
573 732 768 798 redemtione
797 750 873 816 opus
901 732 1029 816 habeat,
1057 734 1114 800 deo
1143 754 1199 819 per

61 853 222 905 summam
242 835 484 920 praeseientiam
503 835 674 918 iudicante,
691 837 744 921 qui
759 837 961 920 paruulorum
976 837 1015 904 ab
1031 837 1092 903 isto
1107 843 1199 907 reatu

35 958 127 1007 snon
148 942 330 1006 mersantur
352 939 484 1018 absolui,
513 940 611 1006 etism
634 938 688 1025 qui
710 940 850 1006 nondum
870 941 938 1007 nati
967 941 1048 1007 nihil
1079 941 1198 1008 alieubi

62 1044 189 1129 propria
211 1062 268 1110 sus
288 1043 358 1110 nita
376 1048 507 1128 egerunt
528 1044 581 1109 nol
602 1043 679 1111 boni
700 1046 752 1111 uel
773 1044 860 1125 mali,
884 1047 916 1110 et
937 1043 1088 1129 quomodo
1111 1045 1198 1125 deus,

62 1147 163 1215 etiam
191 1149 218 1213 si
245 1166 307 1212 non
335 1151 374 1215 de
402 1148 529 1215 treduoe
552 1148 673 1215 animas
696 1153 789 1227 aar.
811 1168 873 1215 non
895 1149 937 1214 sit
959 1150 1066 1215 temen
1090 1152 1200 1216 auctor

62 1250 170 1317 reatus
198 1252 349 1331 eiusdem,
372 1254 499 1337 propter
521 1271 616 1338 quem
638 1253 790 1319 redemtio
812 1252 1000 1318 snoramenti
1022 1252 1200 1319 necessarie

63 1354 116 1420 est
128 1354 252 1420 animae
265 1354 400 1438 paruuli,
416 1374 533 1443 magna
555 1356 696 1439 quaestio
712 1358 761 1422 est
775 1356 931 1440 aliumque
954 1355 1197 1441 disputationem

24 1461 229 1542 indesidem,
246 1479 281 1527 eo
297 1465 412 1542 tamen,
429 1467 581 1547 quantum
593 1465 737 1546 arbitror,
753 1464 963 1531 moderamine
977 1462 1197 1545 temperatam,
1226 1459 1229 1466 ’

64 1568 102 1630 nt
129 1565 232 1650 magis
261 1564 426 1647 inquisitio
448 1568 541 1633 caute
568 1566 723 1644 laudetur,
745 1585 839 1650 qnam
863 1566 1072 1651 praeeipitata
1094 1585 1199 1650 repro-

63 1668 218 1735 hendatur
251 1669 390 1736 assertio.
430 1670 485 1752 nbi
521 1671 606 1735 enim
633 1669 671 1735 de
705 1689 739 1734 re
767 1669 991 1736 obscurissima
1019 1670 1199 1753 disputatur

64 1789 128 1839 non
165 1773 390 1840 adiuuantibus
432 1774 611 1840 diuinarum
651 1775 875 1840 auctoritatum
913 1773 1009 1839 sertis
1043 1775 1198 1858 olerisque

64 1875 281 1956 documentis,
322 1874 463 1942 cohibere
504 1896 537 1942 se
575 1877 670 1943 debet
703 1875 839 1942 humana
872 1878 1085 1959 praesumtio,
1118 1877 1200 1942 nihil

31 1977 182 2046 emmens
215 1982 248 2045 in
282 1979 402 2062 partem
435 1979 568 2045 alterum
601 1979 797 2045 declinando.
837 1978 898 2044 etsi
925 1979 1010 2044 enim
1037 1980 1198 2064 quodlibet

64 2082 186 2162 horum,
210 2084 471 2166 quemadmodum
489 2082 699 2148 demonstrari
714 2084 746 2147 et
760 2080 907 2165 explicari
920 2083 1030 2167 possit,
1045 2084 1198 2167 ignorem,

63 2184 146 2251 illud
179 2188 286 2252 tamen
319 2187 419 2264 oredo,
455 2188 536 2269 quod
571 2185 667 2251 etiam
695 2185 770 2251 hino
798 2185 976 2252 diuinorum
1003 2187 1199 2271 eloquiorum

65 2288 242 2356 olnrissime
264 2288 435 2356 auotoritas
459 2293 551 2368 esset,
574 2290 603 2355 si
624 2289 716 2354 homo
738 2288 771 2354 id
793 2288 860 2355 sins
882 2288 1043 2374 dispendio
1065 2292 1198 2373 promis·

63 2410 116 2459 sae
139 2392 252 2459 salutis
275 2394 419 2477 ignorare
440 2410 501 2459 non
524 2392 638 2476 posset.

27 2741 55 2786 e
487 2698 777 2784 CCCXXXVIII.

61 2889 159 2953 QVAE
192 2888 268 2938 SINT
301 2888 457 2940 Pacem
488 2890 701 2940 nonnosum.
746 2892 794 2939 EX
822 2892 926 2940 LIBRO
955 2891 1200 2953 ovansnlonvu

462 2994 557 3043 LIBRI
579 2993 805 3044 NVMERORVM.

107 3129 198 3212 Quod
230 3131 431 3215 praeeipitur,
465 3134 618 3216 quomodo
652 3133 816 3215 expientur
848 3134 985 3217 ponente,
1018 3152 1098 3216 quae
1130 3132 1268 3200 nonil'ld

62 3233 180 3317 sponte
201 3234 451 3319 oommittuntur,
474 3236 587 3301 merito
605 3235 774 3319 quaeritur,
798 3253 877 3319 quae
891 3234 957 3301 sint
978 3237 1047 3320 ipse
1068 3240 1199 3320 peoeata

18 3336 252 3417 eenolentinm,
274 3338 382 3404 utrum
404 3356 483 3421 queo
505 3357 524 3404 e
546 3338 757 3404 neseisntibus
779 3339 1029 3419 committuntur,
1045 3359 1086 3406 en
1101 3339 1143 3404 st‘

59 3440 168 3525 possit
189 3444 272 3507 reeta
294 3442 357 3508 diei
379 3444 543 3525 peceatum
566 3461 632 3507 esso
654 3443 799 3523 nolentis,
831 3443 913 3525 quod
935 3444 1037 3508 faeere
1059 3443 1198 3526 oompel·

58 3544 160 3627 litur3
189 3564 263 3611 nam
291 3546 323 3611 et
345 3544 404 3610 hoe
433 3548 542 3611 eontra
570 3546 768 3612 uoluntatem
796 3544 897 3612 iecere
925 3545 989 3611 diei
1015 3545 1105 3612 solet.
1143 3547 1199 3611 ssd

60 3646 175 3731 utique
197 3648 269 3713 nult
290 3653 417 3732 propter
439 3651 520 3731 quod
543 3648 631 3715 feeit·
667 3651 830 3733 tamquam
852 3649 880 3715 si
903 3649 1040 3733 peierare
1062 3649 1142 3717 nolit
1166 3652 1199 3715 et

169 3871 203 3924 21
222 3870 255 3926 oi.
272 3869 354 3924 Num.
375 3870 416 3937 15,
435 3870 469 3924 24
477 3886 535 3941 sqq.

121 4061 185 4162 deo
208 4091 238 4131 eo
260 4076 320 4146 ipso
344 4078 427 4147 (corr.
443 4094 479 4132 m.
497 4080 527 4147 2)
550 4080 576 4134 V
675 4077 913 4133 eumdumius
937 4093 969 4135 e:
999 4095 1054 4134 non
1077 4080 1198 4136 demnati

65 4180 95 4237 V
206 4182 241 4236 10
267 4181 491 4251 temperatumqi)
523 4181 549 4238 V
654 4182 690 4235 20
714 4197 775 4252 cop.
794 4180 1006 4239 cccxxxvm
1033 4185 1072 4241 M
1077 4185 1110 4240 V:
1146 4200 1198 4240 om.

62 4280 125 4340 GP
225 4282 260 4337 26
277 4284 364 4352 possit
381 4301 412 4338 u:
441 4287 530 4354 posset
552 4284 581 4341 V

1041 4390 1095 4447 ee·
