<?xml version="1.0" encoding="UTF-8"?>
<!DOCTYPE html PUBLIC "-//W3C//DTD XHTML 1.0 Transitional//EN"
    "http://www.w3.org/TR/xhtml1/DTD/xhtml1-transitional.dtd">
<html xmlns="http://www.w3.org/1999/xhtml" xml:lang="en" lang="en">
 <head>
  <title>
</title>
<meta http-equiv="Content-Type" content="text/html;charset=utf-8" />
  <meta name='ocr-system' content='tesseract 3.04.00' />
  <meta name='ocr-capabilities' content='ocr_page ocr_carea ocr_par ocr_line ocrx_word'/>
</head>
<body>
  <div class='ocr_page' id='page_1' title='image "./evgippiiexcerpt00kngoog/evgippiiexcerpt00kngoog_0747.png"; bbox 0 0 2760 4814; ppageno 0'>
   <div class='ocr_carea' id='block_1_1' title="bbox 202 335 850 406">
    <p class='ocr_par' dir='ltr' id='par_1_1' title="bbox 202 335 850 406">
     <span class='ocr_line' id='line_1_1' title="bbox 202 335 850 406; baseline -0.002 0"><span class='ocrx_word' id='word_1_1' title='bbox 202 338 264 406; x_wconf 77' lang='lat'><strong>724</strong></span> <span class='ocrx_word' id='word_1_2' title='bbox 683 335 850 405; x_wconf 75' lang='lat' dir='ltr'><strong>Eusienii</strong></span> 
     </span>
    </p>
   </div>
   <div class='ocr_carea' id='block_1_2' title="bbox 201 525 1365 3399">
    <p class='ocr_par' dir='ltr' id='par_1_2' title="bbox 201 525 1360 1420">
     <span class='ocr_line' id='line_1_2' title="bbox 201 525 1331 613; baseline -0.002 -20"><span class='ocrx_word' id='word_1_3' title='bbox 201 529 302 613; x_wconf 85' lang='lat' dir='ltr'><strong>priis</strong></span> <span class='ocrx_word' id='word_1_4' title='bbox 325 525 506 593; x_wconf 82' lang='lat' dir='ltr'><strong>ostendit</strong></span> <span class='ocrx_word' id='word_1_5' title='bbox 529 525 667 590; x_wconf 81' lang='lat' dir='ltr'><strong>boatus</strong></span> <span class='ocrx_word' id='word_1_6' title='bbox 686 530 723 590; x_wconf 92' lang='lat' dir='ltr'><strong>ct</strong></span> <span class='ocrx_word' id='word_1_7' title='bbox 741 525 846 591; x_wconf 89' lang='lat' dir='ltr'><strong>solus</strong></span> <span class='ocrx_word' id='word_1_8' title='bbox 868 528 1023 608; x_wconf 91' lang='lat' dir='ltr'><strong>potens,</strong></span> <span class='ocrx_word' id='word_1_9' title='bbox 1046 544 1111 591; x_wconf 83' lang='lat' dir='ltr'><strong>rer</strong></span> <span class='ocrx_word' id='word_1_10' title='bbox 1132 545 1274 611; x_wconf 84' lang='lat' dir='ltr'><strong>regum</strong></span> <span class='ocrx_word' id='word_1_11' title='bbox 1295 530 1331 593; x_wconf 89' lang='lat' dir='ltr'><strong>et</strong></span> 
     </span>
     <span class='ocr_line' id='line_1_3' title="bbox 202 628 1331 710; baseline -0.003 -13"><span class='ocrx_word' id='word_1_12' title='bbox 202 632 380 697; x_wconf 89' lang='lat' dir='ltr'><strong>dominns</strong></span> <span class='ocrx_word' id='word_1_13' title='bbox 405 628 710 707; x_wconf 79' lang='lat' dir='ltr'><strong>dominantium,</strong></span> <span class='ocrx_word' id='word_1_14' title='bbox 735 628 803 710; x_wconf 90' lang='lat' dir='ltr'><strong>qui</strong></span> <span class='ocrx_word' id='word_1_15' title='bbox 826 629 935 694; x_wconf 92' lang='lat' dir='ltr'><strong>solus</strong></span> <span class='ocrx_word' id='word_1_16' title='bbox 956 628 1074 695; x_wconf 75' lang='lat' dir='ltr'><strong>hebet</strong></span> <span class='ocrx_word' id='word_1_17' title='bbox 1095 629 1331 695; x_wconf 77' lang='lat' dir='ltr'><strong>immortali·</strong></span> 
     </span>
     <span class='ocr_line' id='line_1_4' title="bbox 201 730 1331 815; baseline -0.001 -15"><span class='ocrx_word' id='word_1_18' title='bbox 201 736 322 800; x_wconf 80' lang='lat' dir='ltr'><strong>tatem</strong></span> <span class='ocrx_word' id='word_1_19' title='bbox 345 734 383 799; x_wconf 90' lang='lat' dir='ltr'><strong>ct</strong></span> <span class='ocrx_word' id='word_1_20' title='bbox 404 733 529 798; x_wconf 90' lang='lat' dir='ltr'><strong>lucem</strong></span> <span class='ocrx_word' id='word_1_21' title='bbox 551 730 710 797; x_wconf 76' lang='lat' dir='ltr'><strong>habitet</strong></span> <span class='ocrx_word' id='word_1_22' title='bbox 731 731 1064 810; x_wconf 76' lang='lat' dir='ltr'><strong>inaccessibilem,</strong></span> <span class='ocrx_word' id='word_1_23' title='bbox 1087 750 1200 815; x_wconf 85' lang='lat' dir='ltr'><strong>quem</strong></span> <span class='ocrx_word' id='word_1_24' title='bbox 1220 752 1331 800; x_wconf 89' lang='lat' dir='ltr'><strong>nemo</strong></span> 
     </span>
     <span class='ocr_line' id='line_1_5' title="bbox 201 834 1330 917; baseline 0 -15"><span class='ocrx_word' id='word_1_25' title='bbox 201 837 402 903; x_wconf 89' lang='lat' dir='ltr'><strong>hominum</strong></span> <span class='ocrx_word' id='word_1_26' title='bbox 425 835 534 901; x_wconf 88' lang='lat' dir='ltr'><strong>uidit</strong></span> <span class='ocrx_word' id='word_1_27' title='bbox 555 852 624 900; x_wconf 89' lang='lat' dir='ltr'><strong>nec</strong></span> <span class='ocrx_word' id='word_1_28' title='bbox 646 834 785 900; x_wconf 85' lang='lat' dir='ltr'><strong>uidere</strong></span> <span class='ocrx_word' id='word_1_29' title='bbox 806 838 956 917; x_wconf 79' lang='lat' dir='ltr'><strong>potest3</strong></span> <span class='ocrx_word' id='word_1_30' title='bbox 980 834 1043 900; x_wconf 88' lang='lat' dir='ltr'><strong>cui</strong></span> <span class='ocrx_word' id='word_1_31' title='bbox 1066 838 1124 900; x_wconf 86' lang='lat' dir='ltr'><strong>ost</strong></span> <span class='ocrx_word' id='word_1_32' title='bbox 1147 836 1271 902; x_wconf 90' lang='lat' dir='ltr'><strong>honor</strong></span> <span class='ocrx_word' id='word_1_33' title='bbox 1294 840 1330 902; x_wconf 88' lang='lat' dir='ltr'><strong>et</strong></span> 
     </span>
     <span class='ocr_line' id='line_1_6' title="bbox 201 937 1360 1026; baseline -0.005 -20"><span class='ocrx_word' id='word_1_34' title='bbox 201 942 332 1026; x_wconf 79' lang='lat' dir='ltr'><strong>glorio</strong></span> <span class='ocrx_word' id='word_1_35' title='bbox 358 943 398 1006; x_wconf 92' lang='lat' dir='ltr'><strong>in</strong></span> <span class='ocrx_word' id='word_1_36' title='bbox 427 938 585 1005; x_wconf 79' lang='lat' dir='ltr'><strong>saeculo</strong></span> <span class='ocrx_word' id='word_1_37' title='bbox 615 937 878 1004; x_wconf 82' lang='lat' dir='ltr'><strong>sacculorum.</strong></span> <span class='ocrx_word' id='word_1_38' title='bbox 915 940 948 1003; x_wconf 90' lang='lat' dir='ltr'><strong>in</strong></span> <span class='ocrx_word' id='word_1_39' title='bbox 983 939 1095 1020; x_wconf 82' lang='lat' dir='ltr'><strong>quitus</strong></span> <span class='ocrx_word' id='word_1_40' title='bbox 1132 938 1242 1005; x_wconf 88' lang='lat' dir='ltr'><strong>uerbis</strong></span> <span class='ocrx_word' id='word_1_41' title='bbox 1273 957 1360 1006; x_wconf 81' lang='lat' dir='ltr'><strong>nccr</strong></span> 
     </span>
     <span class='ocr_line' id='line_1_7' title="bbox 201 1039 1329 1129; baseline 0 -20"><span class='ocrx_word' id='word_1_42' title='bbox 201 1048 289 1129; x_wconf 83' lang='lat' dir='ltr'><strong>pater</strong></span> <span class='ocrx_word' id='word_1_43' title='bbox 322 1043 445 1127; x_wconf 86' lang='lat' dir='ltr'><strong>proprie</strong></span> <span class='ocrx_word' id='word_1_44' title='bbox 478 1041 657 1107; x_wconf 84' lang='lat' dir='ltr'><strong>nominatus</strong></span> <span class='ocrx_word' id='word_1_45' title='bbox 688 1043 737 1106; x_wconf 87' lang='lat' dir='ltr'><strong>est</strong></span> <span class='ocrx_word' id='word_1_46' title='bbox 766 1060 823 1106; x_wconf 89' lang='lat' dir='ltr'><strong>nco</strong></span> <span class='ocrx_word' id='word_1_47' title='bbox 845 1039 928 1106; x_wconf 86' lang='lat' dir='ltr'><strong>filius</strong></span> <span class='ocrx_word' id='word_1_48' title='bbox 958 1059 1015 1107; x_wconf 90' lang='lat' dir='ltr'><strong>nec</strong></span> <span class='ocrx_word' id='word_1_49' title='bbox 1037 1040 1167 1124; x_wconf 88' lang='lat' dir='ltr'><strong>spiritns</strong></span> <span class='ocrx_word' id='word_1_50' title='bbox 1190 1046 1329 1127; x_wconf 73' lang='lat' dir='ltr'><strong>sanctos,</strong></span> 
     </span>
     <span class='ocr_line' id='line_1_8' title="bbox 202 1145 1331 1227; baseline -0.004 -13"><span class='ocrx_word' id='word_1_51' title='bbox 202 1148 256 1213; x_wconf 89' lang='lat' dir='ltr'><strong>sed</strong></span> <span class='ocrx_word' id='word_1_52' title='bbox 288 1149 426 1213; x_wconf 81' lang='lat' dir='ltr'><strong>boetus</strong></span> <span class='ocrx_word' id='word_1_53' title='bbox 457 1147 493 1211; x_wconf 91' lang='lat' dir='ltr'><strong>ct</strong></span> <span class='ocrx_word' id='word_1_54' title='bbox 523 1145 632 1210; x_wconf 88' lang='lat' dir='ltr'><strong>solus</strong></span> <span class='ocrx_word' id='word_1_55' title='bbox 655 1148 812 1227; x_wconf 87' lang='lat' dir='ltr'><strong>potens,</strong></span> <span class='ocrx_word' id='word_1_56' title='bbox 842 1162 906 1208; x_wconf 88' lang='lat' dir='ltr'><strong>rer</strong></span> <span class='ocrx_word' id='word_1_57' title='bbox 928 1163 1062 1227; x_wconf 86' lang='lat' dir='ltr'><strong>regum</strong></span> <span class='ocrx_word' id='word_1_58' title='bbox 1085 1146 1124 1210; x_wconf 88' lang='lat' dir='ltr'><strong>et</strong></span> <span class='ocrx_word' id='word_1_59' title='bbox 1146 1146 1331 1211; x_wconf 89' lang='lat' dir='ltr'><strong>dominns</strong></span> 
     </span>
     <span class='ocr_line' id='line_1_9' title="bbox 203 1246 1331 1333; baseline 0 -18"><span class='ocrx_word' id='word_1_60' title='bbox 203 1249 505 1329; x_wconf 80' lang='lat' dir='ltr'><strong>dominantium,</strong></span> <span class='ocrx_word' id='word_1_61' title='bbox 537 1246 619 1331; x_wconf 90' lang='lat' dir='ltr'><strong>quod</strong></span> <span class='ocrx_word' id='word_1_62' title='bbox 642 1247 689 1313; x_wconf 82' lang='lat' dir='ltr'><strong>est</strong></span> <span class='ocrx_word' id='word_1_63' title='bbox 712 1265 793 1313; x_wconf 90' lang='lat' dir='ltr'><strong>unus</strong></span> <span class='ocrx_word' id='word_1_64' title='bbox 816 1249 849 1313; x_wconf 88' lang='lat' dir='ltr'><strong>ct</strong></span> <span class='ocrx_word' id='word_1_65' title='bbox 871 1248 956 1313; x_wconf 89' lang='lat' dir='ltr'><strong>solus</strong></span> <span class='ocrx_word' id='word_1_66' title='bbox 980 1249 1011 1312; x_wconf 88' lang='lat' dir='ltr'><strong>et</strong></span> <span class='ocrx_word' id='word_1_67' title='bbox 1032 1266 1127 1313; x_wconf 90' lang='lat' dir='ltr'><strong>nerns</strong></span> <span class='ocrx_word' id='word_1_68' title='bbox 1148 1247 1239 1333; x_wconf 84' lang='lat' dir='ltr'><strong>dens,</strong></span> <span class='ocrx_word' id='word_1_69' title='bbox 1264 1251 1331 1333; x_wconf 78' lang='lat' dir='ltr'><strong>ipse</strong></span> 
     </span>
     <span class='ocr_line' id='line_1_10' title="bbox 203 1353 341 1420; baseline 0.014 -2"><span class='ocrx_word' id='word_1_70' title='bbox 203 1353 341 1420; x_wconf 78' lang='lat' dir='ltr'><strong>trinitas.</strong></span> 
     </span>
    </p>

    <p class='ocr_par' dir='ltr' id='par_1_3' title="bbox 202 1453 1365 3399">
     <span class='ocr_line' id='line_1_11' title="bbox 245 1453 1362 1538; baseline -0.002 -19"><span class='ocrx_word' id='word_1_71' title='bbox 245 1454 316 1521; x_wconf 89' lang='lat' dir='ltr'><strong>Nisi</strong></span> <span class='ocrx_word' id='word_1_72' title='bbox 349 1455 430 1522; x_wconf 87' lang='lat' dir='ltr'><strong>forto</strong></span> <span class='ocrx_word' id='word_1_73' title='bbox 463 1474 542 1538; x_wconf 84' lang='lat' dir='ltr'><strong>quse</strong></span> <span class='ocrx_word' id='word_1_74' title='bbox 574 1455 722 1519; x_wconf 87' lang='lat' dir='ltr'><strong>secuntur</strong></span> <span class='ocrx_word' id='word_1_75' title='bbox 752 1453 983 1520; x_wconf 79' lang='lat' dir='ltr'><strong>conturbabunt</strong></span> <span class='ocrx_word' id='word_1_76' title='bbox 1016 1453 1099 1519; x_wconf 89' lang='lat' dir='ltr'><strong>hunc</strong></span> <span class='ocrx_word' id='word_1_77' title='bbox 1121 1453 1330 1538; x_wconf 88' lang='lat' dir='ltr'><strong>intellectum,</strong></span> <span class='ocrx_word' id='word_1_78' title='bbox 1339 1476 1362 1517; x_wconf 82' lang='lat' dir='ltr'><strong>o</strong></span> 
     </span>
     <span class='ocr_line' id='line_1_12' title="bbox 204 1556 1332 1640; baseline 0.002 -18"><span class='ocrx_word' id='word_1_79' title='bbox 204 1559 276 1640; x_wconf 82' lang='lat' dir='ltr'><strong>quie</strong></span> <span class='ocrx_word' id='word_1_80' title='bbox 311 1557 407 1623; x_wconf 84' lang='lat' dir='ltr'><strong>dixit:</strong></span> <span class='ocrx_word' id='word_1_81' title='bbox 442 1576 552 1640; x_wconf 89' lang='lat' dir='ltr'><strong>quem</strong></span> <span class='ocrx_word' id='word_1_82' title='bbox 585 1575 698 1622; x_wconf 90' lang='lat' dir='ltr'><strong>nemo</strong></span> <span class='ocrx_word' id='word_1_83' title='bbox 730 1557 928 1623; x_wconf 91' lang='lat' dir='ltr'><strong>hominum</strong></span> <span class='ocrx_word' id='word_1_84' title='bbox 961 1556 1070 1621; x_wconf 90' lang='lat' dir='ltr'><strong>uidit</strong></span> <span class='ocrx_word' id='word_1_85' title='bbox 1098 1574 1168 1622; x_wconf 88' lang='lat' dir='ltr'><strong>noc</strong></span> <span class='ocrx_word' id='word_1_86' title='bbox 1190 1558 1332 1624; x_wconf 81' lang='lat' dir='ltr'><strong>uidere</strong></span> 
     </span>
     <span class='ocr_line' id='line_1_13' title="bbox 202 1660 1331 1745; baseline 0.003 -20"><span class='ocrx_word' id='word_1_87' title='bbox 202 1661 351 1745; x_wconf 84' lang='lat' dir='ltr'><strong>potest,</strong></span> <span class='ocrx_word' id='word_1_88' title='bbox 389 1679 459 1726; x_wconf 89' lang='lat' dir='ltr'><strong>oum</strong></span> <span class='ocrx_word' id='word_1_89' title='bbox 492 1661 551 1725; x_wconf 90' lang='lat' dir='ltr'><strong>hoc</strong></span> <span class='ocrx_word' id='word_1_90' title='bbox 584 1661 678 1725; x_wconf 83' lang='lat' dir='ltr'><strong>etiem</strong></span> <span class='ocrx_word' id='word_1_91' title='bbox 714 1661 752 1725; x_wconf 87' lang='lat' dir='ltr'><strong>ad</strong></span> <span class='ocrx_word' id='word_1_92' title='bbox 774 1660 936 1727; x_wconf 79' lang='lat' dir='ltr'><strong>Christum</strong></span> <span class='ocrx_word' id='word_1_93' title='bbox 969 1660 1123 1742; x_wconf 85' lang='lat' dir='ltr'><strong>pertinere</strong></span> <span class='ocrx_word' id='word_1_94' title='bbox 1156 1662 1331 1728; x_wconf 87' lang='lat' dir='ltr'><strong>secundnm</strong></span> 
     </span>
     <span class='ocr_line' id='line_1_14' title="bbox 204 1761 1333 1848; baseline 0.004 -20"><span class='ocrx_word' id='word_1_95' title='bbox 204 1762 270 1828; x_wconf 90' lang='lat' dir='ltr'><strong>eius</strong></span> <span class='ocrx_word' id='word_1_96' title='bbox 300 1761 501 1829; x_wconf 85' lang='lat' dir='ltr'><strong>diuinitatem</strong></span> <span class='ocrx_word' id='word_1_97' title='bbox 531 1764 710 1847; x_wconf 82' lang='lat' dir='ltr'><strong>accipiatur,</strong></span> <span class='ocrx_word' id='word_1_98' title='bbox 741 1782 835 1846; x_wconf 86' lang='lat' dir='ltr'><strong>quem</strong></span> <span class='ocrx_word' id='word_1_99' title='bbox 866 1781 928 1829; x_wconf 95' lang='lat' dir='ltr'><strong>non</strong></span> <span class='ocrx_word' id='word_1_100' title='bbox 957 1764 1104 1828; x_wconf 87' lang='lat' dir='ltr'><strong>uiderunt</strong></span> <span class='ocrx_word' id='word_1_101' title='bbox 1134 1763 1255 1844; x_wconf 81' lang='lat' dir='ltr'><strong>Iudaei,</strong></span> <span class='ocrx_word' id='word_1_102' title='bbox 1279 1765 1333 1848; x_wconf 88' lang='lat' dir='ltr'><strong>qni</strong></span> 
     </span>
     <span class='ocr_line' id='line_1_15' title="bbox 203 1867 1332 1935; baseline 0.003 -3"><span class='ocrx_word' id='word_1_103' title='bbox 203 1870 309 1932; x_wconf 82' lang='lat' dir='ltr'><strong>tamen</strong></span> <span class='ocrx_word' id='word_1_104' title='bbox 331 1884 454 1932; x_wconf 82' lang='lat' dir='ltr'><strong>carnem</strong></span> <span class='ocrx_word' id='word_1_105' title='bbox 477 1867 625 1932; x_wconf 87' lang='lat' dir='ltr'><strong>uiderunt</strong></span> <span class='ocrx_word' id='word_1_106' title='bbox 648 1870 679 1932; x_wconf 91' lang='lat' dir='ltr'><strong>et</strong></span> <span class='ocrx_word' id='word_1_107' title='bbox 702 1868 928 1933; x_wconf 71' lang='lat' dir='ltr'><strong>crucifixerunt,</strong></span> <span class='ocrx_word' id='word_1_108' title='bbox 960 1867 1060 1931; x_wconf 90' lang='lat' dir='ltr'><strong>uideri</strong></span> <span class='ocrx_word' id='word_1_109' title='bbox 1082 1870 1189 1933; x_wconf 80' lang='lat' dir='ltr'><strong>autem</strong></span> <span class='ocrx_word' id='word_1_110' title='bbox 1213 1868 1332 1935; x_wconf 86' lang='lat' dir='ltr'><strong>diuini·</strong></span> 
     </span>
     <span class='ocr_line' id='line_1_16' title="bbox 203 1970 1363 2055; baseline -0.003 -20"><span class='ocrx_word' id='word_1_111' title='bbox 203 1970 253 2035; x_wconf 80' lang='lat' dir='ltr'><strong>tos</strong></span> <span class='ocrx_word' id='word_1_112' title='bbox 275 1970 410 2035; x_wconf 82' lang='lat' dir='ltr'><strong>hnmano</strong></span> <span class='ocrx_word' id='word_1_113' title='bbox 433 1971 504 2035; x_wconf 90' lang='lat' dir='ltr'><strong>uisu</strong></span> <span class='ocrx_word' id='word_1_114' title='bbox 526 1971 613 2036; x_wconf 91' lang='lat' dir='ltr'><strong>nullo</strong></span> <span class='ocrx_word' id='word_1_115' title='bbox 635 1970 726 2035; x_wconf 88' lang='lat' dir='ltr'><strong>modo</strong></span> <span class='ocrx_word' id='word_1_116' title='bbox 748 1971 860 2055; x_wconf 86' lang='lat' dir='ltr'><strong>potest,</strong></span> <span class='ocrx_word' id='word_1_117' title='bbox 884 1971 938 2035; x_wconf 86' lang='lat' dir='ltr'><strong>sed</strong></span> <span class='ocrx_word' id='word_1_118' title='bbox 961 1988 995 2035; x_wconf 91' lang='lat' dir='ltr'><strong>eo</strong></span> <span class='ocrx_word' id='word_1_119' title='bbox 1018 1972 1088 2035; x_wconf 87' lang='lat' dir='ltr'><strong>nisu</strong></span> <span class='ocrx_word' id='word_1_120' title='bbox 1110 1970 1248 2052; x_wconf 86' lang='lat' dir='ltr'><strong>uidetur,</strong></span> <span class='ocrx_word' id='word_1_121' title='bbox 1273 1989 1363 2055; x_wconf 78' lang='lat' dir='ltr'><strong>quon</strong></span> 
     </span>
     <span class='ocr_line' id='line_1_17' title="bbox 204 2072 1331 2156; baseline 0.004 -19"><span class='ocrx_word' id='word_1_122' title='bbox 204 2073 266 2137; x_wconf 81' lang='lat' dir='ltr'><strong>iem</strong></span> <span class='ocrx_word' id='word_1_123' title='bbox 291 2075 344 2156; x_wconf 89' lang='lat' dir='ltr'><strong>qui</strong></span> <span class='ocrx_word' id='word_1_124' title='bbox 366 2073 485 2153; x_wconf 86' lang='lat' dir='ltr'><strong>uident,</strong></span> <span class='ocrx_word' id='word_1_125' title='bbox 507 2092 568 2138; x_wconf 94' lang='lat' dir='ltr'><strong>non</strong></span> <span class='ocrx_word' id='word_1_126' title='bbox 591 2073 744 2148; x_wconf 87' lang='lat' dir='ltr'><strong>homines,</strong></span> <span class='ocrx_word' id='word_1_127' title='bbox 775 2073 828 2137; x_wconf 88' lang='lat' dir='ltr'><strong>scd</strong></span> <span class='ocrx_word' id='word_1_128' title='bbox 855 2073 938 2138; x_wconf 80' lang='lat' dir='ltr'><strong>ultra</strong></span> <span class='ocrx_word' id='word_1_129' title='bbox 960 2072 1100 2138; x_wconf 88' lang='lat' dir='ltr'><strong>homines</strong></span> <span class='ocrx_word' id='word_1_130' title='bbox 1122 2079 1209 2140; x_wconf 87' lang='lat' dir='ltr'><strong>sunt.</strong></span> <span class='ocrx_word' id='word_1_131' title='bbox 1249 2078 1331 2142; x_wconf 80' lang='lat' dir='ltr'><strong>recto</strong></span> 
     </span>
     <span class='ocr_line' id='line_1_18' title="bbox 204 2174 1332 2260; baseline 0.003 -18"><span class='ocrx_word' id='word_1_132' title='bbox 204 2193 275 2260; x_wconf 83' lang='lat' dir='ltr'><strong>ergo</strong></span> <span class='ocrx_word' id='word_1_133' title='bbox 291 2179 356 2260; x_wconf 89' lang='lat' dir='ltr'><strong>ipsc</strong></span> <span class='ocrx_word' id='word_1_134' title='bbox 372 2177 447 2243; x_wconf 86' lang='lat' dir='ltr'><strong>deus</strong></span> <span class='ocrx_word' id='word_1_135' title='bbox 463 2177 589 2243; x_wconf 81' lang='lat' dir='ltr'><strong>trinitas</strong></span> <span class='ocrx_word' id='word_1_136' title='bbox 611 2177 807 2260; x_wconf 84' lang='lat' dir='ltr'><strong>intellegitur</strong></span> <span class='ocrx_word' id='word_1_137' title='bbox 829 2174 970 2242; x_wconf 84' lang='lat' dir='ltr'><strong>boatus</strong></span> <span class='ocrx_word' id='word_1_138' title='bbox 992 2179 1029 2240; x_wconf 92' lang='lat' dir='ltr'><strong>et</strong></span> <span class='ocrx_word' id='word_1_139' title='bbox 1051 2177 1158 2242; x_wconf 85' lang='lat' dir='ltr'><strong>solus</strong></span> <span class='ocrx_word' id='word_1_140' title='bbox 1181 2179 1332 2259; x_wconf 85' lang='lat' dir='ltr'><strong>potens,</strong></span> 
     </span>
     <span class='ocr_line' id='line_1_19' title="bbox 205 2278 1331 2347; baseline 0.003 -3"><span class='ocrx_word' id='word_1_141' title='bbox 205 2282 369 2347; x_wconf 88' lang='lat' dir='ltr'><strong>ostendens</strong></span> <span class='ocrx_word' id='word_1_142' title='bbox 391 2281 606 2346; x_wconf 81' lang='lat' dir='ltr'><strong>aduentum</strong></span> <span class='ocrx_word' id='word_1_143' title='bbox 629 2279 779 2345; x_wconf 89' lang='lat' dir='ltr'><strong>domini</strong></span> <span class='ocrx_word' id='word_1_144' title='bbox 802 2281 930 2345; x_wconf 89' lang='lat' dir='ltr'><strong>nostri</strong></span> <span class='ocrx_word' id='word_1_145' title='bbox 952 2281 1041 2345; x_wconf 88' lang='lat' dir='ltr'><strong>Iesu</strong></span> <span class='ocrx_word' id='word_1_146' title='bbox 1064 2278 1218 2347; x_wconf 78' lang='lat' dir='ltr'><strong>Christi</strong></span> <span class='ocrx_word' id='word_1_147' title='bbox 1240 2286 1331 2347; x_wconf 86' lang='lat' dir='ltr'><strong>tem·</strong></span> 
     </span>
     <span class='ocr_line' id='line_1_20' title="bbox 204 2381 1332 2468; baseline 0.003 -21"><span class='ocrx_word' id='word_1_148' title='bbox 204 2381 367 2466; x_wconf 88' lang='lat' dir='ltr'><strong>poribus</strong></span> <span class='ocrx_word' id='word_1_149' title='bbox 402 2386 587 2468; x_wconf 86' lang='lat' dir='ltr'><strong>propriis.</strong></span> <span class='ocrx_word' id='word_1_150' title='bbox 628 2385 673 2449; x_wconf 88' lang='lat' dir='ltr'><strong>sic</strong></span> <span class='ocrx_word' id='word_1_151' title='bbox 706 2385 790 2450; x_wconf 88' lang='lat' dir='ltr'><strong>enim</strong></span> <span class='ocrx_word' id='word_1_152' title='bbox 824 2383 944 2449; x_wconf 85' lang='lat' dir='ltr'><strong>dictum</strong></span> <span class='ocrx_word' id='word_1_153' title='bbox 977 2384 1040 2449; x_wconf 89' lang='lat' dir='ltr'><strong>est:</strong></span> <span class='ocrx_word' id='word_1_154' title='bbox 1076 2384 1186 2449; x_wconf 87' lang='lat' dir='ltr'><strong>solus</strong></span> <span class='ocrx_word' id='word_1_155' title='bbox 1214 2384 1332 2452; x_wconf 78' lang='lat' dir='ltr'><strong>hebet</strong></span> 
     </span>
     <span class='ocr_line' id='line_1_21' title="bbox 204 2485 1365 2571; baseline 0.002 -22"><span class='ocrx_word' id='word_1_156' title='bbox 204 2485 565 2571; x_wconf 78' lang='lat' dir='ltr'><strong>immortalitatem,</strong></span> <span class='ocrx_word' id='word_1_157' title='bbox 595 2487 748 2570; x_wconf 90' lang='lat' dir='ltr'><strong>quomodo</strong></span> <span class='ocrx_word' id='word_1_158' title='bbox 777 2486 898 2552; x_wconf 86' lang='lat' dir='ltr'><strong>dictum</strong></span> <span class='ocrx_word' id='word_1_159' title='bbox 924 2487 988 2553; x_wconf 87' lang='lat' dir='ltr'><strong>est:</strong></span> <span class='ocrx_word' id='word_1_160' title='bbox 1012 2491 1076 2569; x_wconf 87' lang='lat' dir='ltr'><strong>qui</strong></span> <span class='ocrx_word' id='word_1_161' title='bbox 1098 2486 1197 2553; x_wconf 81' lang='lat' dir='ltr'><strong>facit</strong></span> <span class='ocrx_word' id='word_1_162' title='bbox 1220 2489 1365 2554; x_wconf 80' lang='lat' dir='ltr'><strong>mira-ro</strong></span> 
     </span>
     <span class='ocr_line' id='line_1_22' title="bbox 204 2587 1332 2673; baseline 0.003 -20"><span class='ocrx_word' id='word_1_163' title='bbox 204 2587 306 2654; x_wconf 85' lang='lat' dir='ltr'><strong>bilia</strong></span> <span class='ocrx_word' id='word_1_164' title='bbox 329 2589 445 2654; x_wconf 90' lang='lat' dir='ltr'><strong>solus.</strong></span> <span class='ocrx_word' id='word_1_165' title='bbox 477 2590 558 2672; x_wconf 91' lang='lat' dir='ltr'><strong>qnod</strong></span> <span class='ocrx_word' id='word_1_166' title='bbox 580 2590 678 2655; x_wconf 91' lang='lat' dir='ltr'><strong>uelim</strong></span> <span class='ocrx_word' id='word_1_167' title='bbox 699 2589 788 2673; x_wconf 90' lang='lat' dir='ltr'><strong>scire,</strong></span> <span class='ocrx_word' id='word_1_168' title='bbox 812 2591 850 2655; x_wconf 88' lang='lat' dir='ltr'><strong>dc</strong></span> <span class='ocrx_word' id='word_1_169' title='bbox 872 2607 932 2672; x_wconf 89' lang='lat' dir='ltr'><strong>qno</strong></span> <span class='ocrx_word' id='word_1_170' title='bbox 955 2589 1075 2655; x_wconf 88' lang='lat' dir='ltr'><strong>dictum</strong></span> <span class='ocrx_word' id='word_1_171' title='bbox 1097 2589 1278 2672; x_wconf 79' lang='lat' dir='ltr'><strong>accipiunt;</strong></span> <span class='ocrx_word' id='word_1_172' title='bbox 1306 2593 1332 2656; x_wconf 88' lang='lat' dir='ltr'><strong>si</strong></span> 
     </span>
     <span class='ocr_line' id='line_1_23' title="bbox 205 2693 1331 2777; baseline 0.004 -21"><span class='ocrx_word' id='word_1_173' title='bbox 205 2693 242 2757; x_wconf 78' lang='lat' dir='ltr'><strong>cle</strong></span> <span class='ocrx_word' id='word_1_174' title='bbox 272 2693 360 2774; x_wconf 83' lang='lat' dir='ltr'><strong>patre</strong></span> <span class='ocrx_word' id='word_1_175' title='bbox 393 2695 525 2772; x_wconf 82' lang='lat' dir='ltr'><strong>tantum,</strong></span> <span class='ocrx_word' id='word_1_176' title='bbox 558 2693 710 2777; x_wconf 88' lang='lat' dir='ltr'><strong>quomodo</strong></span> <span class='ocrx_word' id='word_1_177' title='bbox 740 2710 812 2777; x_wconf 83' lang='lat' dir='ltr'><strong>ergo</strong></span> <span class='ocrx_word' id='word_1_178' title='bbox 842 2713 951 2759; x_wconf 89' lang='lat' dir='ltr'><strong>uerum</strong></span> <span class='ocrx_word' id='word_1_179' title='bbox 981 2694 1133 2776; x_wconf 87' lang='lat' dir='ltr'><strong>estquod</strong></span> <span class='ocrx_word' id='word_1_180' title='bbox 1158 2694 1331 2775; x_wconf 88' lang='lat' dir='ltr'><strong>ipsefilins</strong></span> 
     </span>
     <span class='ocr_line' id='line_1_24' title="bbox 206 2794 1333 2880; baseline 0.004 -21"><span class='ocrx_word' id='word_1_181' title='bbox 206 2794 298 2860; x_wconf 83' lang='lat' dir='ltr'><strong>dicit:</strong></span> <span class='ocrx_word' id='word_1_182' title='bbox 321 2814 586 2880; x_wconf 85' lang='lat' dir='ltr'><strong>quaecumque</strong></span> <span class='ocrx_word' id='word_1_183' title='bbox 610 2797 710 2862; x_wconf 91' lang='lat' dir='ltr'><strong>enim</strong></span> <span class='ocrx_word' id='word_1_184' title='bbox 733 2803 848 2880; x_wconf 84' lang='lat' dir='ltr'><strong>poter</strong></span> <span class='ocrx_word' id='word_1_185' title='bbox 870 2798 991 2878; x_wconf 80' lang='lat' dir='ltr'><strong>facit,</strong></span> <span class='ocrx_word' id='word_1_186' title='bbox 1021 2797 1115 2862; x_wconf 82' lang='lat' dir='ltr'><strong>hoec</strong></span> <span class='ocrx_word' id='word_1_187' title='bbox 1138 2799 1274 2865; x_wconf 84' lang='lat' dir='ltr'><strong>ecdem</strong></span> <span class='ocrx_word' id='word_1_188' title='bbox 1297 2802 1333 2865; x_wconf 88' lang='lat' dir='ltr'><strong>et</strong></span> 
     </span>
     <span class='ocr_line' id='line_1_25' title="bbox 206 2897 1333 2984; baseline 0.003 -21"><span class='ocrx_word' id='word_1_189' title='bbox 206 2899 320 2964; x_wconf 83' lang='lat' dir='ltr'><strong>lilius</strong></span> <span class='ocrx_word' id='word_1_190' title='bbox 349 2897 452 2966; x_wconf 84' lang='lat' dir='ltr'><strong>facit</strong></span> <span class='ocrx_word' id='word_1_191' title='bbox 480 2899 697 2966; x_wconf 78' lang='lat' dir='ltr'><strong>similiter?</strong></span> <span class='ocrx_word' id='word_1_192' title='bbox 732 2918 771 2966; x_wconf 82' lang='lat' dir='ltr'><strong>en</strong></span> <span class='ocrx_word' id='word_1_193' title='bbox 799 2900 966 2984; x_wconf 84' lang='lat' dir='ltr'><strong>quicquam</strong></span> <span class='ocrx_word' id='word_1_194' title='bbox 988 2901 1036 2967; x_wconf 88' lang='lat' dir='ltr'><strong>est</strong></span> <span class='ocrx_word' id='word_1_195' title='bbox 1065 2902 1148 2966; x_wconf 91' lang='lat' dir='ltr'><strong>inter</strong></span> <span class='ocrx_word' id='word_1_196' title='bbox 1170 2901 1333 2968; x_wconf 76' lang='lat' dir='ltr'><strong>mirabills</strong></span> 
     </span>
     <span class='ocr_line' id='line_1_26' title="bbox 205 3002 1365 3086; baseline -0.003 -19"><span class='ocrx_word' id='word_1_197' title='bbox 205 3002 381 3069; x_wconf 72' lang='lat' dir='ltr'><strong>mirabilius</strong></span> <span class='ocrx_word' id='word_1_198' title='bbox 405 3022 498 3086; x_wconf 82' lang='lat' dir='ltr'><strong>quem</strong></span> <span class='ocrx_word' id='word_1_199' title='bbox 513 3002 699 3069; x_wconf 77' lang='lat' dir='ltr'><strong>resuscitare</strong></span> <span class='ocrx_word' id='word_1_200' title='bbox 715 3006 748 3069; x_wconf 93' lang='lat' dir='ltr'><strong>ct</strong></span> <span class='ocrx_word' id='word_1_201' title='bbox 770 3003 930 3070; x_wconf 80' lang='lat' dir='ltr'><strong>uiuificnre</strong></span> <span class='ocrx_word' id='word_1_202' title='bbox 945 3007 1108 3071; x_wconf 77' lang='lat' dir='ltr'><strong>mortuos?</strong></span> <span class='ocrx_word' id='word_1_203' title='bbox 1130 3003 1211 3070; x_wconf 83' lang='lat' dir='ltr'><strong>dicit</strong></span> <span class='ocrx_word' id='word_1_204' title='bbox 1226 3009 1365 3072; x_wconf 69' lang='lat' dir='ltr'><strong>autemst</strong></span> 
     </span>
     <span class='ocr_line' id='line_1_27' title="bbox 206 3105 1333 3189; baseline 0.003 -18"><span class='ocrx_word' id='word_1_205' title='bbox 206 3106 289 3171; x_wconf 83' lang='lat' dir='ltr'><strong>idem</strong></span> <span class='ocrx_word' id='word_1_206' title='bbox 304 3105 404 3173; x_wconf 88' lang='lat' dir='ltr'><strong>filins:</strong></span> <span class='ocrx_word' id='word_1_207' title='bbox 423 3106 527 3172; x_wconf 86' lang='lat' dir='ltr'><strong>sicut</strong></span> <span class='ocrx_word' id='word_1_208' title='bbox 545 3108 659 3189; x_wconf 84' lang='lat' dir='ltr'><strong>pater</strong></span> <span class='ocrx_word' id='word_1_209' title='bbox 679 3107 854 3173; x_wconf 81' lang='lat' dir='ltr'><strong>suscitat</strong></span> <span class='ocrx_word' id='word_1_210' title='bbox 872 3109 1045 3173; x_wconf 87' lang='lat' dir='ltr'><strong>mortuos</strong></span> <span class='ocrx_word' id='word_1_211' title='bbox 1068 3109 1105 3173; x_wconf 91' lang='lat' dir='ltr'><strong>ct</strong></span> <span class='ocrx_word' id='word_1_212' title='bbox 1126 3106 1333 3188; x_wconf 77' lang='lat' dir='ltr'><strong>sinificet,</strong></span> 
     </span>
     <span class='ocr_line' id='line_1_28' title="bbox 206 3207 1334 3294; baseline 0.005 -22"><span class='ocrx_word' id='word_1_213' title='bbox 206 3209 265 3273; x_wconf 88' lang='lat' dir='ltr'><strong>sic</strong></span> <span class='ocrx_word' id='word_1_214' title='bbox 287 3209 326 3273; x_wconf 92' lang='lat' dir='ltr'><strong>et</strong></span> <span class='ocrx_word' id='word_1_215' title='bbox 355 3207 476 3275; x_wconf 85' lang='lat' dir='ltr'><strong>filins</strong></span> <span class='ocrx_word' id='word_1_216' title='bbox 502 3227 597 3292; x_wconf 86' lang='lat' dir='ltr'><strong>quos</strong></span> <span class='ocrx_word' id='word_1_217' title='bbox 620 3209 709 3276; x_wconf 86' lang='lat' dir='ltr'><strong>nult</strong></span> <span class='ocrx_word' id='word_1_218' title='bbox 730 3210 934 3277; x_wconf 83' lang='lat' dir='ltr'><strong>uiuificet.</strong></span> <span class='ocrx_word' id='word_1_219' title='bbox 976 3212 1127 3294; x_wconf 88' lang='lat' dir='ltr'><strong>quomodo</strong></span> <span class='ocrx_word' id='word_1_220' title='bbox 1151 3229 1224 3294; x_wconf 82' lang='lat' dir='ltr'><strong>crgo</strong></span> <span class='ocrx_word' id='word_1_221' title='bbox 1247 3211 1334 3278; x_wconf 84' lang='lat' dir='ltr'><strong>solus</strong></span> 
     </span>
     <span class='ocr_line' id='line_1_29' title="bbox 206 3311 1335 3399; baseline 0.006 -24"><span class='ocrx_word' id='word_1_222' title='bbox 206 3311 293 3393; x_wconf 72' lang='lat' dir='ltr'><strong>peter</strong></span> <span class='ocrx_word' id='word_1_223' title='bbox 315 3312 392 3378; x_wconf 86' lang='lat' dir='ltr'><strong>iacit</strong></span> <span class='ocrx_word' id='word_1_224' title='bbox 414 3312 577 3393; x_wconf 81' lang='lat' dir='ltr'><strong>mirabilis,</strong></span> <span class='ocrx_word' id='word_1_225' title='bbox 601 3332 671 3379; x_wconf 91' lang='lat' dir='ltr'><strong>cnm</strong></span> <span class='ocrx_word' id='word_1_226' title='bbox 693 3313 769 3379; x_wconf 79' lang='lat' dir='ltr'><strong>haec</strong></span> <span class='ocrx_word' id='word_1_227' title='bbox 791 3314 886 3380; x_wconf 86' lang='lat' dir='ltr'><strong>uerba</strong></span> <span class='ocrx_word' id='word_1_228' title='bbox 908 3333 964 3381; x_wconf 91' lang='lat' dir='ltr'><strong>nec</strong></span> <span class='ocrx_word' id='word_1_229' title='bbox 984 3315 1104 3399; x_wconf 82' lang='lat' dir='ltr'><strong>petrem</strong></span> <span class='ocrx_word' id='word_1_230' title='bbox 1127 3314 1255 3381; x_wconf 83' lang='lat' dir='ltr'><strong>tentum</strong></span> <span class='ocrx_word' id='word_1_231' title='bbox 1278 3334 1335 3382; x_wconf 91' lang='lat' dir='ltr'><strong>nec</strong></span> 
     </span>
    </p>
   </div>
   <div class='ocr_carea' id='block_1_3' title="bbox 308 3496 1091 3567">
    <p class='ocr_par' dir='ltr' id='par_1_4' title="bbox 308 3496 1091 3567">
     <span class='ocr_line' id='line_1_30' title="bbox 308 3496 1091 3567; baseline 0.001 -16"><span class='ocrx_word' id='word_1_232' title='bbox 308 3496 404 3551; x_wconf 70' lang='lat' dir='ltr'><strong>none.</strong></span> <span class='ocrx_word' id='word_1_233' title='bbox 424 3497 465 3567; x_wconf 85' lang='grc'><strong>71,</strong></span> <span class='ocrx_word' id='word_1_234' title='bbox 485 3498 517 3552; x_wconf 89' lang='grc'><strong>18</strong></span> <span class='ocrx_word' id='word_1_235' title='bbox 620 3498 752 3562; x_wconf 75' lang='lat' dir='ltr'><strong>231c5,</strong></span> <span class='ocrx_word' id='word_1_236' title='bbox 772 3500 804 3553; x_wconf 84' lang='grc'><strong>19</strong></span> <span class='ocrx_word' id='word_1_237' title='bbox 905 3500 940 3553; x_wconf 79' lang='lat'><strong>26</strong></span> <span class='ocrx_word' id='word_1_238' title='bbox 957 3499 996 3554; x_wconf 90' lang='lat' dir='ltr'><strong>Io.</strong></span> <span class='ocrx_word' id='word_1_239' title='bbox 1015 3499 1040 3566; x_wconf 86' lang='lat'><strong>5,</strong></span> <span class='ocrx_word' id='word_1_240' title='bbox 1057 3498 1091 3553; x_wconf 76' lang='lat'><strong>21</strong></span> 
     </span>
    </p>
   </div>
   <div class='ocr_carea' id='block_1_4' title="bbox 204 3666 1340 4338">
    <p class='ocr_par' dir='ltr' id='par_1_5' title="bbox 207 3666 1337 3983">
     <span class='ocr_line' id='line_1_31' title="bbox 260 3666 1337 3738; baseline 0.006 -18"><span class='ocrx_word' id='word_1_241' title='bbox 260 3666 461 3723; x_wconf 86' lang='lat' dir='ltr'><strong>lostcndeto</strong></span> <span class='ocrx_word' id='word_1_242' title='bbox 561 3668 666 3738; x_wconf 82' lang='lat' dir='ltr'><strong>potens]</strong></span> <span class='ocrx_word' id='word_1_243' title='bbox 688 3684 780 3724; x_wconf 72' lang='lat' dir='ltr'><strong>oneo</strong></span> <span class='ocrx_word' id='word_1_244' title='bbox 882 3669 1009 3738; x_wconf 84' lang='lat' dir='ltr'><strong>3qnem]</strong></span> <span class='ocrx_word' id='word_1_245' title='bbox 1027 3685 1078 3738; x_wconf 88' lang='lat' dir='ltr'><strong>qne</strong></span> <span class='ocrx_word' id='word_1_246' title='bbox 1096 3670 1123 3722; x_wconf 79' lang='lat' dir='ltr'><strong><em>A</em></strong></span> <span class='ocrx_word' id='word_1_247' title='bbox 1225 3671 1337 3726; x_wconf 67' lang='lat' dir='ltr'><strong>ccidit</strong></span> 
     </span>
     <span class='ocr_line' id='line_1_32' title="bbox 211 3749 1336 3824; baseline 0.006 -19"><span class='ocrx_word' id='word_1_248' title='bbox 211 3749 267 3806; x_wconf 83' lang='lat' dir='ltr'><strong>Vc:</strong></span> <span class='ocrx_word' id='word_1_249' title='bbox 297 3751 372 3806; x_wconf 87' lang='lat' dir='ltr'><strong>nidct</strong></span> <span class='ocrx_word' id='word_1_250' title='bbox 389 3751 418 3806; x_wconf 78' lang='lat' dir='ltr'><em>A</em></span> <span class='ocrx_word' id='word_1_251' title='bbox 518 3754 675 3824; x_wconf 76' lang='lat' dir='ltr'><strong>tprcprioe</strong></span> <span class='ocrx_word' id='word_1_252' title='bbox 691 3754 720 3807; x_wconf 79' lang='lat' dir='ltr'><strong><em>A</em></strong></span> <span class='ocrx_word' id='word_1_253' title='bbox 824 3754 856 3807; x_wconf 87' lang='lat'><strong>10</strong></span> <span class='ocrx_word' id='word_1_254' title='bbox 879 3756 1026 3823; x_wconf 86' lang='lat' dir='ltr'><strong>sequnntur</strong></span> <span class='ocrx_word' id='word_1_255' title='bbox 1048 3755 1122 3810; x_wconf 80' lang='lat' dir='ltr'><strong>AGc</strong></span> <span class='ocrx_word' id='word_1_256' title='bbox 1223 3760 1336 3812; x_wconf 87' lang='lat' dir='ltr'><strong>contur-</strong></span> 
     </span>
     <span class='ocr_line' id='line_1_33' title="bbox 207 3835 1337 3910; baseline 0.008 -22"><span class='ocrx_word' id='word_1_257' title='bbox 207 3835 323 3906; x_wconf 75' lang='lat' dir='ltr'><strong>babunt]</strong></span> <span class='ocrx_word' id='word_1_258' title='bbox 335 3836 536 3893; x_wconf 80' lang='lat' dir='ltr'><strong>contnrnnbnnt</strong></span> <span class='ocrx_word' id='word_1_259' title='bbox 552 3839 580 3894; x_wconf 89' lang='lat' dir='ltr'><strong><em>V</em></strong></span> <span class='ocrx_word' id='word_1_260' title='bbox 597 3837 795 3909; x_wconf 69' lang='lat' dir='ltr'><strong>perturbabunt</strong></span> <span class='ocrx_word' id='word_1_261' title='bbox 806 3839 879 3895; x_wconf 78' lang='lat' dir='ltr'><strong>AGo</strong></span> <span class='ocrx_word' id='word_1_262' title='bbox 973 3839 1004 3893; x_wconf 94' lang='grc'><strong>11</strong></span> <span class='ocrx_word' id='word_1_263' title='bbox 1018 3839 1105 3893; x_wconf 87' lang='lat' dir='ltr'><strong>nidcri</strong></span> <span class='ocrx_word' id='word_1_264' title='bbox 1117 3839 1152 3907; x_wconf 90' lang='lat' dir='ltr'><strong>(ri</strong></span> <span class='ocrx_word' id='word_1_265' title='bbox 1163 3855 1197 3894; x_wconf 74' lang='lat' dir='ltr'><strong>cc</strong></span> <span class='ocrx_word' id='word_1_266' title='bbox 1209 3857 1240 3895; x_wconf 85' lang='lat' dir='ltr'><strong>rc</strong></span> <span class='ocrx_word' id='word_1_267' title='bbox 1250 3845 1337 3910; x_wconf 76' lang='lat' dir='ltr'><strong>corr.)</strong></span> 
     </span>
     <span class='ocr_line' id='line_1_34' title="bbox 208 3919 1273 3983; baseline 0.007 -7"><span class='ocrx_word' id='word_1_268' title='bbox 208 3919 234 3976; x_wconf 83' lang='lat' dir='ltr'><em>G</em></span> <span class='ocrx_word' id='word_1_269' title='bbox 321 3921 354 3976; x_wconf 87' lang='grc'><strong>13</strong></span> <span class='ocrx_word' id='word_1_270' title='bbox 366 3921 423 3976; x_wconf 88' lang='lat' dir='ltr'><strong>cius</strong></span> <span class='ocrx_word' id='word_1_271' title='bbox 438 3922 474 3978; x_wconf 82' lang='lat' dir='ltr'><strong>V:</strong></span> <span class='ocrx_word' id='word_1_272' title='bbox 492 3923 611 3979; x_wconf 86' lang='lat' dir='ltr'><strong>ciusdem</strong></span> <span class='ocrx_word' id='word_1_273' title='bbox 621 3925 695 3980; x_wconf 81' lang='lat' dir='ltr'><strong>AGc</strong></span> <span class='ocrx_word' id='word_1_274' title='bbox 786 3925 818 3979; x_wconf 88' lang='grc'><strong>15</strong></span> <span class='ocrx_word' id='word_1_275' title='bbox 831 3925 947 3980; x_wconf 74' lang='lat' dir='ltr'><strong>hnmano</strong></span> <span class='ocrx_word' id='word_1_276' title='bbox 959 3925 1020 3979; x_wconf 80' lang='lat' dir='ltr'><strong>nien</strong></span> <span class='ocrx_word' id='word_1_277' title='bbox 1032 3925 1118 3980; x_wconf 80' lang='lat' dir='ltr'><strong>AGv:</strong></span> <span class='ocrx_word' id='word_1_278' title='bbox 1135 3925 1163 3980; x_wconf 90' lang='lat' dir='ltr'><strong>lr.</strong></span> <span class='ocrx_word' id='word_1_279' title='bbox 1176 3942 1229 3981; x_wconf 88' lang='lat' dir='ltr'><strong>usn</strong></span> <span class='ocrx_word' id='word_1_280' title='bbox 1245 3927 1273 3983; x_wconf 85' lang='lat' dir='ltr'><strong><em>V</em></strong></span> 
     </span>
    </p>

    <p class='ocr_par' dir='ltr' id='par_1_6' title="bbox 205 4005 1340 4254">
     <span class='ocr_line' id='line_1_35' title="bbox 205 4005 1338 4080; baseline 0.009 -21"><span class='ocrx_word' id='word_1_281' title='bbox 205 4005 346 4075; x_wconf 84' lang='lat' dir='ltr'><strong>ec]idcoc</strong></span> <span class='ocrx_word' id='word_1_282' title='bbox 426 4007 730 4080; x_wconf 68' lang='lat' dir='ltr'><strong>nisolocccncorr.)A</strong></span> <span class='ocrx_word' id='word_1_283' title='bbox 819 4011 851 4065; x_wconf 89' lang='lat'><strong>18</strong></span> <span class='ocrx_word' id='word_1_284' title='bbox 863 4011 1014 4080; x_wconf 85' lang='lat' dir='ltr'><strong>ostendens]</strong></span> <span class='ocrx_word' id='word_1_285' title='bbox 1027 4013 1117 4066; x_wconf 63' lang='grc' dir='ltr'><strong>ΜΛ</strong></span> <span class='ocrx_word' id='word_1_286' title='bbox 1202 4013 1240 4067; x_wconf 79' lang='lat'><strong>21</strong></span> <span class='ocrx_word' id='word_1_287' title='bbox 1251 4014 1338 4069; x_wconf 88' lang='lat' dir='ltr'><strong>nclirn</strong></span> 
     </span>
     <span class='ocr_line' id='line_1_36' title="bbox 207 4090 1340 4168; baseline 0.007 -21"><span class='ocrx_word' id='word_1_288' title='bbox 207 4090 274 4147; x_wconf 82' lang='lat' dir='ltr'><strong>AV:</strong></span> <span class='ocrx_word' id='word_1_289' title='bbox 299 4092 397 4148; x_wconf 85' lang='lat' dir='ltr'><strong>nollem</strong></span> <span class='ocrx_word' id='word_1_290' title='bbox 416 4093 459 4149; x_wconf 72' lang='lat' dir='ltr'><strong>Gn</strong></span> <span class='ocrx_word' id='word_1_291' title='bbox 548 4095 660 4168; x_wconf 62' lang='lat' dir='ltr'><strong>dictum</strong></span> <span class='ocrx_word' id='word_1_292' title='bbox 679 4096 781 4151; x_wconf 64' lang='lat' dir='ltr'><strong>dimum</strong></span> <span class='ocrx_word' id='word_1_293' title='bbox 798 4099 839 4151; x_wconf 86' lang='lat' dir='ltr'><strong>est</strong></span> <span class='ocrx_word' id='word_1_294' title='bbox 858 4096 894 4153; x_wconf 73' lang='lat'><strong>6¹</strong></span> <span class='ocrx_word' id='word_1_295' title='bbox 921 4096 1023 4151; x_wconf 84' lang='lat' dir='ltr'><strong>dictum</strong></span> <span class='ocrx_word' id='word_1_296' title='bbox 1039 4113 1096 4153; x_wconf 80' lang='lat' dir='ltr'><strong>csso</strong></span> <span class='ocrx_word' id='word_1_297' title='bbox 1115 4096 1171 4154; x_wconf 80' lang='lat' dir='ltr'><strong>G&#39;o</strong></span> <span class='ocrx_word' id='word_1_298' title='bbox 1266 4101 1340 4155; x_wconf 75' lang='lat' dir='ltr'><strong>ccci·</strong></span> 
     </span>
     <span class='ocr_line' id='line_1_37' title="bbox 207 4179 1268 4254; baseline 0.007 -21"><span class='ocrx_word' id='word_1_299' title='bbox 207 4179 287 4249; x_wconf 87' lang='lat' dir='ltr'><strong>pinnt</strong></span> <span class='ocrx_word' id='word_1_300' title='bbox 304 4179 340 4235; x_wconf 72' lang='lat' dir='ltr'><strong>Vr</strong></span> <span class='ocrx_word' id='word_1_301' title='bbox 366 4180 581 4250; x_wconf 74' lang='lat' dir='ltr'><strong>occipinntAGo</strong></span> <span class='ocrx_word' id='word_1_302' title='bbox 671 4182 984 4253; x_wconf 69' lang='lat' dir='ltr'><strong>llqnomcdolmoch</strong></span> <span class='ocrx_word' id='word_1_303' title='bbox 1070 4183 1143 4254; x_wconf 79' lang='lat' dir='ltr'><strong>crgo]</strong></span> <span class='ocrx_word' id='word_1_304' title='bbox 1156 4199 1208 4240; x_wconf 75' lang='lat' dir='ltr'><strong>cro.</strong></span> <span class='ocrx_word' id='word_1_305' title='bbox 1222 4184 1268 4241; x_wconf 81' lang='lat' dir='ltr'><strong>Ge</strong></span> 
     </span>
    </p>

    <p class='ocr_par' dir='ltr' id='par_1_7' title="bbox 204 4263 983 4338">
     <span class='ocr_line' id='line_1_38' title="bbox 204 4263 983 4338; baseline 0.006 -18"><span class='ocrx_word' id='word_1_306' title='bbox 204 4264 241 4320; x_wconf 76' lang='lat'><strong>24</strong></span> <span class='ocrx_word' id='word_1_307' title='bbox 257 4264 339 4335; x_wconf 81' lang='lat' dir='ltr'><strong>filins]</strong></span> <span class='ocrx_word' id='word_1_308' title='bbox 356 4263 429 4321; x_wconf 84' lang='lat' dir='ltr'><strong>filins</strong></span> <span class='ocrx_word' id='word_1_309' title='bbox 447 4265 573 4323; x_wconf 87' lang='lat' dir='ltr'><strong>similitor</strong></span> <span class='ocrx_word' id='word_1_310' title='bbox 591 4267 630 4324; x_wconf 65' lang='grc' dir='ltr'><strong>θ’</strong></span> <span class='ocrx_word' id='word_1_311' title='bbox 716 4267 750 4322; x_wconf 81' lang='grc'><strong>25</strong></span> <span class='ocrx_word' id='word_1_312' title='bbox 768 4269 869 4338; x_wconf 77' lang='lat' dir='ltr'><strong>entem]</strong></span> <span class='ocrx_word' id='word_1_313' title='bbox 888 4268 983 4325; x_wconf 71' lang='lat' dir='ltr'><strong>hmo</strong></span> 
     </span>
    </p>
   </div>
   <div class='ocr_carea' id='block_1_5' title="bbox 0 0 1392 4814">
    <p class='ocr_par' dir='ltr' id='par_1_8' title="bbox 0 0 1392 4814">
     <span class='ocr_line' id='line_1_39' title="bbox 0 0 1392 4814; baseline 0 0"><span class='ocrx_word' id='word_1_314' title='bbox 0 0 1392 4814; x_wconf 95' lang='lat' dir='ltr'><strong> </strong></span> 
     </span>
    </p>
   </div>
  </div>
 </body>
</html>
