<?xml version="1.0" encoding="UTF-8"?>
<!DOCTYPE html PUBLIC "-//W3C//DTD XHTML 1.0 Transitional//EN"
    "http://www.w3.org/TR/xhtml1/DTD/xhtml1-transitional.dtd">
<html xmlns="http://www.w3.org/1999/xhtml" xml:lang="en" lang="en">
 <head>
  <title>
</title>
<meta http-equiv="Content-Type" content="text/html;charset=utf-8" />
  <meta name='ocr-system' content='tesseract 3.04.00' />
  <meta name='ocr-capabilities' content='ocr_page ocr_carea ocr_par ocr_line ocrx_word'/>
</head>
<body>
  <div class='ocr_page' id='page_1' title='image "./evgippiiexcerpt00kngoog/evgippiiexcerpt00kngoog_0964.png"; bbox 0 0 2760 4814; ppageno 0'>
   <div class='ocr_carea' id='block_1_1' title="bbox 249 328 1178 399">
    <p class='ocr_par' dir='ltr' id='par_1_1' title="bbox 249 328 1178 399">
     <span class='ocr_line' id='line_1_1' title="bbox 249 328 1178 399; baseline 0.003 -15"><span class='ocrx_word' id='word_1_1' title='bbox 249 329 414 399; x_wconf 79' lang='lat' dir='ltr'><strong>Excerpta</strong></span> <span class='ocrx_word' id='word_1_2' title='bbox 431 344 467 382; x_wconf 87' lang='lat' dir='ltr'><strong>ex</strong></span> <span class='ocrx_word' id='word_1_3' title='bbox 485 345 554 399; x_wconf 87' lang='lat' dir='ltr'><strong>opp.</strong></span> <span class='ocrx_word' id='word_1_4' title='bbox 577 328 603 383; x_wconf 87' lang='lat' dir='ltr'><strong>S.</strong></span> <span class='ocrx_word' id='word_1_5' title='bbox 622 329 811 397; x_wconf 78' lang='lat' dir='ltr'><strong>Augustini</strong></span> <span class='ocrx_word' id='word_1_6' title='bbox 835 328 980 386; x_wconf 80' lang='lat' dir='ltr'><strong>ccxcm.</strong></span> <span class='ocrx_word' id='word_1_7' title='bbox 1117 332 1178 398; x_wconf 87' lang='grc'><strong>941</strong></span> 
     </span>
    </p>
   </div>
   <div class='ocr_carea' id='block_1_2' title="bbox 43 519 1179 705">
    <p class='ocr_par' dir='ltr' id='par_1_2' title="bbox 43 519 1179 705">
     <span class='ocr_line' id='line_1_2' title="bbox 43 519 1179 603; baseline -0.001 -16"><span class='ocrx_word' id='word_1_8' title='bbox 43 538 161 587; x_wconf 87' lang='lat' dir='ltr'><strong>uocare</strong></span> <span class='ocrx_word' id='word_1_9' title='bbox 187 523 295 601; x_wconf 88' lang='lat' dir='ltr'><strong>iustos,</strong></span> <span class='ocrx_word' id='word_1_10' title='bbox 325 521 381 587; x_wconf 89' lang='lat' dir='ltr'><strong>sed</strong></span> <span class='ocrx_word' id='word_1_11' title='bbox 410 525 600 603; x_wconf 87' lang='lat' dir='ltr'><strong>peccatores,</strong></span> <span class='ocrx_word' id='word_1_12' title='bbox 628 521 784 603; x_wconf 87' lang='lat' dir='ltr'><strong>quianon</strong></span> <span class='ocrx_word' id='word_1_13' title='bbox 807 522 854 586; x_wconf 91' lang='lat' dir='ltr'><strong>est</strong></span> <span class='ocrx_word' id='word_1_14' title='bbox 876 539 952 603; x_wconf 90' lang='lat' dir='ltr'><strong>epus</strong></span> <span class='ocrx_word' id='word_1_15' title='bbox 975 519 1059 585; x_wconf 89' lang='lat' dir='ltr'><strong>sanis</strong></span> <span class='ocrx_word' id='word_1_16' title='bbox 1082 523 1179 586; x_wconf 90' lang='lat' dir='ltr'><strong>medi·</strong></span> 
     </span>
     <span class='ocr_line' id='line_1_3' title="bbox 44 623 513 705; baseline 0 -14"><span class='ocrx_word' id='word_1_17' title='bbox 44 642 113 702; x_wconf 85' lang='lat' dir='ltr'><strong>cue,</strong></span> <span class='ocrx_word' id='word_1_18' title='bbox 137 625 196 705; x_wconf 41' lang='lat' dir='ltr'><strong>sed,</strong></span> <span class='ocrx_word' id='word_1_19' title='bbox 213 625 295 690; x_wconf 88' lang='lat' dir='ltr'><strong>male</strong></span> <span class='ocrx_word' id='word_1_20' title='bbox 316 623 513 691; x_wconf 81' lang='lat' dir='ltr'><strong>habentibus.</strong></span> 
     </span>
    </p>
   </div>
   <div class='ocr_carea' id='block_1_3' title="bbox 10 742 1181 1539">
    <p class='ocr_par' dir='ltr' id='par_1_3' title="bbox 10 742 1181 1539">
     <span class='ocr_line' id='line_1_4' title="bbox 93 742 1181 830; baseline -0.001 -21"><span class='ocrx_word' id='word_1_21' title='bbox 93 745 148 811; x_wconf 88' lang='lat' dir='ltr'><strong>VL</strong></span> <span class='ocrx_word' id='word_1_22' title='bbox 174 742 333 830; x_wconf 83' lang='lat' dir='ltr'><strong>„Iterum“</strong></span> <span class='ocrx_word' id='word_1_23' title='bbox 357 744 403 810; x_wconf 90' lang='lat' dir='ltr'><strong>ait</strong></span> <span class='ocrx_word' id='word_1_24' title='bbox 428 743 662 826; x_wconf 84' lang='lat' dir='ltr'><strong>„quaerendum</strong></span> <span class='ocrx_word' id='word_1_25' title='bbox 681 749 736 822; x_wconf 81' lang='lat' dir='ltr'><strong>eet,</strong></span> <span class='ocrx_word' id='word_1_26' title='bbox 754 746 899 810; x_wconf 87' lang='lat' dir='ltr'><strong>utrumne</strong></span> <span class='ocrx_word' id='word_1_27' title='bbox 922 749 1121 828; x_wconf 79' lang='lat' dir='ltr'><strong>praecepium</strong></span> <span class='ocrx_word' id='word_1_28' title='bbox 1137 746 1181 810; x_wconf 89' lang='lat' dir='ltr'><strong>sit</strong></span> 
     </span>
     <span class='ocr_line' id='line_1_5' title="bbox 43 847 1179 931; baseline -0.002 -16"><span class='ocrx_word' id='word_1_29' title='bbox 43 848 169 915; x_wconf 85' lang='lat' dir='ltr'><strong>homini</strong></span> <span class='ocrx_word' id='word_1_30' title='bbox 190 849 259 913; x_wconf 87' lang='lat' dir='ltr'><strong>sine</strong></span> <span class='ocrx_word' id='word_1_31' title='bbox 281 851 405 930; x_wconf 86' lang='lat' dir='ltr'><strong>peccato</strong></span> <span class='ocrx_word' id='word_1_32' title='bbox 429 867 502 912; x_wconf 89' lang='grc' dir='ltr'><strong>θεεθ.</strong></span> <span class='ocrx_word' id='word_1_33' title='bbox 538 847 592 911; x_wconf 87' lang='lat' dir='ltr'><strong>aut</strong></span> <span class='ocrx_word' id='word_1_34' title='bbox 616 848 698 911; x_wconf 89' lang='lat' dir='ltr'><strong>enim</strong></span> <span class='ocrx_word' id='word_1_35' title='bbox 720 864 781 912; x_wconf 88' lang='lat' dir='ltr'><strong>nen</strong></span> <span class='ocrx_word' id='word_1_36' title='bbox 802 849 904 930; x_wconf 85' lang='lat' dir='ltr'><strong>petest</strong></span> <span class='ocrx_word' id='word_1_37' title='bbox 927 849 959 912; x_wconf 90' lang='lat' dir='ltr'><strong>et</strong></span> <span class='ocrx_word' id='word_1_38' title='bbox 980 850 1179 931; x_wconf 87' lang='lat' dir='ltr'><strong>praeceptum</strong></span> 
     </span>
     <span class='ocr_line' id='line_1_6' title="bbox 19 950 1178 1034; baseline -0.003 -15"><span class='ocrx_word' id='word_1_39' title='bbox 19 969 111 1019; x_wconf 79' lang='lat' dir='ltr'><strong>enon</strong></span> <span class='ocrx_word' id='word_1_40' title='bbox 135 955 192 1030; x_wconf 85' lang='lat' dir='ltr'><strong>est,</strong></span> <span class='ocrx_word' id='word_1_41' title='bbox 216 955 271 1016; x_wconf 90' lang='lat' dir='ltr'><strong>aut</strong></span> <span class='ocrx_word' id='word_1_42' title='bbox 294 952 367 1033; x_wconf 89' lang='lat' dir='ltr'><strong>quia</strong></span> <span class='ocrx_word' id='word_1_43' title='bbox 389 952 587 1034; x_wconf 87' lang='lat' dir='ltr'><strong>praeceptum</strong></span> <span class='ocrx_word' id='word_1_44' title='bbox 603 950 660 1028; x_wconf 88' lang='lat' dir='ltr'><strong>est,</strong></span> <span class='ocrx_word' id='word_1_45' title='bbox 683 954 794 1032; x_wconf 88' lang='lat' dir='ltr'><strong>petest.</strong></span> <span class='ocrx_word' id='word_1_46' title='bbox 832 969 905 1015; x_wconf 87' lang='lat' dir='ltr'><strong>nam</strong></span> <span class='ocrx_word' id='word_1_47' title='bbox 921 952 1073 1032; x_wconf 87' lang='lat' dir='ltr'><strong>quomode</strong></span> <span class='ocrx_word' id='word_1_48' title='bbox 1091 970 1178 1033; x_wconf 88' lang='lat' dir='ltr'><strong>prae-</strong></span> 
     </span>
     <span class='ocr_line' id='line_1_7' title="bbox 43 1053 1179 1138; baseline -0.003 -16"><span class='ocrx_word' id='word_1_49' title='bbox 43 1054 203 1138; x_wconf 87' lang='lat' dir='ltr'><strong>ciperetur</strong></span> <span class='ocrx_word' id='word_1_50' title='bbox 226 1057 306 1136; x_wconf 90' lang='lat' dir='ltr'><strong>qued</strong></span> <span class='ocrx_word' id='word_1_51' title='bbox 328 1054 397 1119; x_wconf 89' lang='lat' dir='ltr'><strong>fieri</strong></span> <span class='ocrx_word' id='word_1_52' title='bbox 419 1056 544 1120; x_wconf 89' lang='lat' dir='ltr'><strong>omnino</strong></span> <span class='ocrx_word' id='word_1_53' title='bbox 567 1073 628 1119; x_wconf 89' lang='lat' dir='ltr'><strong>non</strong></span> <span class='ocrx_word' id='word_1_54' title='bbox 651 1053 795 1135; x_wconf 80' lang='lat' dir='ltr'><strong>posset?“</strong></span> <span class='ocrx_word' id='word_1_55' title='bbox 825 1053 1040 1136; x_wconf 85' lang='lat' dir='ltr'><strong>Respondetur</strong></span> <span class='ocrx_word' id='word_1_56' title='bbox 1056 1055 1179 1119; x_wconf 86' lang='lat' dir='ltr'><strong>consul-</strong></span> 
     </span>
     <span class='ocr_line' id='line_1_8' title="bbox 43 1157 1178 1241; baseline -0.003 -17"><span class='ocrx_word' id='word_1_57' title='bbox 43 1157 172 1224; x_wconf 88' lang='lat' dir='ltr'><strong>tissime</strong></span> <span class='ocrx_word' id='word_1_58' title='bbox 199 1158 318 1222; x_wconf 87' lang='lat' dir='ltr'><strong>bomini</strong></span> <span class='ocrx_word' id='word_1_59' title='bbox 348 1157 486 1241; x_wconf 83' lang='lat' dir='ltr'><strong>praecipi</strong></span> <span class='ocrx_word' id='word_1_60' title='bbox 506 1158 599 1222; x_wconf 88' lang='lat' dir='ltr'><strong>rectis</strong></span> <span class='ocrx_word' id='word_1_61' title='bbox 623 1157 763 1238; x_wconf 87' lang='lat' dir='ltr'><strong>passibas</strong></span> <span class='ocrx_word' id='word_1_62' title='bbox 786 1157 958 1236; x_wconf 86' lang='lat' dir='ltr'><strong>ambulare,</strong></span> <span class='ocrx_word' id='word_1_63' title='bbox 982 1160 1028 1241; x_wconf 84' lang='lat' dir='ltr'><strong>ut,</strong></span> <span class='ocrx_word' id='word_1_64' title='bbox 1051 1177 1122 1223; x_wconf 89' lang='lat' dir='ltr'><strong>cum</strong></span> <span class='ocrx_word' id='word_1_65' title='bbox 1145 1175 1178 1222; x_wconf 88' lang='lat' dir='ltr'><strong>se</strong></span> 
     </span>
     <span class='ocr_line' id='line_1_9' title="bbox 10 1258 1178 1344; baseline -0.003 -15"><span class='ocrx_word' id='word_1_66' title='bbox 10 1258 12 1263; x_wconf 76' lang='grc'><strong>’</strong></span> <span class='ocrx_word' id='word_1_67' title='bbox 43 1280 111 1329; x_wconf 88' lang='lat' dir='ltr'><strong>non</strong></span> <span class='ocrx_word' id='word_1_68' title='bbox 144 1280 233 1344; x_wconf 87' lang='lat' dir='ltr'><strong>pesse</strong></span> <span class='ocrx_word' id='word_1_69' title='bbox 266 1262 466 1344; x_wconf 82' lang='lat' dir='ltr'><strong>perspexerit,</strong></span> <span class='ocrx_word' id='word_1_70' title='bbox 500 1261 688 1327; x_wconf 81' lang='lat' dir='ltr'><strong>medicinam</strong></span> <span class='ocrx_word' id='word_1_71' title='bbox 722 1263 873 1343; x_wconf 81' lang='lat' dir='ltr'><strong>requirat3</strong></span> <span class='ocrx_word' id='word_1_72' title='bbox 911 1279 988 1342; x_wconf 91' lang='lat' dir='ltr'><strong>quae</strong></span> <span class='ocrx_word' id='word_1_73' title='bbox 1022 1261 1178 1326; x_wconf 87' lang='lat' dir='ltr'><strong>interioris</strong></span> 
     </span>
     <span class='ocr_line' id='line_1_10' title="bbox 41 1363 1178 1449; baseline -0.001 -19"><span class='ocrx_word' id='word_1_74' title='bbox 41 1363 185 1430; x_wconf 87' lang='lat' dir='ltr'><strong>heminis</strong></span> <span class='ocrx_word' id='word_1_75' title='bbox 208 1365 247 1429; x_wconf 85' lang='lat' dir='ltr'><strong>ad</strong></span> <span class='ocrx_word' id='word_1_76' title='bbox 269 1369 439 1432; x_wconf 87' lang='lat' dir='ltr'><strong>sanandam</strong></span> <span class='ocrx_word' id='word_1_77' title='bbox 462 1366 580 1449; x_wconf 89' lang='lat' dir='ltr'><strong>peccati</strong></span> <span class='ocrx_word' id='word_1_78' title='bbox 604 1366 857 1430; x_wconf 84' lang='lat' dir='ltr'><strong>claudicationem</strong></span> <span class='ocrx_word' id='word_1_79' title='bbox 879 1365 981 1445; x_wconf 86' lang='lat' dir='ltr'><strong>gratia</strong></span> <span class='ocrx_word' id='word_1_80' title='bbox 998 1365 1048 1429; x_wconf 89' lang='lat' dir='ltr'><strong>dei</strong></span> <span class='ocrx_word' id='word_1_81' title='bbox 1063 1372 1110 1429; x_wconf 88' lang='lat' dir='ltr'><strong>eet</strong></span> <span class='ocrx_word' id='word_1_82' title='bbox 1125 1384 1178 1446; x_wconf 87' lang='lat' dir='ltr'><strong>per</strong></span> 
     </span>
     <span class='ocr_line' id='line_1_11' title="bbox 10 1467 693 1539; baseline -0.01 -1"><span class='ocrx_word' id='word_1_83' title='bbox 10 1468 154 1539; x_wconf 71' lang='lat' dir='ltr'><strong>»Iesum</strong></span> <span class='ocrx_word' id='word_1_84' title='bbox 177 1467 337 1534; x_wconf 76' lang='lat' dir='ltr'><strong>Christum</strong></span> <span class='ocrx_word' id='word_1_85' title='bbox 360 1469 519 1534; x_wconf 89' lang='lat' dir='ltr'><strong>dominum</strong></span> <span class='ocrx_word' id='word_1_86' title='bbox 542 1472 693 1534; x_wconf 89' lang='lat' dir='ltr'><strong>nestrum.</strong></span> 
     </span>
    </p>
   </div>
   <div class='ocr_carea' id='block_1_4' title="bbox 10 1589 1179 2399">
    <p class='ocr_par' dir='ltr' id='par_1_4' title="bbox 43 1589 1179 1986">
     <span class='ocr_line' id='line_1_12' title="bbox 90 1589 1179 1672; baseline 0.001 -18"><span class='ocrx_word' id='word_1_87' title='bbox 90 1589 164 1655; x_wconf 89' lang='lat' dir='ltr'><strong>VII.</strong></span> <span class='ocrx_word' id='word_1_88' title='bbox 190 1592 347 1668; x_wconf 82' lang='lat' dir='ltr'><strong>„Iterum“</strong></span> <span class='ocrx_word' id='word_1_89' title='bbox 373 1590 419 1655; x_wconf 87' lang='lat' dir='ltr'><strong>ait</strong></span> <span class='ocrx_word' id='word_1_90' title='bbox 444 1590 673 1672; x_wconf 74' lang='lat' dir='ltr'><strong>„quaerendum</strong></span> <span class='ocrx_word' id='word_1_91' title='bbox 695 1592 753 1670; x_wconf 83' lang='lat' dir='ltr'><strong>est,</strong></span> <span class='ocrx_word' id='word_1_92' title='bbox 777 1611 816 1656; x_wconf 87' lang='lat' dir='ltr'><strong>an</strong></span> <span class='ocrx_word' id='word_1_93' title='bbox 839 1591 916 1656; x_wconf 90' lang='lat' dir='ltr'><strong>uelit</strong></span> <span class='ocrx_word' id='word_1_94' title='bbox 931 1590 1088 1655; x_wconf 87' lang='lat' dir='ltr'><strong>hominem</strong></span> <span class='ocrx_word' id='word_1_95' title='bbox 1104 1590 1179 1656; x_wconf 91' lang='lat' dir='ltr'><strong>deus</strong></span> 
     </span>
     <span class='ocr_line' id='line_1_13' title="bbox 43 1692 1178 1778; baseline 0.001 -19"><span class='ocrx_word' id='word_1_96' title='bbox 43 1692 116 1759; x_wconf 81' lang='lat' dir='ltr'><strong>eine</strong></span> <span class='ocrx_word' id='word_1_97' title='bbox 146 1694 271 1776; x_wconf 86' lang='lat' dir='ltr'><strong>peceato</strong></span> <span class='ocrx_word' id='word_1_98' title='bbox 300 1712 376 1759; x_wconf 86' lang='grc' dir='ltr'><strong>θεεθ.</strong></span> <span class='ocrx_word' id='word_1_99' title='bbox 420 1693 527 1778; x_wconf 89' lang='lat' dir='ltr'><strong>procui</strong></span> <span class='ocrx_word' id='word_1_100' title='bbox 550 1692 642 1759; x_wconf 88' lang='lat' dir='ltr'><strong>dubie</strong></span> <span class='ocrx_word' id='word_1_101' title='bbox 665 1696 736 1759; x_wconf 88' lang='lat' dir='ltr'><strong>uult</strong></span> <span class='ocrx_word' id='word_1_102' title='bbox 758 1698 789 1759; x_wconf 92' lang='lat' dir='ltr'><strong>et</strong></span> <span class='ocrx_word' id='word_1_103' title='bbox 812 1695 919 1777; x_wconf 87' lang='lat' dir='ltr'><strong>procul</strong></span> <span class='ocrx_word' id='word_1_104' title='bbox 949 1695 1041 1760; x_wconf 88' lang='lat' dir='ltr'><strong>dubio</strong></span> <span class='ocrx_word' id='word_1_105' title='bbox 1064 1696 1178 1776; x_wconf 86' lang='lat' dir='ltr'><strong>petest.</strong></span> 
     </span>
     <span class='ocr_line' id='line_1_14' title="bbox 44 1797 1178 1881; baseline 0 -20"><span class='ocrx_word' id='word_1_106' title='bbox 44 1797 118 1881; x_wconf 82' lang='lat' dir='ltr'><strong>quie</strong></span> <span class='ocrx_word' id='word_1_107' title='bbox 147 1798 229 1862; x_wconf 93' lang='lat' dir='ltr'><strong>enim</strong></span> <span class='ocrx_word' id='word_1_108' title='bbox 257 1801 323 1863; x_wconf 89' lang='lat' dir='ltr'><strong>tam</strong></span> <span class='ocrx_word' id='word_1_109' title='bbox 352 1800 476 1862; x_wconf 88' lang='lat' dir='ltr'><strong>demens</strong></span> <span class='ocrx_word' id='word_1_110' title='bbox 505 1799 560 1881; x_wconf 88' lang='lat' dir='ltr'><strong>est,</strong></span> <span class='ocrx_word' id='word_1_111' title='bbox 589 1803 626 1863; x_wconf 92' lang='lat' dir='ltr'><strong>ut</strong></span> <span class='ocrx_word' id='word_1_112' title='bbox 653 1800 705 1863; x_wconf 90' lang='lat' dir='ltr'><strong>uel</strong></span> <span class='ocrx_word' id='word_1_113' title='bbox 733 1799 855 1865; x_wconf 90' lang='lat' dir='ltr'><strong>dubitet</strong></span> <span class='ocrx_word' id='word_1_114' title='bbox 884 1800 952 1863; x_wconf 88' lang='lat' dir='ltr'><strong>fieri</strong></span> <span class='ocrx_word' id='word_1_115' title='bbox 980 1817 1068 1881; x_wconf 87' lang='lat' dir='ltr'><strong>posse</strong></span> <span class='ocrx_word' id='word_1_116' title='bbox 1097 1799 1178 1880; x_wconf 89' lang='lat' dir='ltr'><strong>quod</strong></span> 
     </span>
     <span class='ocr_line' id='line_1_15' title="bbox 44 1901 1179 1986; baseline -0.001 -19"><span class='ocrx_word' id='word_1_117' title='bbox 44 1902 141 1967; x_wconf 88' lang='lat' dir='ltr'><strong>deum</strong></span> <span class='ocrx_word' id='word_1_118' title='bbox 156 1901 237 1966; x_wconf 89' lang='lat' dir='ltr'><strong>uelle</strong></span> <span class='ocrx_word' id='word_1_119' title='bbox 253 1919 315 1966; x_wconf 90' lang='lat' dir='ltr'><strong>non</strong></span> <span class='ocrx_word' id='word_1_120' title='bbox 331 1901 494 1967; x_wconf 80' lang='lat' dir='ltr'><strong>dubiteti“</strong></span> <span class='ocrx_word' id='word_1_121' title='bbox 518 1902 748 1986; x_wconf 88' lang='lat' dir='ltr'><strong>Respondetur:</strong></span> <span class='ocrx_word' id='word_1_122' title='bbox 771 1904 797 1967; x_wconf 92' lang='lat' dir='ltr'><strong>si</strong></span> <span class='ocrx_word' id='word_1_123' title='bbox 812 1903 910 1968; x_wconf 88' lang='lat' dir='ltr'><strong>nollet</strong></span> <span class='ocrx_word' id='word_1_124' title='bbox 925 1905 998 1968; x_wconf 88' lang='lat' dir='ltr'><strong>deus</strong></span> <span class='ocrx_word' id='word_1_125' title='bbox 1021 1904 1179 1968; x_wconf 89' lang='lat' dir='ltr'><strong>hominem</strong></span> 
     </span>
    </p>

    <p class='ocr_par' dir='ltr' id='par_1_5' title="bbox 10 2002 1179 2399">
     <span class='ocr_line' id='line_1_16' title="bbox 10 2002 1178 2089; baseline -0.005 -14"><span class='ocrx_word' id='word_1_126' title='bbox 10 2002 114 2075; x_wconf 72' lang='lat' dir='ltr'><strong>ataine</strong></span> <span class='ocrx_word' id='word_1_127' title='bbox 136 2009 263 2086; x_wconf 82' lang='lat' dir='ltr'><strong>peccato</strong></span> <span class='ocrx_word' id='word_1_128' title='bbox 286 2025 359 2082; x_wconf 89' lang='lat' dir='ltr'><strong>esse,</strong></span> <span class='ocrx_word' id='word_1_129' title='bbox 383 2024 443 2071; x_wconf 86' lang='lat' dir='ltr'><strong>non</strong></span> <span class='ocrx_word' id='word_1_130' title='bbox 467 2006 609 2071; x_wconf 88' lang='lat' dir='ltr'><strong>mitteret</strong></span> <span class='ocrx_word' id='word_1_131' title='bbox 631 2006 730 2071; x_wconf 87' lang='lat' dir='ltr'><strong>filium</strong></span> <span class='ocrx_word' id='word_1_132' title='bbox 745 2025 846 2083; x_wconf 88' lang='lat' dir='ltr'><strong>suum,</strong></span> <span class='ocrx_word' id='word_1_133' title='bbox 869 2008 922 2089; x_wconf 90' lang='lat' dir='ltr'><strong>qui</strong></span> <span class='ocrx_word' id='word_1_134' title='bbox 938 2009 1062 2071; x_wconf 87' lang='lat' dir='ltr'><strong>sanaret</strong></span> <span class='ocrx_word' id='word_1_135' title='bbox 1076 2006 1178 2070; x_wconf 89' lang='lat' dir='ltr'><strong>bomi-</strong></span> 
     </span>
     <span class='ocr_line' id='line_1_17' title="bbox 44 2109 1177 2192; baseline 0.001 -19"><span class='ocrx_word' id='word_1_136' title='bbox 44 2124 103 2173; x_wconf 89' lang='lat' dir='ltr'><strong>nee</strong></span> <span class='ocrx_word' id='word_1_137' title='bbox 125 2126 144 2172; x_wconf 89' lang='lat' dir='ltr'><strong>a</strong></span> <span class='ocrx_word' id='word_1_138' title='bbox 166 2109 312 2191; x_wconf 86' lang='lat' dir='ltr'><strong>pcccatis.</strong></span> <span class='ocrx_word' id='word_1_139' title='bbox 352 2110 410 2175; x_wconf 89' lang='lat' dir='ltr'><strong>boc</strong></span> <span class='ocrx_word' id='word_1_140' title='bbox 439 2109 475 2173; x_wconf 89' lang='lat' dir='ltr'><strong>fit</strong></span> <span class='ocrx_word' id='word_1_141' title='bbox 504 2111 537 2173; x_wconf 93' lang='lat' dir='ltr'><strong>in</strong></span> <span class='ocrx_word' id='word_1_142' title='bbox 560 2110 756 2175; x_wconf 83' lang='lat' dir='ltr'><strong>credentibus</strong></span> <span class='ocrx_word' id='word_1_143' title='bbox 781 2114 812 2175; x_wconf 90' lang='lat' dir='ltr'><strong>et</strong></span> <span class='ocrx_word' id='word_1_144' title='bbox 834 2110 1064 2192; x_wconf 85' lang='lat' dir='ltr'><strong>proficientibus</strong></span> <span class='ocrx_word' id='word_1_145' title='bbox 1087 2127 1177 2174; x_wconf 88' lang='lat' dir='ltr'><strong>reno-</strong></span> 
     </span>
     <span class='ocr_line' id='line_1_18' title="bbox 44 2212 1179 2297; baseline 0 -20"><span class='ocrx_word' id='word_1_146' title='bbox 44 2212 172 2277; x_wconf 88' lang='lat' dir='ltr'><strong>uatione</strong></span> <span class='ocrx_word' id='word_1_147' title='bbox 194 2212 349 2277; x_wconf 89' lang='lat' dir='ltr'><strong>interioris</strong></span> <span class='ocrx_word' id='word_1_148' title='bbox 371 2213 507 2278; x_wconf 89' lang='lat' dir='ltr'><strong>heminis</strong></span> <span class='ocrx_word' id='word_1_149' title='bbox 530 2216 568 2278; x_wconf 90' lang='lat' dir='ltr'><strong>de</strong></span> <span class='ocrx_word' id='word_1_150' title='bbox 590 2215 639 2278; x_wconf 90' lang='lat' dir='ltr'><strong>die</strong></span> <span class='ocrx_word' id='word_1_151' title='bbox 668 2216 700 2279; x_wconf 94' lang='lat' dir='ltr'><strong>in</strong></span> <span class='ocrx_word' id='word_1_152' title='bbox 723 2213 817 2297; x_wconf 84' lang='lat' dir='ltr'><strong>diem,</strong></span> <span class='ocrx_word' id='word_1_153' title='bbox 846 2216 941 2279; x_wconf 91' lang='lat' dir='ltr'><strong>donec</strong></span> <span class='ocrx_word' id='word_1_154' title='bbox 963 2213 1020 2278; x_wconf 89' lang='lat' dir='ltr'><strong>fiat</strong></span> <span class='ocrx_word' id='word_1_155' title='bbox 1042 2214 1179 2294; x_wconf 85' lang='lat' dir='ltr'><strong>perfecte</strong></span> 
     </span>
     <span class='ocr_line' id='line_1_19' title="bbox 44 2314 616 2399; baseline 0 -20"><span class='ocrx_word' id='word_1_156' title='bbox 44 2314 172 2380; x_wconf 82' lang='lat' dir='ltr'><strong>iustitie</strong></span> <span class='ocrx_word' id='word_1_157' title='bbox 193 2315 354 2397; x_wconf 85' lang='lat' dir='ltr'><strong>tamquam</strong></span> <span class='ocrx_word' id='word_1_158' title='bbox 376 2317 494 2381; x_wconf 89' lang='lat' dir='ltr'><strong>sanitas</strong></span> <span class='ocrx_word' id='word_1_159' title='bbox 516 2317 616 2399; x_wconf 90' lang='lat' dir='ltr'><strong>plena.</strong></span> 
     </span>
    </p>
   </div>
   <div class='ocr_carea' id='block_1_5' title="bbox 10 2434 1179 3557">
    <p class='ocr_par' dir='ltr' id='par_1_6' title="bbox 10 2434 1179 3557">
     <span class='ocr_line' id='line_1_20' title="bbox 10 2434 1177 2529; baseline 0.002 -31"><span class='ocrx_word' id='word_1_160' title='bbox 10 2522 14 2529; x_wconf 92' lang='lat'>.</span> <span class='ocrx_word' id='word_1_161' title='bbox 89 2434 179 2499; x_wconf 85' lang='lat' dir='ltr'><strong>VIII.</strong></span> <span class='ocrx_word' id='word_1_162' title='bbox 212 2436 372 2522; x_wconf 81' lang='lat' dir='ltr'><strong>„Iterum“</strong></span> <span class='ocrx_word' id='word_1_163' title='bbox 397 2440 443 2503; x_wconf 90' lang='lat' dir='ltr'><strong>ait</strong></span> <span class='ocrx_word' id='word_1_164' title='bbox 467 2441 696 2525; x_wconf 85' lang='lat' dir='ltr'><strong>„quaerendum</strong></span> <span class='ocrx_word' id='word_1_165' title='bbox 725 2439 787 2502; x_wconf 88' lang='lat' dir='ltr'><strong>est:</strong></span> <span class='ocrx_word' id='word_1_166' title='bbox 822 2439 974 2520; x_wconf 84' lang='lat' dir='ltr'><strong>quomado</strong></span> <span class='ocrx_word' id='word_1_167' title='bbox 1004 2437 1076 2503; x_wconf 86' lang='lat' dir='ltr'><strong>uult</strong></span> <span class='ocrx_word' id='word_1_168' title='bbox 1103 2439 1177 2503; x_wconf 91' lang='lat' dir='ltr'><strong>dens</strong></span> 
     </span>
     <span class='ocr_line' id='line_1_21' title="bbox 10 2540 1177 2625; baseline -0.003 -18"><span class='ocrx_word' id='word_1_169' title='bbox 10 2557 115 2607; x_wconf 74' lang='lat' dir='ltr'><strong>nesse</strong></span> <span class='ocrx_word' id='word_1_170' title='bbox 146 2540 315 2625; x_wconf 82' lang='lat' dir='ltr'><strong>hominem,</strong></span> <span class='ocrx_word' id='word_1_171' title='bbox 349 2560 421 2607; x_wconf 89' lang='lat' dir='ltr'><strong>enm</strong></span> <span class='ocrx_word' id='word_1_172' title='bbox 455 2544 580 2624; x_wconf 86' lang='lat' dir='ltr'><strong>peceato</strong></span> <span class='ocrx_word' id='word_1_173' title='bbox 614 2562 653 2608; x_wconf 90' lang='lat' dir='ltr'><strong>an</strong></span> <span class='ocrx_word' id='word_1_174' title='bbox 683 2543 748 2607; x_wconf 91' lang='lat' dir='ltr'><strong>sine</strong></span> <span class='ocrx_word' id='word_1_175' title='bbox 771 2542 921 2623; x_wconf 82' lang='lat' dir='ltr'><strong>peccato?</strong></span> <span class='ocrx_word' id='word_1_176' title='bbox 955 2541 1062 2624; x_wconf 90' lang='lat' dir='ltr'><strong>procui</strong></span> <span class='ocrx_word' id='word_1_177' title='bbox 1085 2540 1177 2605; x_wconf 90' lang='lat' dir='ltr'><strong>dubio</strong></span> 
     </span>
     <span class='ocr_line' id='line_1_22' title="bbox 44 2642 1179 2728; baseline 0.001 -21"><span class='ocrx_word' id='word_1_178' title='bbox 44 2660 110 2709; x_wconf 89' lang='lat' dir='ltr'><strong>ncn</strong></span> <span class='ocrx_word' id='word_1_179' title='bbox 133 2642 204 2707; x_wconf 90' lang='lat' dir='ltr'><strong>nult</strong></span> <span class='ocrx_word' id='word_1_180' title='bbox 226 2662 293 2708; x_wconf 88' lang='lat' dir='ltr'><strong>esse</strong></span> <span class='ocrx_word' id='word_1_181' title='bbox 310 2661 381 2708; x_wconf 91' lang='lat' dir='ltr'><strong>cnm</strong></span> <span class='ocrx_word' id='word_1_182' title='bbox 397 2647 532 2728; x_wconf 85' lang='lat' dir='ltr'><strong>peccatu.</strong></span> <span class='ocrx_word' id='word_1_183' title='bbox 572 2647 688 2728; x_wconf 90' lang='lat' dir='ltr'><strong>quanta</strong></span> <span class='ocrx_word' id='word_1_184' title='bbox 703 2647 778 2710; x_wconf 89' lang='lat' dir='ltr'><strong>haec</strong></span> <span class='ocrx_word' id='word_1_185' title='bbox 792 2644 963 2728; x_wconf 88' lang='lat' dir='ltr'><strong>impietatis</strong></span> <span class='ocrx_word' id='word_1_186' title='bbox 980 2645 1179 2726; x_wconf 89' lang='lat' dir='ltr'><strong>blasphemia</strong></span> 
     </span>
     <span class='ocr_line' id='line_1_23' title="bbox 44 2746 1178 2832; baseline 0.004 -23"><span class='ocrx_word' id='word_1_187' title='bbox 44 2746 88 2809; x_wconf 85' lang='lat' dir='ltr'><strong>nit</strong></span> <span class='ocrx_word' id='word_1_188' title='bbox 117 2748 319 2831; x_wconf 80' lang='lat' dir='ltr'><strong>cogitandum</strong></span> <span class='ocrx_word' id='word_1_189' title='bbox 349 2751 406 2828; x_wconf 90' lang='lat' dir='ltr'><strong>est,</strong></span> <span class='ocrx_word' id='word_1_190' title='bbox 429 2752 466 2813; x_wconf 91' lang='lat' dir='ltr'><strong>ut</strong></span> <span class='ocrx_word' id='word_1_191' title='bbox 488 2749 611 2815; x_wconf 90' lang='lat' dir='ltr'><strong>dicatur</strong></span> <span class='ocrx_word' id='word_1_192' title='bbox 633 2750 792 2815; x_wconf 84' lang='lat' dir='ltr'><strong>bominem</strong></span> <span class='ocrx_word' id='word_1_193' title='bbox 813 2768 901 2832; x_wconf 86' lang='lat' dir='ltr'><strong>posse</strong></span> <span class='ocrx_word' id='word_1_194' title='bbox 924 2768 991 2814; x_wconf 86' lang='lat' dir='ltr'><strong>esee</strong></span> <span class='ocrx_word' id='word_1_195' title='bbox 1015 2767 1087 2814; x_wconf 90' lang='lat' dir='ltr'><strong>cum</strong></span> <span class='ocrx_word' id='word_1_196' title='bbox 1109 2767 1178 2831; x_wconf 86' lang='lat' dir='ltr'><strong>pee-</strong></span> 
     </span>
     <span class='ocr_line' id='line_1_24' title="bbox 44 2850 1179 2939; baseline -0.002 -23"><span class='ocrx_word' id='word_1_197' title='bbox 44 2850 125 2925; x_wconf 85' lang='lat' dir='ltr'><strong>cato,</strong></span> <span class='ocrx_word' id='word_1_198' title='bbox 154 2851 237 2933; x_wconf 88' lang='lat' dir='ltr'><strong>quad</strong></span> <span class='ocrx_word' id='word_1_199' title='bbox 260 2853 333 2917; x_wconf 90' lang='lat' dir='ltr'><strong>deus</strong></span> <span class='ocrx_word' id='word_1_200' title='bbox 356 2871 417 2916; x_wconf 88' lang='lat' dir='ltr'><strong>non</strong></span> <span class='ocrx_word' id='word_1_201' title='bbox 440 2852 519 2931; x_wconf 92' lang='lat' dir='ltr'><strong>uult,</strong></span> <span class='ocrx_word' id='word_1_202' title='bbox 544 2856 577 2918; x_wconf 92' lang='lat' dir='ltr'><strong>et</strong></span> <span class='ocrx_word' id='word_1_203' title='bbox 599 2855 729 2939; x_wconf 87' lang='lat' dir='ltr'><strong>negetur</strong></span> <span class='ocrx_word' id='word_1_204' title='bbox 751 2871 841 2937; x_wconf 91' lang='lat' dir='ltr'><strong>posse</strong></span> <span class='ocrx_word' id='word_1_205' title='bbox 864 2872 927 2917; x_wconf 90' lang='lat' dir='ltr'><strong>esse</strong></span> <span class='ocrx_word' id='word_1_206' title='bbox 951 2853 1017 2918; x_wconf 85' lang='lat' dir='ltr'><strong>sine</strong></span> <span class='ocrx_word' id='word_1_207' title='bbox 1041 2855 1179 2934; x_wconf 87' lang='lat' dir='ltr'><strong>peccato,</strong></span> 
     </span>
     <span class='ocr_line' id='line_1_25' title="bbox 45 2952 1178 3040; baseline 0.003 -23"><span class='ocrx_word' id='word_1_208' title='bbox 45 2952 128 3035; x_wconf 81' lang='lat' dir='ltr'><strong>quod</strong></span> <span class='ocrx_word' id='word_1_209' title='bbox 151 2954 228 3019; x_wconf 86' lang='lat' dir='ltr'><strong>dens</strong></span> <span class='ocrx_word' id='word_1_210' title='bbox 251 2954 331 3022; x_wconf 92' lang='lat' dir='ltr'><strong>uult.</strong></span> <span class='ocrx_word' id='word_1_211' title='bbox 368 2957 455 3038; x_wconf 90' lang='lat' dir='ltr'><strong>quasi</strong></span> <span class='ocrx_word' id='word_1_212' title='bbox 477 2976 569 3040; x_wconf 89' lang='lat' dir='ltr'><strong>quem</strong></span> <span class='ocrx_word' id='word_1_213' title='bbox 593 2957 632 3022; x_wconf 87' lang='lat' dir='ltr'><strong>ad</strong></span> <span class='ocrx_word' id='word_1_214' title='bbox 653 2958 711 3023; x_wconf 88' lang='lat' dir='ltr'><strong>hoc</strong></span> <span class='ocrx_word' id='word_1_215' title='bbox 733 2959 808 3023; x_wconf 88' lang='lat' dir='ltr'><strong>deus</strong></span> <span class='ocrx_word' id='word_1_216' title='bbox 833 2959 995 3033; x_wconf 83' lang='lat' dir='ltr'><strong>creauerit,</strong></span> <span class='ocrx_word' id='word_1_217' title='bbox 1019 2959 1056 3021; x_wconf 92' lang='lat' dir='ltr'><strong>ut</strong></span> <span class='ocrx_word' id='word_1_218' title='bbox 1078 2956 1178 3039; x_wconf 87' lang='lat' dir='ltr'><strong>possit</strong></span> 
     </span>
     <span class='ocr_line' id='line_1_26' title="bbox 10 3059 1178 3144; baseline 0 -21"><span class='ocrx_word' id='word_1_219' title='bbox 10 3074 114 3123; x_wconf 73' lang='lat' dir='ltr'><strong>nesse</strong></span> <span class='ocrx_word' id='word_1_220' title='bbox 147 3060 229 3141; x_wconf 89' lang='lat' dir='ltr'><strong>qnod</strong></span> <span class='ocrx_word' id='word_1_221' title='bbox 257 3059 338 3124; x_wconf 91' lang='lat' dir='ltr'><strong>noiit</strong></span> <span class='ocrx_word' id='word_1_222' title='bbox 366 3060 398 3123; x_wconf 90' lang='lat' dir='ltr'><strong>et</strong></span> <span class='ocrx_word' id='word_1_223' title='bbox 426 3078 488 3125; x_wconf 88' lang='lat' dir='ltr'><strong>non</strong></span> <span class='ocrx_word' id='word_1_224' title='bbox 516 3062 616 3142; x_wconf 87' lang='lat' dir='ltr'><strong>possit</strong></span> <span class='ocrx_word' id='word_1_225' title='bbox 645 3080 709 3127; x_wconf 86' lang='lat' dir='ltr'><strong>esse</strong></span> <span class='ocrx_word' id='word_1_226' title='bbox 737 3063 818 3144; x_wconf 88' lang='lat' dir='ltr'><strong>quod</strong></span> <span class='ocrx_word' id='word_1_227' title='bbox 848 3063 935 3140; x_wconf 86' lang='lat' dir='ltr'><strong>uelit,</strong></span> <span class='ocrx_word' id='word_1_228' title='bbox 958 3064 992 3126; x_wconf 88' lang='lat' dir='ltr'><strong>et</strong></span> <span class='ocrx_word' id='word_1_229' title='bbox 1013 3063 1050 3125; x_wconf 91' lang='lat' dir='ltr'><strong>ut</strong></span> <span class='ocrx_word' id='word_1_230' title='bbox 1072 3064 1178 3125; x_wconf 86' lang='lat' dir='ltr'><strong>centra</strong></span> 
     </span>
     <span class='ocr_line' id='line_1_27' title="bbox 44 3161 1175 3244; baseline 0.001 -17"><span class='ocrx_word' id='word_1_231' title='bbox 44 3176 135 3227; x_wconf 78' lang='lat' dir='ltr'><strong>auam</strong></span> <span class='ocrx_word' id='word_1_232' title='bbox 158 3162 270 3244; x_wconf 82' lang='lat' dir='ltr'><strong>magis,</strong></span> <span class='ocrx_word' id='word_1_233' title='bbox 294 3180 389 3244; x_wconf 89' lang='lat' dir='ltr'><strong>qnam</strong></span> <span class='ocrx_word' id='word_1_234' title='bbox 410 3164 447 3227; x_wconf 91' lang='lat' dir='ltr'><strong>ut</strong></span> <span class='ocrx_word' id='word_1_235' title='bbox 469 3165 639 3229; x_wconf 89' lang='lat' dir='ltr'><strong>secundum</strong></span> <span class='ocrx_word' id='word_1_236' title='bbox 661 3184 749 3230; x_wconf 87' lang='lat' dir='ltr'><strong>suam</strong></span> <span class='ocrx_word' id='word_1_237' title='bbox 772 3166 932 3230; x_wconf 82' lang='lat' dir='ltr'><strong>exsisteret</strong></span> <span class='ocrx_word' id='word_1_238' title='bbox 948 3161 1175 3230; x_wconf 81' lang='lat' dir='ltr'><strong>uoluntatem.“</strong></span> 
     </span>
     <span class='ocr_line' id='line_1_28' title="bbox 45 3260 1177 3349; baseline 0.004 -23"><span class='ocrx_word' id='word_1_239' title='bbox 45 3260 114 3328; x_wconf 83' lang='lat' dir='ltr'><strong>Iam</strong></span> <span class='ocrx_word' id='word_1_240' title='bbox 137 3262 278 3347; x_wconf 86' lang='lat' dir='ltr'><strong>superine</strong></span> <span class='ocrx_word' id='word_1_241' title='bbox 308 3282 489 3347; x_wconf 86' lang='lat' dir='ltr'><strong>responsum</strong></span> <span class='ocrx_word' id='word_1_242' title='bbox 518 3268 580 3342; x_wconf 88' lang='lat' dir='ltr'><strong>est;</strong></span> <span class='ocrx_word' id='word_1_243' title='bbox 605 3270 657 3334; x_wconf 87' lang='lat' dir='ltr'><strong>sed</strong></span> <span class='ocrx_word' id='word_1_244' title='bbox 681 3267 858 3333; x_wconf 89' lang='lat' dir='ltr'><strong>addendum</strong></span> <span class='ocrx_word' id='word_1_245' title='bbox 880 3268 981 3343; x_wconf 89' lang='lat' dir='ltr'><strong>uideo,</strong></span> <span class='ocrx_word' id='word_1_246' title='bbox 1005 3267 1087 3349; x_wconf 86' lang='lat' dir='ltr'><strong>quod</strong></span> <span class='ocrx_word' id='word_1_247' title='bbox 1110 3284 1177 3348; x_wconf 90' lang='lat' dir='ltr'><strong>spe</strong></span> 
     </span>
     <span class='ocr_line' id='line_1_29' title="bbox 45 3365 1178 3453; baseline 0.003 -22"><span class='ocrx_word' id='word_1_248' title='bbox 45 3365 150 3431; x_wconf 76' lang='lat' dir='ltr'><strong>caini</strong></span> <span class='ocrx_word' id='word_1_249' title='bbox 173 3366 272 3433; x_wconf 86' lang='lat' dir='ltr'><strong>iacti</strong></span> <span class='ocrx_word' id='word_1_250' title='bbox 294 3387 435 3435; x_wconf 86' lang='lat' dir='ltr'><strong>sumus.</strong></span> <span class='ocrx_word' id='word_1_251' title='bbox 459 3388 545 3452; x_wconf 89' lang='lat' dir='ltr'><strong>spes</strong></span> <span class='ocrx_word' id='word_1_252' title='bbox 561 3371 698 3448; x_wconf 86' lang='lat' dir='ltr'><strong>antem,</strong></span> <span class='ocrx_word' id='word_1_253' title='bbox 722 3371 1005 3453; x_wconf 86' lang='lat' dir='ltr'><strong>queeuidetur‚</strong></span> <span class='ocrx_word' id='word_1_254' title='bbox 1028 3390 1102 3436; x_wconf 85' lang='lat' dir='ltr'><strong>nen</strong></span> <span class='ocrx_word' id='word_1_255' title='bbox 1118 3375 1178 3434; x_wconf 90' lang='lat' dir='ltr'><strong>eet</strong></span> 
     </span>
     <span class='ocr_line' id='line_1_30' title="bbox 45 3471 1177 3557; baseline 0.003 -22"><span class='ocrx_word' id='word_1_256' title='bbox 45 3486 150 3554; x_wconf 82' lang='lat' dir='ltr'><strong>upes;</strong></span> <span class='ocrx_word' id='word_1_257' title='bbox 181 3471 282 3553; x_wconf 86' lang='lat' dir='ltr'><strong>quod</strong></span> <span class='ocrx_word' id='word_1_258' title='bbox 305 3472 408 3537; x_wconf 92' lang='lat' dir='ltr'><strong>enim</strong></span> <span class='ocrx_word' id='word_1_259' title='bbox 431 3474 542 3539; x_wconf 90' lang='lat' dir='ltr'><strong>uidet</strong></span> <span class='ocrx_word' id='word_1_260' title='bbox 564 3475 664 3556; x_wconf 89' lang='lat' dir='ltr'><strong>quis,</strong></span> <span class='ocrx_word' id='word_1_261' title='bbox 688 3475 780 3556; x_wconf 86' lang='lat' dir='ltr'><strong>quid</strong></span> <span class='ocrx_word' id='word_1_262' title='bbox 802 3476 958 3557; x_wconf 82' lang='lat' dir='ltr'><strong>eperat?</strong></span> <span class='ocrx_word' id='word_1_263' title='bbox 988 3473 1022 3537; x_wconf 93' lang='lat' dir='ltr'><strong>si</strong></span> <span class='ocrx_word' id='word_1_264' title='bbox 1047 3475 1177 3538; x_wconf 88' lang='lat' dir='ltr'><strong>autem</strong></span> 
     </span>
    </p>
   </div>
   <div class='ocr_carea' id='block_1_6' title="bbox 150 3656 1128 3729">
    <p class='ocr_par' dir='ltr' id='par_1_7' title="bbox 150 3656 1128 3729">
     <span class='ocr_line' id='line_1_31' title="bbox 150 3656 1128 3729; baseline -0.002 -16"><span class='ocrx_word' id='word_1_265' title='bbox 150 3656 456 3728; x_wconf 76' lang='lat' dir='ltr'><strong>lef.iietta.a‚1aeq.</strong></span> <span class='ocrx_word' id='word_1_266' title='bbox 526 3660 718 3717; x_wconf 76' lang='lat' dir='ltr'><strong>liciHCer.</strong></span> <span class='ocrx_word' id='word_1_267' title='bbox 733 3661 804 3725; x_wconf 85' lang='grc'>4,16</span> <span class='ocrx_word' id='word_1_268' title='bbox 873 3661 906 3715; x_wconf 80' lang='grc'><strong>27</strong></span> <span class='ocrx_word' id='word_1_269' title='bbox 920 3662 996 3715; x_wconf 77' lang='lat' dir='ltr'><strong>Ituna</strong></span> <span class='ocrx_word' id='word_1_270' title='bbox 1008 3661 1032 3725; x_wconf 87' lang='lat'><strong>8,</strong></span> <span class='ocrx_word' id='word_1_271' title='bbox 1045 3660 1080 3714; x_wconf 83' lang='lat'><strong>24</strong></span> <span class='ocrx_word' id='word_1_272' title='bbox 1089 3675 1128 3729; x_wconf 80' lang='lat' dir='ltr'><strong>sq.</strong></span> 
     </span>
    </p>
   </div>
   <div class='ocr_carea' id='block_1_7' title="bbox 42 3828 1178 4333">
    <p class='ocr_par' dir='ltr' id='par_1_8' title="bbox 42 3828 1178 4333">
     <span class='ocr_line' id='line_1_32' title="bbox 97 3828 1111 3902; baseline 0.001 -19"><span class='ocrx_word' id='word_1_273' title='bbox 97 3828 114 3883; x_wconf 94' lang='lat' dir='ltr'>l</span> <span class='ocrx_word' id='word_1_274' title='bbox 131 3829 196 3899; x_wconf 79' lang='lat' dir='ltr'><strong>qnia</strong></span> <span class='ocrx_word' id='word_1_275' title='bbox 207 3829 245 3884; x_wconf 91' lang='lat' dir='ltr'><strong>P:</strong></span> <span class='ocrx_word' id='word_1_276' title='bbox 273 3829 320 3899; x_wconf 92' lang='lat' dir='ltr'><strong>qui</strong></span> <span class='ocrx_word' id='word_1_277' title='bbox 336 3830 363 3883; x_wconf 89' lang='lat' dir='ltr'><strong><em>V</em></strong></span> <span class='ocrx_word' id='word_1_278' title='bbox 427 3830 445 3884; x_wconf 82' lang='grc'>3</span> <span class='ocrx_word' id='word_1_279' title='bbox 462 3830 501 3886; x_wconf 90' lang='lat' dir='ltr'><strong>VI</strong></span> <span class='ocrx_word' id='word_1_280' title='bbox 517 3831 554 3885; x_wconf 88' lang='lat' dir='ltr'><strong>P:</strong></span> <span class='ocrx_word' id='word_1_281' title='bbox 582 3847 632 3885; x_wconf 77' lang='lat' dir='ltr'><strong>ora.</strong></span> <span class='ocrx_word' id='word_1_282' title='bbox 648 3831 675 3884; x_wconf 89' lang='lat' dir='ltr'><strong><em>V</em></strong></span> <span class='ocrx_word' id='word_1_283' title='bbox 748 3832 766 3886; x_wconf 82' lang='lat'><strong>5</strong></span> <span class='ocrx_word' id='word_1_284' title='bbox 782 3831 913 3902; x_wconf 89' lang='lat' dir='ltr'><strong>quomedo</strong></span> <span class='ocrx_word' id='word_1_285' title='bbox 930 3832 967 3887; x_wconf 89' lang='lat' dir='ltr'><strong>V:</strong></span> <span class='ocrx_word' id='word_1_286' title='bbox 993 3847 1040 3886; x_wconf 86' lang='lat' dir='ltr'><strong>ear</strong></span> <span class='ocrx_word' id='word_1_287' title='bbox 1055 3829 1111 3885; x_wconf 79' lang='lat' dir='ltr'><strong>GP</strong></span> 
     </span>
     <span class='ocr_line' id='line_1_33' title="bbox 46 3912 1177 3986; baseline 0.002 -18"><span class='ocrx_word' id='word_1_288' title='bbox 46 3912 62 3968; x_wconf 83' lang='grc'><strong>7</strong></span> <span class='ocrx_word' id='word_1_289' title='bbox 78 3916 197 3984; x_wconf 78' lang='lat' dir='ltr'><strong>praecipi</strong></span> <span class='ocrx_word' id='word_1_290' title='bbox 214 3916 295 3970; x_wconf 77' lang='lat' dir='ltr'><strong>rectis</strong></span> <span class='ocrx_word' id='word_1_291' title='bbox 315 3916 381 3972; x_wconf 78' lang='lat' dir='ltr'><strong>GP:</strong></span> <span class='ocrx_word' id='word_1_292' title='bbox 408 3918 595 3986; x_wconf 85' lang='lat' dir='ltr'><strong>praeciperetis</strong></span> <span class='ocrx_word' id='word_1_293' title='bbox 613 3918 639 3972; x_wconf 94' lang='lat' dir='ltr'><strong><em>V</em></strong></span> <span class='ocrx_word' id='word_1_294' title='bbox 734 3918 917 3972; x_wconf 72' lang='lat' dir='ltr'><strong>asennaeum</strong></span> <span class='ocrx_word' id='word_1_295' title='bbox 936 3919 964 3973; x_wconf 92' lang='lat' dir='ltr'><em>P</em></span> <span class='ocrx_word' id='word_1_296' title='bbox 1062 3919 1093 3972; x_wconf 90' lang='lat' dir='ltr'><strong>il</strong></span> <span class='ocrx_word' id='word_1_297' title='bbox 1112 3916 1177 3986; x_wconf 87' lang='lat' dir='ltr'><strong>VII]</strong></span> 
     </span>
     <span class='ocr_line' id='line_1_34' title="bbox 44 4000 1178 4072; baseline 0.002 -17"><span class='ocrx_word' id='word_1_298' title='bbox 44 4014 95 4055; x_wconf 75' lang='lat' dir='ltr'><strong>aue</strong></span> <span class='ocrx_word' id='word_1_299' title='bbox 113 4000 172 4055; x_wconf 90' lang='lat' dir='ltr'><strong>PV</strong></span> <span class='ocrx_word' id='word_1_300' title='bbox 254 4002 352 4057; x_wconf 87' lang='lat' dir='ltr'><strong>iterum</strong></span> <span class='ocrx_word' id='word_1_301' title='bbox 370 4002 451 4057; x_wconf 83' lang='lat' dir='ltr'><strong><em>P’V=</em></strong></span> <span class='ocrx_word' id='word_1_302' title='bbox 477 4003 543 4057; x_wconf 90' lang='lat' dir='ltr'><strong>item</strong></span> <span class='ocrx_word' id='word_1_303' title='bbox 561 4003 600 4058; x_wconf 79' lang='grc' dir='ltr'><strong>Ρ·</strong></span> <span class='ocrx_word' id='word_1_304' title='bbox 689 4005 753 4059; x_wconf 86' lang='lat' dir='ltr'><strong>deus</strong></span> <span class='ocrx_word' id='word_1_305' title='bbox 771 4005 905 4059; x_wconf 84' lang='lat' dir='ltr'><strong>bominem</strong></span> <span class='ocrx_word' id='word_1_306' title='bbox 924 4006 953 4061; x_wconf 91' lang='lat' dir='ltr'><strong><em>P</em></strong></span> <span class='ocrx_word' id='word_1_307' title='bbox 1045 4003 1178 4072; x_wconf 75' lang='lat' dir='ltr'>19v111]</span> 
     </span>
     <span class='ocr_line' id='line_1_35' title="bbox 44 4088 1111 4147; baseline 0 -4"><span class='ocrx_word' id='word_1_308' title='bbox 44 4102 96 4144; x_wconf 73' lang='lat' dir='ltr'><strong>on.</strong></span> <span class='ocrx_word' id='word_1_309' title='bbox 114 4088 172 4143; x_wconf 89' lang='lat' dir='ltr'><strong>PV</strong></span> <span class='ocrx_word' id='word_1_310' title='bbox 272 4088 370 4143; x_wconf 80' lang='lat' dir='ltr'><strong>iterum</strong></span> <span class='ocrx_word' id='word_1_311' title='bbox 395 4089 473 4145; x_wconf 81' lang='lat' dir='ltr'><strong><em>P²V2</em></strong></span> <span class='ocrx_word' id='word_1_312' title='bbox 503 4092 569 4146; x_wconf 87' lang='lat' dir='ltr'><strong>item</strong></span> <span class='ocrx_word' id='word_1_313' title='bbox 595 4091 660 4146; x_wconf 77' lang='lat'><strong>01²¹</strong></span> <span class='ocrx_word' id='word_1_314' title='bbox 761 4091 796 4145; x_wconf 75' lang='lat'><strong>20</strong></span> <span class='ocrx_word' id='word_1_315' title='bbox 818 4091 952 4147; x_wconf 87' lang='lat' dir='ltr'><strong>hominem</strong></span> <span class='ocrx_word' id='word_1_316' title='bbox 975 4107 1029 4146; x_wconf 88' lang='lat' dir='ltr'><strong>esse</strong></span> <span class='ocrx_word' id='word_1_317' title='bbox 1056 4091 1111 4145; x_wconf 82' lang='lat' dir='ltr'><strong>GP</strong></span> 
     </span>
     <span class='ocr_line' id='line_1_36' title="bbox 43 4174 1109 4248; baseline 0.002 -20"><span class='ocrx_word' id='word_1_318' title='bbox 43 4174 79 4229; x_wconf 76' lang='lat'><strong>23</strong></span> <span class='ocrx_word' id='word_1_319' title='bbox 94 4190 152 4229; x_wconf 80' lang='grc' dir='ltr'><strong>θιθθ</strong></span> <span class='ocrx_word' id='word_1_320' title='bbox 169 4175 229 4229; x_wconf 73' lang='lat' dir='ltr'><strong>sine</strong></span> <span class='ocrx_word' id='word_1_321' title='bbox 250 4176 288 4231; x_wconf 86' lang='lat' dir='ltr'><strong>V:</strong></span> <span class='ocrx_word' id='word_1_322' title='bbox 313 4178 396 4230; x_wconf 85' lang='lat' dir='ltr'><strong>etiam</strong></span> <span class='ocrx_word' id='word_1_323' title='bbox 415 4178 472 4232; x_wconf 81' lang='lat' dir='ltr'><strong>eine</strong></span> <span class='ocrx_word' id='word_1_324' title='bbox 490 4178 518 4232; x_wconf 94' lang='lat' dir='ltr'><strong><em>P</em></strong></span> <span class='ocrx_word' id='word_1_325' title='bbox 605 4179 639 4232; x_wconf 78' lang='lat'><strong>26</strong></span> <span class='ocrx_word' id='word_1_326' title='bbox 657 4195 731 4234; x_wconf 84' lang='lat' dir='ltr'><strong>suam</strong></span> <span class='ocrx_word' id='word_1_327' title='bbox 742 4180 829 4248; x_wconf 83' lang='lat' dir='ltr'><strong>magis</strong></span> <span class='ocrx_word' id='word_1_328' title='bbox 845 4179 882 4234; x_wconf 92' lang='lat' dir='ltr'><strong>V:</strong></span> <span class='ocrx_word' id='word_1_329' title='bbox 910 4193 958 4233; x_wconf 83' lang='lat' dir='ltr'><strong>sua</strong></span> <span class='ocrx_word' id='word_1_330' title='bbox 976 4178 1062 4246; x_wconf 82' lang='lat' dir='ltr'><strong>magis</strong></span> <span class='ocrx_word' id='word_1_331' title='bbox 1082 4176 1109 4230; x_wconf 90' lang='lat' dir='ltr'><strong><em>P</em></strong></span> 
     </span>
     <span class='ocr_line' id='line_1_37' title="bbox 42 4262 540 4333; baseline 0 -14"><span class='ocrx_word' id='word_1_332' title='bbox 42 4262 540 4333; x_wconf 62' lang='lat' dir='ltr'><strong>wapentheaeceramw</strong></span> 
     </span>
    </p>
   </div>
   <div class='ocr_carea' id='block_1_8' title="bbox 0 0 1384 4814">
    <p class='ocr_par' dir='ltr' id='par_1_9' title="bbox 0 0 1384 4814">
     <span class='ocr_line' id='line_1_38' title="bbox 0 0 1384 4814; baseline 0 0"><span class='ocrx_word' id='word_1_333' title='bbox 0 0 1384 4814; x_wconf 95' lang='lat' dir='ltr'><strong> </strong></span> 
     </span>
    </p>
   </div>
  </div>
 </body>
</html>
