2760 4814
143 335 206 402 164
397 384 399 388 -
623 333 789 402 nugrppu

140 523 353 608 euangelicam
370 523 580 589 narrationem
594 522 793 588 uerissimam
806 524 978 587 credimus:
1000 524 1047 588 ita
1061 542 1118 590 nec
1132 525 1272 604 euange-

140 625 233 693 listae
264 625 446 709 derogamus
478 625 573 690 fidem
599 624 766 690 scribentis
795 626 828 688 et
848 624 955 691 Iudaei
983 644 1090 692 uocem
1120 626 1271 709 blasphe-

139 730 255 795 mantis
286 729 456 795 horremus.
492 747 550 793 noc
578 729 680 794 solum
713 728 821 809 impiis
851 731 883 793 et
904 727 1046 794 nefandis
1076 729 1268 808 hominibus,

139 833 194 899 sed
216 852 275 899 noc
297 833 374 915 ipsis
398 835 430 898 in
451 832 512 898 fide
534 834 675 915 paruulis
692 835 795 914 atque
803 831 905 897 adhuc
918 832 1051 896 rudibus
1066 835 1099 897 et
1120 832 1269 908 indoctis,

139 936 192 1018 qui
222 935 303 1002 forte
329 936 375 1002 ihi
396 936 556 1018 loquentes
587 937 880 1012 commemorantur,
912 936 1074 1018 tamquam
1103 937 1307 1001 canonicaer

138 1039 320 1106 auctoritati
343 1039 613 1105 accommodamus
635 1039 741 1104 fidem.
778 1058 877 1122 nequo
900 1041 985 1104 onim
1007 1041 1080 1121 quia
1101 1039 1155 1104 ille
1180 1042 1269 1104 cuius

138 1142 223 1208 caeci
245 1144 311 1208 nati
332 1144 437 1208 oculos
460 1142 603 1206 dominus
625 1144 790 1224 aperuerat
811 1141 873 1206 ait:
897 1144 1044 1207 scimus
1066 1142 1158 1224 quia
1179 1160 1269 1226 pao·

138 1247 292 1312 catores
325 1245 418 1312 dous
451 1263 525 1310 non
558 1244 732 1326 exaudit,
765 1244 833 1310 ideo
866 1245 961 1310 istam
991 1245 1182 1310 sententiam
1212 1262 1269 1327 pro

137 1349 317 1432 euangelica
339 1349 525 1415 auctoritate
546 1349 592 1414 sic
613 1348 760 1414 debemus
781 1349 932 1433 accipere,
957 1353 992 1413 ut
1014 1349 1091 1431 ipsis
1112 1348 1145 1412 in
1168 1366 1268 1412 euan-

135 1453 217 1537 gelio
239 1453 342 1518 uerbis
364 1453 480 1518 domini
502 1453 693 1530 resistamus,
722 1453 777 1535 qui
799 1471 870 1516 eum
892 1452 945 1536 qui
967 1451 1064 1519 dixit:
1092 1450 1307 1532 dominam

136 1556 332 1639 propitius
361 1560 446 1620 esto
476 1554 572 1620 mihi
601 1555 823 1636 peccatori,
855 1556 955 1638 magis
978 1554 1186 1620 iustificatum
1211 1554 1267 1619 de·

136 1660 293 1724 scendisse
314 1661 352 1724 de
374 1658 492 1740 templo
522 1675 616 1739 quam
645 1659 845 1740 pharisaeum
875 1659 1014 1724 iustitias
1036 1677 1107 1724 snas
1129 1675 1267 1722 comme-

135 1764 310 1827 morantem
331 1761 426 1842 atque
449 1760 619 1825 iactantem
642 1760 751 1826 diuina
775 1780 850 1827 uoce
871 1761 1021 1827 firmauit.
1056 1779 1113 1826 nec
1133 1779 1265 1826 suscen-

135 1868 201 1929 seat
228 1864 289 1928 iste
316 1882 422 1928 recens
452 1863 649 1929 illuminatus
678 1865 713 1929 in
741 1883 844 1948 carne,
874 1866 1050 1946 quodsum
1073 1864 1207 1928 diximus
1231 1864 1265 1928 in

135 1985 210 2032 snas
236 1966 309 2032 fidei
338 1967 491 2048 tirocinio,
520 1968 644 2049 quando
672 1967 774 2032 adhuc
803 1967 872 2049 quis
899 1971 980 2032 esset
1002 1969 1056 2050 qui
1078 1987 1150 2032 enm
1171 1985 1305 2033 sana-rs

135 2070 224 2136 uerat
244 2068 412 2146 nesciebat,
434 2071 538 2136 minus
563 2071 853 2154 circuminspectam
875 2070 1040 2154 protulisse
1062 2069 1264 2145 sententiam,

135 2171 229 2255 quia
260 2177 485 2255 peccatores
513 2176 606 2239 deus
638 2192 713 2237 non
742 2176 916 2252 exaudit,
952 2193 1025 2238 cum
1047 2174 1108 2256 ipsi
1130 2174 1264 2256 apostoli

133 2294 207 2358 prae
228 2277 339 2340 ceteris
362 2276 454 2340 electi
469 2282 503 2342 ot
524 2278 642 2343 domini
664 2276 817 2343 lateribus
839 2278 1038 2343 cohaerentes
1061 2277 1188 2358 eiusque
1210 2293 1264 2340 ore

134 2381 303 2461 pendentes
326 2378 428 2443 multa
449 2380 643 2462 reperiantur
664 2380 869 2463 improbanda
890 2381 1004 2446 dixisse
1027 2399 1105 2462 quae
1127 2396 1265 2444 comme·

135 2499 254 2545 morare
275 2479 429 2564 prolixum
451 2486 507 2560 est,
531 2483 579 2546 ita
599 2487 635 2546 ut
658 2481 769 2548 heatus
789 2483 903 2548 Petrus
926 2486 963 2548 de
986 2483 1171 2565 quibusdam
1192 2501 1308 2549 uer-as

134 2583 182 2648 his
205 2583 271 2647 suis
301 2600 363 2646 non
394 2583 494 2648 solum
522 2584 715 2665 reprehendi,
746 2588 800 2651 sed
830 2588 924 2651 stiam
954 2590 1080 2651 satanas
1110 2585 1264 2669 appellari

134 2687 292 2751 meruerit.
330 2704 515 2768 quamquam
544 2688 579 2751 in
613 2692 842 2771 comparatione
875 2689 1016 2756 iustitiae
1049 2690 1108 2767 dei,
1145 2690 1172 2753 si
1205 2706 1265 2754 nec

134 2788 237 2854 sancti
259 2790 291 2853 in
314 2788 408 2852 caelis
438 2790 543 2873 angeli
572 2791 649 2855 iusti
676 2810 742 2858 esse
765 2793 919 2872 dicantur,
949 2812 1012 2859 non
1034 2793 1113 2859 mihi
1134 2793 1265 2858 uidetur

133 2894 314 2976 importuna
342 2893 511 2976 sententia3
542 2911 603 2959 non
633 2895 706 2976 quia
727 2898 764 2960 ut
790 2897 848 2961 hoa
871 2899 973 2962 essent
996 2917 1015 2962 a
1036 2896 1159 2961 iustitia
1179 2897 1263 2979 lapsi

133 2997 295 3071 suntsed
318 2995 393 3078 quia
422 2994 496 3060 iacti
518 2999 592 3061 suut
613 2999 647 3061 et
668 2996 742 3063 deus
770 3017 832 3064 non
861 3002 935 3065 sunt
960 3002 1146 3082 tantumque
1167 3001 1309 3084 spiri-rs

132 3100 207 3166 talis
235 3099 364 3164 luminis
396 3098 508 3164 habere
536 3117 599 3164 non
619 3105 759 3182 possunt,
790 3106 940 3183 quantum
963 3103 1058 3169 hahet
1079 3103 1135 3168 ille
1157 3124 1177 3169 a
1200 3122 1264 3186 quo

133 3202 210 3268 facti
231 3208 318 3268 sunt.
348 3202 393 3267 ihi
415 3203 498 3267 enim
521 3222 644 3268 summa
666 3205 800 3283 iustitia,
823 3205 867 3270 ibi
889 3224 1011 3272 summa
1032 3207 1206 3288 sapientia:
1230 3214 1264 3272 et

132 3304 191 3371 hoc
213 3306 289 3371 deus
311 3310 367 3388 est,
395 3305 433 3370 de
455 3322 515 3387 qno
544 3305 663 3370 dictum
694 3310 758 3373 ost:
791 3308 868 3374 soli
889 3310 1069 3393 sapienti
1091 3310 1170 3376 deo.
1207 3314 1263 3376 sed

235 3489 314 3544 710.
333 3490 358 3555 9,
375 3488 408 3544 31
525 3490 558 3545 10
581 3490 757 3559 Luo.18,13
871 3493 906 3547 20
928 3495 963 3550 ci.
982 3495 1080 3548 Matth.
1100 3495 1140 3561 16,
1158 3496 1193 3550 23

131 3576 165 3632 28
183 3576 371 3640 semlant

181 3729 354 3784 tacribentes
370 3731 404 3784 Τ·
422 3729 596 3786 scribendine
680 3732 791 3801 totque
803 3748 853 3788 cra.
866 3733 909 3788 Po
992 3733 1089 3804 adhuc]
1101 3734 1154 3790 huc
1169 3736 1196 3791 1·

129 3818 147 3872 δ
164 3816 322 3871 chanonicae
338 3816 376 3871 M
381 3814 408 3870 V
494 3816 682 3873 tauctoritato
695 3817 729 3872 ΤΙ
816 3819 831 3873 t
851 3819 976 3874 dominns
993 3835 1044 3876 om.
1061 3837 1078 3874 o
1164 3837 1264 3890 aparu-

129 3904 189 3957 erat
216 3901 255 3956 1³¹
369 3903 401 3955 11
431 3901 589 3957 maome
617 3921 634 3958 o
752 3904 784 3959 13
813 3905 942 3959 boantem
977 3906 1002 3960 Τ
1108 3911 1264 3962 succenseat

60 3982 64 3990 ’
132 3989 172 4045 To
201 4003 248 4043 sno
269 3990 374 4042 censeat
396 3987 425 4042 P
533 3989 566 4043 14
588 3989 770 4046 inluminatus
792 3991 861 4048 Pro
963 3992 1079 4047 diximus
1101 4008 1152 4047 om.
1175 4011 1194 4048 c

130 4075 163 4129 lt
189 4073 319 4144 tyrocinio
345 4072 414 4128 MV
523 4075 557 4130 16
583 4075 800 4145 circumspectam
829 4077 898 4133 Pru
1013 4078 1046 4132 19
1075 4079 1265 4148 repperiantur

128 4160 157 4215 P
242 4161 440 4215 commemorari
457 4178 475 4218 o
560 4161 595 4216 20
612 4163 655 4232 ut]
673 4166 700 4216 et
717 4162 756 4217 Ρι
845 4162 880 4218 22
896 4163 930 4233 si]
948 4163 1022 4219 eico
1106 4179 1141 4219 ne
1159 4168 1265 4223 sancus

128 4245 166 4302 1²¹
267 4245 302 4300 21
319 4245 389 4301 labri
410 4246 436 4302 V
536 4245 570 4302 26
587 4246 643 4316 ille]
662 4248 719 4317 ipse
738 4248 765 4303 T
864 4249 897 4303 27
917 4249 965 4304 ahi
983 4250 1055 4305 enim
1073 4250 1140 4306 ΡΨ
