2760 4814
84 516 86 521 ’
211 498 276 569 850
527 532 532 569 ι
693 498 857 568 ΕΠΒῙΡΡῙῘ

118 690 120 695 ’
210 694 243 758 et
264 692 359 773 ipsae,
383 687 443 753 uisi
464 688 588 753 lectoris
612 686 710 752 nimia
730 687 883 752 nitientur
904 686 1032 770 incuria,
1053 688 1109 752 ant
1130 690 1254 772 regulis
1268 692 1339 758 fidei

211 793 409 879 corriguntur
448 793 503 855 aut
545 789 756 872 praecedentis
800 791 851 855 nel
888 791 1102 874 consequentis
1139 793 1338 860 contextione

210 894 361 965 sermonis
377 897 442 972 aut,
457 895 485 958 si
497 894 642 957 neutum
655 892 764 959 horum
776 893 940 959 adhibetur
952 896 990 959 ad
1002 893 1236 972 correctionem,
1253 897 1337 963 nihi·

209 1001 343 1066 lominus
373 997 486 1063 dubiae
508 997 721 1078 remanebunt,
743 997 781 1061 ut
802 997 941 1079 quolibet
963 997 1054 1062 modo
1075 997 1177 1063 lector
1198 1016 1336 1083 pronun-

208 1103 344 1179 tiauerit,
366 1120 427 1168 non
449 1101 491 1165 sit
512 1100 546 1166 in
568 1100 666 1184 culpa.
703 1101 764 1165 nisi
786 1100 871 1164 enim
895 1099 970 1166 fides
992 1101 1125 1184 reuocet,
1148 1119 1215 1184 qua
1235 1102 1362 1168 credi-r

207 1226 278 1272 mus
301 1207 392 1271 deum
417 1223 479 1269 non
501 1206 719 1270 accusaturum
741 1206 888 1270 aduersus
910 1205 1024 1270 clectos
1038 1223 1109 1270 suos
1125 1209 1158 1269 et
1173 1203 1332 1271 Christum

208 1327 269 1376 non
291 1312 568 1375 condemnaturum
592 1308 706 1373 electos
730 1326 811 1384 suos,
834 1311 937 1390 potest
958 1307 1039 1373 illud
1060 1307 1105 1373 sic
1119 1308 1332 1391 pronuntiari:

205 1411 295 1495 quis
329 1415 534 1479 accusabit
567 1410 754 1477 aduersus
778 1412 921 1477 electos
943 1413 1027 1478 deit
1060 1412 1097 1476 ιιι
1131 1412 1213 1478 bauo
1236 1412 1331 1478 inter-

205 1518 397 1601 rogationem
421 1516 508 1598 quasi
531 1515 689 1599 responsio
707 1516 931 1597 subsequatur:
954 1514 1063 1592 dens,
1085 1515 1151 1597 qui
1174 1515 1330 1581 iustiti-

205 1623 268 1685 cat
297 1620 328 1684 et
356 1618 433 1683 item
460 1618 684 1701 interrogetur:
707 1618 795 1700 quis
823 1619 901 1697 est,
930 1618 994 1700 qui
1019 1616 1282 1684 condemnet?
1302 1619 1358 1685 eto

204 1723 440 1803 respondeatur:
473 1721 657 1788 christus
686 1721 811 1804 Iesus,
846 1722 910 1804 qui
943 1725 1121 1787 mortuns
1143 1726 1214 1788 est
1250 1720 1329 1805 quod

203 1824 327 1890 credero
354 1826 427 1906 quie
453 1824 723 1890 dementissimum
747 1826 802 1903 ost,
826 1824 871 1889 ita
893 1823 1157 1906 pronuntiabitur,
1182 1827 1220 1889 ιιι
1240 1843 1327 1909 prae

202 1926 295 1992 cedat
316 1927 517 2010 percontatio,
540 1928 687 2010 sequatur
709 1928 920 2011 interrogatio.
955 1929 1037 1992 inter
1059 1929 1326 2009 percontationem

201 2030 307 2095 autem
330 2032 361 2095 et
383 2030 657 2115 interrogationem
679 2031 735 2096 hoc
757 2032 877 2096 ueteres
899 2031 1050 2095 interesse
1073 2031 1229 2111 dixerrmt,
1247 2029 1325 2113 quod

86 2190 89 2195 ,
201 2134 239 2199 ad
254 2134 521 2216 percontationem
535 2136 637 2201 multa
652 2135 827 2219 responderi
841 2135 981 2216 possunt,
997 2135 1037 2199 ad
1049 2135 1323 2216 interrogationem
1333 2162 1353 2202 ιι

200 2255 273 2302 uero
295 2238 351 2303 aut
374 2239 473 2322 „non“
498 2240 554 2303 ant
578 2237 722 2322 ,etiam“.
753 2237 1009 2321 pronuntiabitur
1031 2255 1102 2321 ergo
1124 2236 1182 2315 ita,
1207 2238 1244 2302 nt
1258 2239 1323 2320 post

198 2341 475 2422 percontationem,
505 2359 566 2423 qua
588 2342 735 2407 dicimus:
770 2341 857 2423 quis
892 2341 1103 2406 accusabit
1136 2343 1322 2406 aduersus

199 2444 233 2509 el
242 2448 304 2509 oct
313 2463 352 2509 os
367 2444 452 2508 dei?
467 2443 546 2508 illud
558 2444 638 2526 qnod
651 2444 791 2526 sequitur
803 2463 875 2509 sono
889 2443 1110 2528 interrogantis
1126 2444 1320 2509 enuntietur:

197 2550 306 2626 deus,
329 2548 395 2629 qni
417 2547 641 2612 iustificat?
658 2547 695 2612 ιιι
709 2548 806 2612 tacite
821 2551 1059 2630 respondeatur:
1078 2549 1180 2631 ,non“
1200 2548 1320 2611 etitem

197 2655 429 2732 percontemur:
442 2654 538 2734 quis,
554 2652 618 2734 qui
634 2668 702 2715 con
712 2652 889 2716 demeat?
902 2669 1073 2733 rursusque
1081 2651 1348 2732 interrogemuszs

197 2752 383 2817 Christus
402 2755 528 2833 Iesus,
553 2756 618 2837 qui
640 2760 814 2820 mortuus
832 2759 909 2833 est,
932 2754 1062 2837 magis
1083 2758 1233 2830 autem,
1256 2753 1318 2836 qui

195 2856 433 2934 resurrexit,
456 2858 521 2939 qui
543 2860 603 2921 est
624 2858 664 2922 in
682 2858 922 2923 dexteradei
938 2857 1054 2940 etqui
1076 2856 1318 2939 interpellat

194 2975 259 3040 pro
281 2958 418 3023 nobie?
441 2962 475 3023 ut
492 2959 604 3042 ubique
619 2960 714 3024 tacite
729 2960 963 3042 respondeatur:
984 2959 1096 3040 ,oon“.
1128 2962 1162 3025 at
1177 2979 1252 3025 noro
1267 2958 1317 3025 illo

194 3058 318 3136 inloco,
336 3059 391 3124 ubi
409 3061 469 3127 ait:
493 3063 586 3144 qnid
610 3082 700 3146 ergo
718 3062 917 3127 dicemus?
941 3062 1031 3143 quia
1052 3064 1203 3147 gentes,
1228 3080 1316 3147 qnae

194 3181 267 3227 non
297 3165 557 3230 sectabantur
589 3165 800 3244 iustitiam,
833 3164 1174 3248 apprehenderunt
1207 3165 1343 3231 iusti-s

193 3265 305 3347 tiam,
330 3268 392 3333 nisi
409 3273 481 3354 poet
502 3271 777 3351 percontationem,
801 3288 863 3352 qua
877 3270 996 3334 dictum
1020 3272 1084 3334 est:
1107 3269 1203 3351 quid
1226 3285 1314 3353 ergo

192 3370 385 3436 dicemus?
400 3374 555 3456 responsio
570 3374 754 3438 subiciatur:
771 3373 860 3455 qnia
874 3373 1024 3455 gentes,
1041 3389 1137 3453 quae
1152 3391 1228 3438 non
1243 3389 1314 3437 sec·

192 3474 381 3539 tabantur
403 3475 619 3552 iustitiam,
642 3474 984 3557 apprehenderunt
1006 3474 1228 3558 iustitiam,
1252 3482 1313 3541 ter·

190 3576 241 3640 tus
257 3594 445 3660 consequens
457 3597 517 3643 noo
529 3578 714 3644 cohaerebit.
731 3578 871 3660 qualibet
886 3582 992 3643 autem
1006 3595 1082 3643 uoco
1096 3580 1313 3660 pronuntietur

291 3758 308 3810 8
326 3759 365 3822 (et
385 3759 428 3826 17)
446 3759 522 3812 Rom.
540 3758 564 3823 8,
583 3758 665 3826 33sq.
769 3757 803 3811 24
821 3757 895 3811 Rom.
913 3758 939 3822 9,
956 3757 991 3811 30

240 3918 257 3971 2
274 3920 458 3987 praecedentes
476 3937 492 3974 o
578 3921 744 3976 contextione
761 3937 796 3974 o:
822 3920 973 3975 contexione
992 3920 1019 3973 V
1042 3920 1184 3975 conexione
1205 3922 1250 3977 Ge

187 4001 324 4058 4dnbiae
346 4004 400 4058 Ge:
430 4007 558 4061 dubiaV
659 4007 785 4075 ‘dpotest
804 4007 871 4062 GV:
901 4014 995 4075 posto
1097 4006 1114 4060 9
1137 4006 1315 4078 subsequetur

194 4088 228 4142 V:
257 4093 432 4159 consequatur
451 4093 518 4148 G'P
550 4096 747 4163 consequatur
767 4094 821 4149 G¹o
922 4093 956 4147 13
978 4094 1164 4161 percunctetio
1183 4095 1253 4160 oea
1278 4095 1316 4151 sto

186 4191 291 4244 semper
392 4177 426 4230 14
443 4179 513 4245 qnod
534 4180 570 4235 V:
599 4196 646 4250 pro
664 4178 735 4248 qdo
836 4179 870 4234 20
888 4181 947 4249 quis
969 4178 1005 4233 V:
1035 4178 1096 4247 quis
1113 4183 1158 4233 est
1178 4180 1250 4237 01²0

185 4261 345 4316 condemnat
369 4263 448 4319 0¹1⁷:
478 4264 634 4320 oondomnet
658 4264 749 4321 0²P²e
777 4267 928 4320 contemnet
951 4264 989 4317 Ρι
1092 4264 1127 4318 22
1150 4268 1179 4320 et
1203 4269 1253 4337 qni
1281 4268 1317 4327 V:

186 4348 233 4417 qni
252 4347 307 4404 G¹o
336 4349 486 4417 quiret?
589 4351 673 4406 aaut
694 4352 731 4406 V:
762 4353 823 4406 eto
926 4348 1251 4416 24(et27)dicimnse

184 4433 218 4489 29
235 4432 369 4489 coherebit
390 4434 417 4489 V
