2760 4814
140 287 181 363 83
624 283 790 353 Eugippii

183 474 243 542 Sed
266 473 416 555 quomodo
438 471 592 537 minuitur
615 477 669 536 aut
692 471 887 538 consumitur
916 472 1059 536 futurum
1089 477 1168 555 quod
1192 493 1246 539 nor

140 579 216 653 dum
239 578 311 642 est?
334 580 389 642 aut
410 579 563 658 quomodo
581 577 694 641 crescit
716 577 921 660 praeteritum
943 577 1025 659 quod
1048 577 1111 642 iam
1134 596 1195 642 non
1212 596 1246 642 es

139 681 200 749 nisi
222 681 297 762 quia
318 680 352 745 in
375 680 479 746 animo
510 679 564 761 qui
596 679 676 745 illud
698 679 766 762 agit
793 680 855 744 tria
878 681 975 745 sunt?
1008 699 1082 745 nam
1111 686 1246 764 exspecta

139 789 172 852 et
202 786 350 851 attendit.
368 790 400 848 et
429 782 584 861 meminit,
618 786 655 848 ut
683 783 716 847 id
747 786 827 865 quod
862 786 1021 866 exspectat
1053 802 1107 869 per
1133 785 1245 868 idque

139 886 275 953 attendit
311 889 448 955 transeat
481 889 513 952 in
542 887 575 952 id
598 888 680 969 quod
712 887 901 954 meminerit.
939 889 1009 970 quis
1042 888 1139 972 igitur
1174 907 1245 971 nega

139 988 281 1076 (futura)
295 991 435 1056 nondum
449 992 538 1055 esse?
561 993 613 1055 sed
629 992 736 1055 tamen
752 992 814 1054 iam
829 993 879 1055 est
897 992 930 1056 in
954 991 1058 1056 animo
1081 992 1245 1073 exspectati

138 1093 326 1167 futurorum.
357 1098 389 1160 et
412 1093 481 1176 quis
503 1099 596 1177 negat
617 1095 785 1176 praeterita
806 1095 871 1158 iam
885 1112 946 1158 non
971 1098 1062 1159 esse?
1084 1099 1137 1160 sed
1160 1101 1245 1159 tame

137 1198 239 1264 adhuc
273 1204 321 1263 est
343 1200 374 1263 in
401 1199 504 1262 animo
538 1199 688 1263 memoria
721 1197 971 1280 praeteritorum.
1009 1201 1041 1262 et
1072 1198 1140 1279 quis
1173 1215 1245 1281 nega

137 1320 281 1385 praesens
304 1306 428 1385 tempus
450 1319 553 1366 carere
576 1301 687 1384 spatio,
717 1301 791 1382 quia
811 1302 845 1367 in
867 1302 982 1385 puncto
1004 1302 1179 1383 praeterit?
1213 1320 1245 1365 se

138 1411 245 1471 tamen
268 1407 416 1490 perdurat
439 1404 584 1480 attentio,
607 1422 662 1486 per
684 1423 779 1486 quam
800 1406 912 1488 pergat
934 1404 1044 1470 abesse
1060 1406 1140 1488 quod
1156 1404 1246 1469 aderit

137 1526 196 1574 non
220 1508 316 1592 igitur
339 1511 469 1591 lengum
492 1518 617 1590 tempus
637 1507 788 1587 futurum,
812 1509 893 1590 quod
909 1528 971 1574 non
988 1513 1043 1586 est,
1067 1508 1120 1572 sed
1137 1507 1246 1590 longor

136 1611 279 1677 futurum
294 1612 387 1696 longa
402 1611 592 1694 exspectatio
607 1611 707 1677 futuri
723 1617 787 1696 est3
803 1631 902 1694 neque
918 1612 1047 1696 longum
1062 1613 1246 1696 praeteritur

136 1717 274 1796 tempus,¹
294 1719 374 1797 quod
397 1733 459 1780 non
481 1720 539 1794 est,
563 1717 618 1781 sed
639 1716 770 1799 longum
784 1715 991 1800 praeteritum
1007 1718 1100 1801 longa
1115 1717 1247 1797 memori

135 1817 298 1900 praeteriti
327 1822 387 1884 est.
424 1819 564 1884 dicturus
592 1837 663 1884 sum
692 1820 850 1885 canticum
873 1819 955 1901 quod
976 1821 1065 1885 noui:
1098 1824 1246 1904 antequar

135 1921 296 2005 incipiam,
318 1923 351 1987 in
373 1924 475 1988 totum
498 1925 682 2006 exspectatio
700 1942 770 1989 mea
793 1926 950 2006 tenditur;
974 1943 1045 1989 cum
1063 1925 1172 2000 autem
1197 1942 1246 1988 coe

134 2044 217 2107 pero,
247 2031 401 2109 quantum
424 2046 460 2091 ex
481 2027 536 2092 illo
558 2027 593 2091 in
614 2027 819 2107 praeteritum
848 2029 1038 2109 decerpsero,
1068 2027 1211 2092 tenditur
1233 2029 1245 2093 i

136 2130 289 2199 memoria
316 2150 386 2199 mea
415 2135 509 2214 atque
536 2130 724 2196 distenditur
752 2132 822 2197 uita
849 2131 941 2196 huius
970 2131 1101 2196 actionis
1123 2131 1246 2196 meaei

135 2235 286 2303 memoria
314 2237 440 2318 propter
470 2234 554 2318 quod
574 2235 638 2300 dixi
667 2239 698 2300 et
720 2235 753 2301 in
777 2235 1006 2318 exspectatione
1033 2236 1162 2316 propter
1184 2252 1245 2316 quo

135 2337 279 2406 dicturus
301 2358 382 2406 sum.
418 2358 567 2421 praesens
591 2344 696 2406 tamen
717 2343 805 2406 adest
828 2339 963 2413 attentio
986 2357 1065 2422 mea,
1093 2357 1148 2419 per
1171 2357 1247 2420 quar

135 2442 280 2507 traicitur
303 2446 383 2524 quod
406 2447 473 2509 erat
496 2443 648 2521 futurum,
671 2444 707 2509 ut
729 2442 784 2508 fiat
806 2443 1020 2525 praeteritum.
1050 2441 1131 2523 quod
1147 2443 1247 2524 quant

134 2545 235 2626 magis
266 2545 371 2626 agitur
393 2547 427 2610 et
447 2547 560 2628 agitur,
591 2547 680 2610 tanto
709 2545 854 2612 breuiata
884 2543 1114 2629 exspectatione
1141 2543 1247 2627 prolon

135 2647 229 2729 gatur
250 2647 410 2727 memoria,
441 2649 537 2712 donec
560 2649 629 2714 tota
650 2650 840 2730 exspectatio
865 2651 1073 2726 consumetur,
1104 2666 1175 2713 cum
1199 2651 1248 2714 tot

134 2748 190 2815 illa
224 2751 307 2815 actio
342 2749 434 2817 finita
467 2749 625 2819 transierit
657 2752 690 2815 in
724 2750 917 2815 memoriam.
957 2756 988 2816 et
1022 2751 1102 2833 quod
1135 2753 1168 2817 in
1197 2753 1247 2816 tot

134 2853 266 2932 cantico,
297 2853 411 2919 hocin
433 2854 568 2937 singulis
598 2853 764 2936 particulis
795 2852 861 2918 eius
890 2853 926 2920 lit
956 2855 1052 2936 atque
1075 2856 1107 2920 in
1129 2855 1247 2936 singuli

132 2956 263 3040 syllabis
296 2958 379 3041 eius3
411 2958 472 3022 hoe
492 2957 526 3021 in
548 2958 670 3023 actione
702 2957 852 3042 longiore,
888 2958 977 3023 cuius
1009 2957 1088 3024 forte
1109 2959 1247 3040 particul

133 3061 180 3125 eet
209 3058 289 3125 illud
317 3062 489 3143 canticum3
522 3059 639 3127 hocin
667 3063 735 3126 tota
766 3061 834 3127 uita
862 3062 1008 3140 hominis,
1041 3063 1129 3129 onius
1156 3065 1247 3147 parte

132 3167 207 3229 sunt
238 3182 347 3230 omnes
379 3165 518 3230 actiones
551 3162 702 3247 hominis;
724 3165 795 3231 ‘hoo
823 3167 857 3233 in
888 3168 953 3232 toto
981 3165 1103 3233 saeculo
1125 3164 1247 3231 filiorun

133 3265 319 3344 hominum,>
349 3267 438 3331 cuius
472 3267 579 3350 partes
616 3271 689 3332 sunt
724 3285 832 3333 omnes
871 3271 956 3335 uitae
992 3270 1165 3341 hominum.
1209 3288 1247 3334 se

130 3369 276 3452 quoniam
299 3369 408 3435 melior
431 3371 479 3435 est
501 3369 712 3438 misericordia
728 3375 783 3438 tua
797 3390 889 3454 super
904 3374 996 3449 uitas,
1020 3392 1090 3439 ecce
1113 3372 1247 3439 distenti

131 3475 180 3537 est
212 3473 282 3538 uita
314 3492 385 3539 mea
413 3476 446 3538 et
475 3493 526 3539 me
559 3474 696 3558 suscepit
729 3478 855 3542 dextera
889 3480 943 3541 tua
970 3477 1004 3543 in
1034 3477 1159 3545 domino
1195 3495 1247 3542 me

233 3677 477 3744 mamae

182 3865 200 3919 4
216 3867 245 3918 et
262 3868 386 3939 meminit
403 3873 429 3924 et
443 3870 561 3926 attendit
578 3870 615 3924 M
700 3871 717 3925 6
734 3870 828 3924 futura
843 3886 880 3946 ur¹
903 3885 952 3924 om.
970 3869 1036 3925 MV
1121 3871 1154 3925 15
1171 3874 1248 3925 totun

131 3965 175 4017 aa,
189 3953 277 4007 toturn
295 3954 362 4010 MV
454 3973 497 4012 me
515 3956 665 4025 attenditur
681 3957 720 4012 M
813 3957 846 4011 16
864 3956 912 4011 illo
929 3973 959 4011 o:
978 3956 1027 4011 illa
1045 3956 1112 4011 MV
1205 3960 1248 4011 ten

131 4035 206 4091 ditur
223 4041 251 4092 et
270 4043 330 4104 (om.
349 4043 390 4110 in)
408 4041 473 4097 MV
573 4042 606 4096 18
624 4043 653 4095 in
670 4043 798 4098 memoria
816 4048 902 4112 repet.
919 4059 955 4097 m.
971 4045 992 4097 2
1009 4043 1041 4095 in
1059 4059 1145 4113 morp.
1172 4042 1199 4098 V

129 4123 338 4196 expectationem
355 4128 423 4183 MV
505 4128 681 4198 quod-aum
698 4135 782 4198 repet.
800 4146 835 4183 m.
848 4131 868 4183 2
879 4130 911 4184 io
921 4143 1006 4199 morp.
1031 4128 1058 4181 V
1148 4128 1182 4182 22
1201 4145 1248 4185 con

129 4214 281 4265 summetur
299 4213 347 4267 M¹
450 4215 485 4270 30
505 4231 563 4269 meo
580 4231 630 4270 orn.
649 4215 684 4269 M
