2760 4814
249 533 415 604 Exserpta
432 548 467 589 ex
485 549 555 602 opp.
574 533 600 588 S.
618 533 811 605 Augustini
834 533 927 591 CXLI.
945 534 1053 592 CXLII
1154 539 1219 607 507

582 792 722 879 OXLII.

81 987 130 1038 EX
160 987 282 1036 EODEM
314 987 419 1037 LIBBO
442 988 516 1038 xxl.
554 985 689 1034 CONTRA
721 984 840 1034 EORVM
869 984 1130 1034 Pessvnswrssm
1160 986 1221 1046 QVI

82 1091 222 1140 svam
244 1091 310 1141 sim
330 1091 403 1140 NON
425 1090 610 1141 oesv'rvm
632 1089 798 1151 succine,
827 1089 864 1138 m
886 1089 1021 1151 vavs,
1045 1089 1115 1139 CVM
1137 1090 1220 1138 mum·

320 1193 478 1242 mosmos
499 1193 690 1256 FAOEREN'I',
713 1192 980 1242 Psas'rlumavm.
1101 1206 1105 1212 ·

59 1359 75 1402 s
126 1330 241 1398 Restat
263 1329 308 1396 eis
331 1330 526 1414 respondere,
550 1329 603 1415 qui
625 1329 734 1397 dieunt
750 1333 875 1396 aeterno
897 1329 972 1416 igne
988 1328 1059 1397 illos
1074 1330 1218 1396 tautum·
1230 1328 1293 1397 158

83 1432 176 1500 modo
200 1451 322 1499 arsuros
349 1432 404 1516 qui
432 1452 487 1517 pro
515 1433 652 1518 pereatis
675 1433 741 1499 suis
765 1433 868 1499 faeere
892 1431 1003 1516 dignas
1026 1432 1221 1516 elemosynas

82 1538 299 1622 neglexerunt,
329 1538 455 1620 propter
477 1536 558 1605 illud
581 1539 661 1620 quod
684 1535 730 1602 ait
752 1535 912 1622 apostolus
935 1534 1085 1603 Iaoobus:
1115 1535 1220 1603 iudi·

84 1642 187 1708 oium
220 1642 350 1707 autem
383 1641 469 1707 eine
499 1639 787 1708 misericordia
809 1627 896 1705 'illi'
924 1640 993 1724 qui
1025 1658 1100 1706 nou
1123 1639 1221 1706 feeit

83 1745 418 1812 misericordiam.
464 1746 516 1830 qui
551 1763 622 1830 ergo
657 1745 748 1823 feeit,
783 1745 945 1828 inquiunt,
981 1743 1125 1829 quamuis
1158 1763 1221 1811 nou

45 1848 254 1918 resurrexerit
282 1850 419 1934 perditos
450 1866 560 1928 mores,
591 1847 644 1914 sed
666 1846 783 1915 nefarie
805 1866 843 1914 ao
865 1848 1009 1933 nequiter
1030 1849 1113 1914 iuter
1135 1847 1221 1934 ipsas

83 1970 157 2017 suas
191 1950 382 2036 elemosynas
416 1951 538 2030 uixerit,
573 1971 644 2018 oum
673 1951 886 2019 misericordia
921 1952 971 2018 illi
1004 1952 1147 2018 futurum
1175 1955 1223 2017 est

83 2052 249 2134 iudicium,
272 2059 309 2121 ut
330 2057 386 2121 a'ut
408 2073 469 2120 uon
491 2054 656 2121 damnetur
678 2054 804 2122 omniuo
822 2060 877 2122 aut
899 2058 972 2141 post
987 2055 1115 2141 aliquod
1137 2056 1219 2122 tem·

82 2167 143 2243 pos
165 2176 185 2223 a
207 2159 404 2225 damnatione
428 2159 600 2225 nouissima
621 2158 781 2226 liberetur.
812 2177 871 2225 neo
893 2162 932 2227 ob
955 2158 1043 2225 aliud
1067 2160 1222 2226 extimant

83 2262 245 2329 Christum
268 2263 305 2328 de
335 2263 400 2328 solo
432 2262 548 2329 dileotu
579 2265 673 2346 abque
701 2262 850 2347 neglectu
881 2262 1132 2348 elemosynarum
1154 2263 1220 2328 dis·

48 2365 256 2437 seoretionem
290 2367 374 2431 iuter
403 2365 526 2432 dextros
557 2366 590 2432 et
619 2366 762 2433 sinistros
786 2385 852 2433 esse
884 2365 1052 2445 facturum,
1087 2383 1220 2451 quorum

83 2471 164 2536 alios
198 2468 231 2534 iu
264 2487 407 2553 reguum,
440 2467 518 2534 alios
547 2469 582 2533 iu
604 2468 794 2553 supplicium
828 2470 939 2536 mittat
972 2474 1143 2536 aeternum.
1182 2473 1220 2534 ut

84 2576 193 2638 autem
223 2572 380 2638 ootidiana
409 2571 471 2637 sibi
494 2570 669 2656 opinentur,
701 2590 780 2657 quae
799 2571 901 2639 faeere
924 2591 987 2639 uon
1009 2577 1129 2640 cessant
1152 2591 1219 2639 om·

84 2677 169 2754 uiuo,
205 2676 445 2761 qualiacumque
481 2679 512 2742 et
541 2681 791 2762 quantacumque
826 2678 900 2756 sint,
933 2696 989 2760 per
1022 2677 1220 2759 elemosynas

85 2779 209 2846 dimitti
237 2799 327 2866 posse
349 2783 493 2868 peceato,⁸
517 2779 700 2859 orationem,
724 2797 820 2863 quam
842 2780 947 2846 docuit
977 2778 1044 2864 ipse
1067 2781 1221 2861 domiuus,

50 2891 118 2952 soei
141 2882 395 2973 suffragatrioem
417 2882 481 2948 sibi
504 2882 650 2951 adhibere
666 2883 819 2950 sonantur
841 2887 872 2953 et
888 2887 1015 2952 testem.
1038 2883 1222 2951 sicutenim

85 2988 194 3056 nullus
217 2990 275 3072 est,
306 2987 464 3071 inquiunt,
494 2986 569 3071 dies,
601 3006 661 3072 quo
684 3006 703 3053 a
725 2987 907 3053 christianis
938 2988 1015 3055 base
1036 2988 1136 3054 oratio
1159 3006 1222 3054 uon

87 3094 219 3174 dicatur,
253 3093 301 3158 ita
335 3091 460 3158 nullum
490 3095 539 3157 est
562 3091 755 3159 cotidianum
787 3091 1014 3176 qualecumque
1046 3082 1221 3176 peceatum,

88 3196 171 3280 quod
195 3214 250 3279 per
265 3193 354 3261 illam
369 3215 430 3262 non
447 3193 637 3274 dimittatur,
661 3213 732 3261 oum
748 3194 898 3261 dioimus:
922 3195 1084 3261 dimitte
1106 3195 1222 3263 nobis

89 3298 228 3365 debita
250 3302 404 3383 nostra,
427 3299 456 3365 si
479 3301 560 3382 quod
584 3300 725 3384 sequitur
748 3300 852 3366 faeere
868 3318 1030 3367 nutemus:
1054 3301 1162 3366 siout
1185 3302 1224 3365 et

51 3421 156 3472 aenos
189 3402 433 3468 dimittimus
467 3403 725 3469 debitoribus
760 3403 919 3470 uostris.
964 3421 1025 3469 nou
1059 3405 1144 3469 euim
1177 3402 1224 3467 aii

88 3506 244 3589 domiuus,
266 3505 430 3589 inquiunt:
456 3504 504 3593 „ei
522 3505 703 3572 dimiseritis
719 3508 849 3590 peooata
871 3506 1059 3587 homiuibus,
1082 3505 1223 3572 dimittet

89 3607 183 3677 uobis
204 3610 422 3693 paternoster
444 3609 599 3676 ootidisua
620 3628 718 3693 parua
746 3613 891 3693 peooata“
918 3609 989 3677 sed:
1022 3609 1223 3687 dimittet,

193 3796 208 3850 7
227 3796 283 3854 Iao.
300 3796 327 3864 2,
345 3798 379 3853 13
482 3798 517 3853 23
534 3796 635 3853 natm.
652 3798 677 3863 6,
697 3798 730 3852 12

143 3966 237 4036 loep.
249 3965 338 4023 CLT
361 3965 477 4023 CLVIII
490 3966 529 4033 P;
547 3983 622 4023 nom.
634 3983 685 4023 om.
700 3968 743 4024 Go
828 3968 1052 4038 dperstiternut]
1070 3984 1155 4027 om

87 4054 206 4123 biania
293 4053 497 4123 iueglexeruut
507 4053 573 4109 MV
575 4074 582 4110 :
601 4054 752 4125 neglegunt
764 4055 834 4110 Pro
927 4054 1157 4113 reomaenses

89 4143 119 4196 ll
141 4139 547 4206 momentumque>
568 4141 594 4195 Τ
695 4141 729 4195 13
751 4142 885 4196 extimant
908 4141 1225 4211 MV(ef.p.159‚ll¹.

86 4229 154 4291 296,
173 4230 216 4292 ωε
246 4225 403 4281 exintimsut
425 4227 497 4282 PI'u
601 4226 633 4281 14
656 4225 757 4282 dilectu
780 4242 811 4282 a:
841 4226 940 4282 dilecto
964 4226 1003 4282 Ρι
1032 4226 1134 4283 delietu
1160 4229 1225 4285 TVo

86 4312 189 4369 dobeo
206 4311 248 4369 Ρ·
337 4312 504 4368 molestus
527 4311 684 4382 neglectoo
709 4312 873 4369 ueoleetoP
964 4315 998 4369 lb
1014 4313 1148 4369 fauturum
1170 4317 1228 4373 To:

86 4394 291 4455 IntummMV
360 4397 409 4453 ,li
422 4396 770 4456 omniuonouoessantib
856 4399 890 4454 19
903 4402 1090 4469 noelpeoeata
1100 4404 1229 4467 apuliam

87 4481 355 4550 Heremias?
453 4482 674 4544 wathibereT
767 4484 1044 4555 aspersionem
1071 4485 1159 4543 illae
