2760 4814
139 265 174 312 vl

136 436 276 501 seruatae
305 436 394 499 sunt:
424 435 507 499 certe
535 452 646 518 spurca
672 434 781 500 111551
803 432 936 499 barbara
958 434 1157 498 mendositate

136 539 191 603 alii
214 538 351 602 eiusdem
375 540 425 603 uel
447 539 601 602 inferioris
625 539 738 602 aetatis
770 538 972 619 manuscripti
996 537 1149 618 inquinati

135 641 214 706 liber
236 641 406 706 Vaticanus
428 659 551 723 prorsus
573 641 723 705 immunis
747 643 803 704 est.
834 641 888 705 sed
904 644 1007 705 tamen
1024 658 1158 704 nonnum

136 745 231 809 etiam
252 742 282 808 in
306 745 454 809 Vaticano
478 744 598 809 uocales
621 744 779 808 uocalibus
802 744 941 808 mutatae
971 743 1128 825 leguntur.

135 849 149 911 t
170 865 225 931 pro
248 847 295 929 c¹)
322 848 472 928 scriptum
495 850 554 910 est:
578 845 709 928 afficere,
733 846 814 928 quod
829 866 871 911 m.
888 846 908 908 2
927 847 960 909 15
976 845 1096 927 efficere
1111 865 1159 909 cor

136 950 265 1035 (37,18)
280 950 529 1030 corruptitaram
544 949 610 1033 (66,
622 949 674 1028 14)
690 947 934 1029 tatetleycro'mas
946 967 999 1030 pro
1012 947 1160 1031 intetfeyer

137 1054 222 1136 (156,
254 1055 305 1132 17)
334 1052 470 1134 oriytais
501 1052 586 1132 (157,
616 1050 670 1131 26)
694 1050 881 1131 5551555551
905 1053 970 1132 (89,
993 1051 1048 1130 28)
1072 1050 1161 1131 accip

136 1157 221 1236 (177,
237 1156 292 1238 24)
311 1154 482 1236 peroipcrtt
503 1156 588 1234 (168,
611 1154 647 1235 4)
669 1152 775 1216 sttttae
792 1151 877 1235 (162,
902 1154 955 1234 22)
974 1155 1013 1218 ai.
1037 1158 1145 1217 contra

134 1294 147 1355 t
169 1311 400 1373 nonnumquam
429 1291 580 1370 scriptum
609 1292 673 1353 cst:
697 1288 850 1352 oatettaae
873 1289 938 1370 (40,
966 1291 1015 1370 16)
1041 1250 1149 1366 bibere,

134 1414 175 1459 m.
196 1397 210 1457 l
235 1393 364 1459 correxit
382 1394 446 1474 (41,
462 1394 507 1476 2),
530 1411 612 1472 aero,
637 1394 716 1473 quod
733 1410 773 1454 m.
790 1391 857 1455 215
874 1392 945 1455 otro
962 1393 1091 1457 correxit
1107 1395 1156 1478 (41

133 1497 313 1562 1555555115
334 1513 387 1579 pro
408 1495 585 1558 incideritis
607 1494 741 1576 (57,11)
764 1493 954 1558 5155565515
970 1495 1034 1579 (68,
1053 1497 1084 1577 7)
1100 1515 1164 1559 acor

137 1600 221 1685 (179,
245 1601 311 1680 26).
349 1617 402 1680 pro
424 1616 532 1680 graeca
555 1622 574 1683 η
601 1599 632 1661 51
661 1617 677 1661 5
706 1599 739 1662 51
760 1600 773 1660 i
802 1599 950 1681 scriptum
985 1600 1114 1679 legitur:
1150 1620 1165 1663 5

134 1706 220 1792 (179,
253 1705 303 1785 11)
336 1707 367 1766 51
395 1702 495 1765 isaias
523 1701 610 1785 (577,
633 1702 665 1781 3)
696 1699 932 1782 atttyoriaaates
964 1704 1048 1782 (106.
1079 1702 1137 1782 10).

133 1808 256 1873 5555155
285 1826 356 1871 555
383 1823 474 1888 saepe
502 1806 603 1869 altera
630 1803 759 1867 alterius
788 1804 855 1868 loeo
882 1804 1015 1886 scriptae
1042 1805 1167 1870 inuenia

133 1910 290 1975 interdum
313 1908 442 1972 dubium
459 1908 517 1980 551,
533 1908 640 1970 utrum
655 1924 798 1986 praesens
814 1924 853 1969 an
868 1905 1020 1982 futurum,
1037 1907 1167 1973 ooniuuc

133 2013 300 2093 praesentis
324 2030 363 2076 an
393 2010 568 2091 imperfecti
591 2009 630 2073 ab
654 2011 804 2092 scriptore
827 2011 946 2090 positus
970 2013 1027 2074 sit:
1052 2012 1169 2092 uelutp

132 2116 172 2181 26
195 2114 311 2179 apellet
339 2114 469 2178 fortasse
492 2130 546 2194 pro
569 2111 690 2188 aaetto't,
719 2112 771 2186 68,
794 2112 814 2176 8
838 2111 1170 2195 1555555551511555Ι

131 2219 173 2285 23
196 2221 303 2298 posset
325 2235 379 2298 pro
398 2215 511 2296 possit,
542 2216 582 2280 al.
605 2214 722 2296 scripta
749 2219 833 2279 sunt.
870 2219 949 2296 quod
973 2218 1081 2296 quanti
1104 2235 1170 2280 mou

131 2322 162 2385 in
188 2319 414 2385 constituendis
436 2317 541 2382 uerbis
564 2317 721 2399 scriptoris
744 2319 796 2399 sit,
821 2319 881 2381 etsi
898 2336 960 2382 non
976 2320 1124 2400 ignorem,
1149 2325 1171 2384 tr

132 2426 213 2489 haud
237 2424 299 2486 scio
323 2441 362 2484 an
380 2439 440 2484 uon
463 2420 577 2500 ubique
600 2422 713 2484 rectam
737 2421 922 2501 scripturam
946 2421 1148 2485 restituerim.

131 2525 245 2591 codicis
262 2525 402 2589 Vaticani
426 2524 595 2587 auctoritas
611 2524 643 2586 in
659 2523 697 2587 iis
712 2523 880 2606 capitibus,
897 2542 975 2605 quae
991 2543 1026 2588 ex
1043 2522 1173 2590 Confessi

131 2631 188 2694 bos
226 2630 387 2708 depromta
423 2627 506 2699 sunt,
545 2627 724 2707 plerumque
760 2627 977 2707 antiquissimo
1016 2626 1174 2693 Confessio

130 2729 235 2796 codice
257 2731 432 2795 Sessoriauo
459 2732 683 2810 comprobatur.

173 2851 334 2915 Interdum
350 2870 373 2913 5
388 2868 442 2933 pro
458 2869 475 2913 o
491 2850 608 2931 scripta
624 2854 680 2925 est,
697 2851 800 2914 uelut:
817 2850 945 2930 abyssos
958 2851 1021 2929 (61,
1037 2854 1070 2931 4)
1087 2851 1176 2933 aprio

133 2953 218 3036 (434,
241 2953 295 3028 20)
319 2951 489 3015 pransoria
511 2970 529 3014 a
552 2971 591 3017 m.
617 2953 633 3014 1
658 2958 689 3014 et
711 2951 732 3014 2
758 2952 842 3032 (817,
871 2953 932 3032 10).
982 2960 1089 3017 contra
1111 2972 1128 3016 o
1154 2972 1177 3034 p

130 3056 230 3139 posita
260 3061 321 3120 est:
352 3074 447 3120 55555
472 3074 526 3137 pro
550 3073 650 3119 55555
673 3056 759 3138 (134,
786 3057 815 3137 l)
840 3055 1058 3119 5555155555
1082 3057 1170 3139 (188,

130 3157 323 3242 ayrtoottara
348 3157 505 3241 (203,19;
530 3159 602 3233 204,
626 3159 660 3240 3)
681 3157 774 3236 poeno
796 3176 851 3240 pro
870 3157 970 3237 (15551
993 3157 1078 3238 (698,
1094 3160 1139 3238 9).
1165 3177 1178 3221 5

130 3260 341 3326 orarissime:
375 3262 501 3325 555555
531 3279 585 3343 pro
615 3259 743 3324 odoram
781 3260 844 3342 (70,
877 3261 938 3343 16).
973 3279 1069 3343 ypro
1092 3261 1115 3341 t,
1146 3279 1179 3326 55

129 3362 279 3446 tyrocinio
313 3362 400 3442 (164,
433 3364 484 3442 15)
521 3362 652 3446 adytum
687 3363 771 3444 (169,
806 3363 860 3447 27)
893 3361 1044 3445 sayyyltet
1080 3363 1165 3443 (600,

129 3462 333 3547 oyroyrapfris
360 3483 414 3548 pro
444 3463 660 3547 obtroyrapbis
683 3463 771 3549 (601,
799 3467 848 3545 14)
866 3465 1140 3547 paralypomenon
1162 3467 1181 3548 (1

133 3568 195 3649 16).
226 3568 368 3632 contrat
390 3585 443 3649 pro
466 3587 502 3650 y:
527 3567 699 3650 prasytttos
721 3586 774 3650 pro
795 3566 967 3649 proselytos
999 3568 1083 3646 (646,
1110 3569 1159 3634 13.

129 3670 307 3753 saepissime
340 3689 377 3734 ae
409 3672 544 3752 positum
573 3676 631 3750 551,
665 3670 719 3734 ubi
742 3670 835 3753 uulgo
864 3691 880 3734 5
906 3670 1111 3748 scribebatur,
1146 3689 1183 3736 55

128 3772 260 3836 55555111
275 3773 325 3837 551
341 3772 476 3836 55555511
493 3770 577 3853 (179,
596 3773 649 3848 19;
676 3772 747 3851 180,
764 3774 782 3836 7
792 3798 799 3850 ;
823 3772 897 3851 433,
916 3774 971 3850 13;
994 3776 1096 3856 saepe)
1114 3791 1184 3865 oeyq

132 3875 216 3955 (146,
240 3875 271 3957 8)
301 3874 412 3939 laetati
439 3875 523 3956 (148,
548 3876 581 3956 6)
606 3876 806 3956 1555551555
830 3876 914 3954 (162,
940 3877 973 3958 2)
996 3877 1084 3956 faeta
1110 3874 1185 3967 (189

232 4079 252 4146 ¹)
275 4079 308 4133 cf.
327 4081 361 4130 H.
380 4080 546 4134 Schuchardt
572 4080 741 4134 Vokalismus
766 4081 811 4134 des
833 4081 1033 4150 Vulg'a'rlateins
1056 4080 1070 4134 1
1088 4096 1112 4149 p.
1132 4074 1187 4133 227Ι

128 4163 158 4216 Ε.
177 4163 315 4218 85515555
333 4165 385 4218 Die
404 4165 569 4234 uesspraehe
587 4166 613 4218 d.
632 4165 734 4220 151515.
754 4182 779 4235 p.
799 4168 848 4220 182
860 4183 917 4235 sqq.
1182 4174 1188 4215 1
