2760 4814
185 543 249 610 790
665 542 832 611 Euainrii

185 734 235 799 eat
255 731 322 796 illis
352 731 489 795 condicio
520 730 584 795 uati
615 732 648 795 et
676 731 847 796 dominatio
870 732 1028 815 dantium,
1063 732 1118 797 sud
1154 732 1320 799 conuurdia

185 838 248 901 dati
272 836 304 899 ut
326 833 480 898 dantium.

227 938 431 1020 Quapropter,
454 938 536 1001 sieut
559 942 668 1001 sanata
697 937 853 1018 scriptura
883 939 1063 1021 proclamat,
1095 942 1192 1005 daus
1224 939 1320 1004 nari·

184 1043 343 1126 tuaest,
377 1042 433 1106 illa
455 1060 532 1121 quaa
557 1060 593 1105 an
615 1043 671 1105 deo
695 1045 741 1105 est
770 1047 800 1105 at
824 1042 856 1105 in
880 1044 968 1106 nobis
991 1043 1022 1108 iu
1046 1044 1122 1125 agit,
1146 1047 1184 1107 ιιι
1206 1044 1241 1107 in
1265 1044 1319 1107 deu

186 1164 366 1210 maneamus
388 1148 420 1210 at
441 1146 506 1229 ipsa
528 1145 560 1209 in
584 1144 684 1209 nubis.
710 1149 740 1208 et
763 1146 821 1209 hoa
844 1147 914 1210 inda
931 1150 1156 1229 cognoscimu8‚
1182 1148 1259 1230 quia
1282 1146 1350 1212 das

185 1249 302 1337 spiritu
326 1268 381 1313 suu
405 1249 491 1314 dedit
513 1248 619 1331 nobis3
647 1250 712 1330 ipsa
734 1247 864 1330 spiritns
889 1251 938 1313 ast
959 1252 1034 1313 deus
1057 1252 1182 1315 caritas.
1208 1252 1319 1317 deinda

185 1358 211 1419 si
235 1358 266 1420 in
289 1356 379 1421 donis
402 1356 452 1418 dei
480 1354 561 1417 nihil
589 1352 690 1415 maius
718 1356 766 1416 eat
789 1353 918 1417 carita-te
944 1356 975 1416 at
997 1353 1121 1417 nullum
1144 1357 1195 1418 ast
1218 1355 1320 1419 maius

185 1460 301 1523 donum
324 1457 374 1521 dei
389 1474 482 1538 qnam
506 1456 635 1536 spiritus
651 1458 787 1535 sanatus,
811 1456 886 1535 quid
903 1456 1148 1537 consequentius,
1173 1476 1271 1539 qnam
1286 1462 1321 1522 ut

184 1561 252 1643 ipsa
274 1560 317 1624 sit
339 1560 462 1634 auritas,
487 1576 564 1640 quaa
587 1560 701 1622 dicitur
725 1558 756 1621 et
771 1558 848 1621 daus
871 1562 902 1621 et
926 1578 961 1621 en
984 1560 1065 1622 dau?
1087 1562 1119 1623 at
1142 1559 1170 1622 si
1193 1562 1320 1631 caritas,

185 1683 246 1746 qua
268 1668 357 1744 pater
384 1662 488 1743 diligit
520 1661 621 1725 tilium
645 1664 676 1725 at
705 1662 827 1741 patrem
854 1661 960 1743 diligit
987 1661 1086 1739 filins,
1116 1662 1352 1728 ineffabilitarm

185 1764 436 1831 communionum
455 1764 650 1828 demonstrat
667 1763 846 1838 amborum
871 1764 945 1846 quid
960 1762 1208 1843 conuenientium
1226 1784 1320 1848 quam

186 1870 222 1933 ιιι
246 1867 298 1931 ille
322 1866 446 1948 propria
467 1866 591 1930 dicatur
613 1868 737 1936 caritas.
763 1869 814 1947 qni
838 1868 967 1949 spiritus
990 1868 1040 1931 ast
1055 1869 1232 1932 eommunis
1252 1888 1322 1935 am·

186 1971 307 2036 bobus?
335 1970 394 2034 hoa
416 1970 498 2034 anim
521 1970 627 2034 sanius
650 1971 786 2036 creditur
815 1970 867 2034 uel
890 1968 1096 2054 intellegitur,
1127 1975 1163 2035 nt
1187 1989 1251 2035 non
1270 1991 1320 2037 so·

185 2076 252 2140 lum
275 2074 404 2156 spiritus
419 2076 544 2138 sanatus
562 2074 675 2138 caritas
697 2073 738 2137 sit
761 2076 792 2138 in
808 2073 864 2137 illa
879 2074 1031 2150 trinitate,
1054 2072 1185 2138 sednon
1203 2075 1322 2140 frustra

184 2178 307 2261 propria
330 2178 443 2241 caritas
465 2178 660 2260 nuncupetur
682 2180 809 2258 propter
829 2177 886 2239 illa
909 2196 986 2258 quae
1009 2176 1092 2239 diata
1121 2182 1207 2255 sunt,
1238 2180 1354 2242 siculis

185 2299 245 2346 non
267 2282 351 2346 solus
374 2282 423 2345 est
444 2281 475 2344 in
499 2280 555 2344 illa
572 2280 715 2345 trinitate
738 2281 788 2343 nal
811 2281 939 2361 spiritns
963 2281 1013 2343 uel
1032 2282 1170 2352 sanatus,
1190 2284 1266 2362 quia
1291 2288 1323 2345 et

186 2392 275 2466 pater
296 2384 425 2465 spiritns
448 2385 480 2447 at
503 2384 585 2447 filius
600 2383 742 2464 spiritua,
767 2384 798 2447 at
821 2386 908 2463 patar
929 2386 1055 2447 sanutus
1078 2386 1110 2446 at
1125 2382 1212 2449 iilius
1228 2401 1323 2449 sauc-

185 2491 247 2568 ιιιε,
264 2490 344 2569 quod
360 2486 494 2569 ambigit
517 2504 713 2569 naquaquam
730 2486 837 2568 pietas.
872 2488 904 2549 et
918 2490 1023 2549 tamen
1039 2488 1105 2568 ipse.
1122 2504 1185 2549 non
1202 2486 1323 2552 frustra

186 2591 310 2673 propria
333 2590 448 2654 dicitur
471 2590 600 2671 spiritus
623 2596 760 2653 sanctus.
785 2589 858 2669 qnia
880 2589 963 2653 anim
987 2592 1034 2654 est
1050 2593 1228 2656 eommunis
1250 2609 1323 2655 am-

187 2693 294 2769 bobus,
318 2694 350 2757 id
367 2697 494 2758 uocatur
511 2692 576 2774 ipsa
591 2692 715 2773 propria
731 2695 809 2774 quod
826 2692 917 2756 ambo
933 2694 1148 2756 communiter.
1177 2693 1357 2775 alioquinin

186 2798 214 2861 si
231 2797 263 2859 in
285 2796 342 2861 illa
358 2795 501 2859 trinitate
517 2796 602 2860 solua
619 2794 747 2879 spiritus
767 2797 893 2859 sanatus
910 2797 957 2859 ast
973 2796 1100 2872 amitat,
1123 2796 1266 2877 profecto
1291 2801 1324 2863 et

188 2900 271 2965 filius
294 2918 355 2964 non
378 2899 474 2963 solius
503 2900 602 2980 patris
625 2918 735 2963 uerum
758 2899 854 2963 utiam
877 2898 1007 2979 spiritus
1030 2900 1131 2963 sarlati
1157 2899 1246 2964 lilius
1269 2901 1322 2965 in·

186 3004 318 3069 uanitnr.
344 3002 390 3066 ita
412 3002 497 3066 anim
520 3003 595 3066 louis
612 3002 893 3067 innumerabilibus
910 3003 1026 3066 dieitur
1049 3007 1081 3065 at
1099 3002 1216 3085 legitur
1234 3003 1323 3067 filins

186 3106 366 3189 unigenitus
386 3105 435 3169 dei
457 3106 565 3187 patria,
591 3109 625 3169 ut
647 3108 752 3169 tamen
776 3108 808 3169 at
829 3105 909 3170 illud
933 3124 1041 3169 nerum
1070 3106 1111 3169 sit
1140 3108 1222 3186 quod
1246 3123 1323 3187 apo-

186 3211 285 3275 stulus
318 3208 363 3273 ait
396 3210 435 3273 de
468 3209 525 3272 deo
558 3212 663 3289 patra:
697 3209 762 3288 qui
792 3209 898 3272 arunit
927 3226 993 3271 noa
1028 3209 1073 3270 da
1106 3210 1357 3289 potestatam

186 3314 436 3379 tenebrarum
460 3317 497 3375 at
519 3310 738 3375 transtulit
768 3313 810 3373 in
833 3329 996 3392 ragnum
1021 3309 1102 3373 silii
1127 3311 1323 3376 caritatis

187 3434 294 3481 suaa.
316 3433 378 3480 non
401 3416 496 3479 dixit:
522 3412 599 3493 „filii
615 3412 702 3495 sui“;
725 3412 806 3494 quod
822 3413 849 3477 si
865 3417 990 3490 uiueret,
1014 3412 1175 3477 uerissima
1191 3414 1323 3485 diaarat.

189 3518 451 3600 quamadmodum
484 3516 557 3598 qnia
585 3535 675 3598 saepe
703 3516 800 3597 dixit,
839 3516 1003 3580 uerissima
1034 3515 1126 3589 dinit;
1168 3515 1222 3579 sed
1258 3520 1323 3581 ait:

188 3622 270 3686 lilii
292 3622 483 3686 caritatis
505 3640 606 3685 suaa.
637 3620 722 3684 lilius
746 3639 817 3701 argu
846 3623 894 3683 ast
922 3621 1017 3683 etiarn
1043 3618 1173 3699 spiritus
1203 3618 1322 3696 sanati,

186 3725 214 3787 si
240 3744 300 3789 non
330 3731 378 3788 est
407 3724 440 3787 in
463 3724 517 3788 illa
542 3726 683 3789 trinitate
716 3726 828 3789 caritas
851 3723 900 3786 dai
923 3723 982 3786 nisi
1015 3723 1144 3804 spiritus
1179 3726 1359 3793 sanctuau

289 3928 306 3980 3
325 3927 338 3980 1
357 3928 394 3981 Io.
412 3927 437 3989 4,
458 3930 489 3981 16
593 3928 627 3979 25
645 3926 701 3980 Col.
721 3927 743 3991 l,
763 3926 796 3978 13

239 4114 330 4168 lillis
353 4114 390 4168 V:
419 4114 477 4167 illia
499 4114 546 4168 Gv
649 4113 744 4181 4agit
762 4116 794 4166 nt
813 4112 896 4167 GPut
927 4112 1021 4181 agitur
1043 4112 1068 4164 V
1171 4114 1326 4184 Gapiritus

192 4200 228 4255 Va
262 4200 374 4268 spiritua
401 4200 458 4252 aius
489 4199 558 4253 GPv
663 4202 679 4252 9
706 4201 733 4252 at
757 4199 780 4252 si
806 4197 905 4252 caritas
933 4198 1017 4252 GPa:
1053 4200 1080 4250 et
1103 4198 1203 4252 caritas
1230 4200 1257 4253 ι’

190 4308 220 4360 ll
243 4286 303 4375 qui‘
321 4302 352 4371 (d
368 4302 434 4357 add.
452 4320 488 4357 ιιι.
506 4308 569 4371 2)a·
672 4304 705 4358 18
727 4302 843 4371 ambigit
867 4317 1035 4371 naquaquam
1059 4300 1096 4355 V:
1127 4316 1180 4355 non
1199 4303 1324 4375 ambigit

190 4393 283 4449 a’Pu
317 4407 370 4445 non
394 4390 516 4462 ambiget
540 4391 633 4445 G¹P¹u
736 4391 770 4444 20
787 4391 908 4459 alioquin
926 4389 950 4443 ai
970 4390 1054 4444 GPa:
1081 4388 1202 4458 alioquin
1225 4392 1255 4444 V

187 4480 220 4535 ‘21
239 4478 279 4548 in]
297 4494 347 4534 om.
364 4481 393 4533 u¹
494 4476 529 4531 ‘28
546 4492 625 4545 saepo
643 4476 720 4547 dixit]
740 4492 817 4546 saepe
835 4476 925 4531 diria
