2760 4814
202 283 268 352 em
353 321 357 330 -
682 276 846 347 sueinus

202 469 352 536 iustum
381 465 595 533 innomine
625 465 742 545 insti,
775 465 996 530 mercedem
1025 463 1127 529 iusti
1150 463 1330 547 accipiet

205 588 280 638 nam
310 588 379 637 cum
403 569 523 653 Elysios
552 584 677 651 campos
707 567 799 650 poeta
827 564 882 631 ille
907 565 1107 647 describeret,
1139 564 1194 632 ubi
1217 569 1333 648 putant

204 672 348 741 habitare
382 674 503 739 animas
536 671 709 752 beatorum,
745 685 805 734 non
841 669 943 734 solnm
976 668 1020 732 ibi
1050 669 1156 751 posuit
1191 686 1243 735 eos
1277 669 1331 752 qni

205 775 339 862 propriis
362 777 483 842 meritis
504 772 544 840 nd
566 773 639 841 illas
654 773 743 839 sedes
765 772 927 854 pomonire
943 772 1121 854 potuerunt,
1144 773 1198 838 sed
1215 772 1333 839 adiecit

205 882 299 965 atque
320 880 382 945 ait:
1352 903 1369 943 s

365 982 479 1065 quique
501 980 551 1046 sui
572 996 725 1045 memores
747 978 824 1045 alios
847 977 949 1045 fecere
970 982 1123 1059 merendo,

203 1105 238 1172 id
259 1105 307 1172 est
328 1106 381 1188 qni
403 1101 640 1188 promeruerunt
662 1100 739 1166 alios
763 1116 873 1182 eosque
896 1101 944 1165 eui
960 1117 1113 1167 memores
1125 1100 1331 1184 promerendo

204 1208 360 1293 focemnt3
383 1224 509 1291 prorsus
531 1208 693 1290 tamquam
715 1202 759 1269 ais
781 1202 919 1271 dicerent
936 1204 1018 1288 quod
1041 1203 1259 1286 frequentatur
1281 1222 1333 1268 ore

205 1309 455 1388 christianomm‚
493 1326 564 1374 cnm
600 1326 633 1374 se
670 1307 782 1390 cuique
818 1311 997 1373 sanctornm
1034 1305 1162 1372 humilis
1200 1307 1332 1391 quisque

204 1412 402 1481 commendat
423 1415 454 1478 ot
472 1410 565 1477 dicit:
593 1427 731 1492 „memor
745 1408 807 1476 mei
824 1412 920 1490 esto“‚
943 1414 1037 1494 atque
1050 1410 1083 1475 id
1099 1414 1134 1476 ut
1150 1428 1215 1476 esse
1230 1409 1333 1492 possit
1345 1437 1374 1478 ιο

204 1514 405 1601 promerendo
442 1513 548 1581 efficit.
593 1516 646 1581 sed
683 1513 752 1597 quis
785 1514 847 1581 iste
876 1514 918 1580 sit
947 1515 1057 1581 modus
1090 1518 1122 1579 st
1154 1531 1233 1596 quse
1266 1515 1333 1579 sint

204 1620 275 1701 ipsa
295 1617 433 1703 peccata,
457 1634 536 1701 qnae
557 1619 603 1683 its
624 1616 798 1700 impediunt
819 1618 1053 1699 peruentioncm
1068 1619 1106 1683 ad
1122 1635 1254 1702 regnum
1270 1617 1331 1695 dei,

203 1725 241 1786 ut
262 1722 368 1787 tamen
383 1718 557 1786 amicorum
572 1721 753 1786 sanctorum
767 1719 890 1785 meritis
904 1723 1073 1804 impetrent
1088 1718 1331 1804 indulgentiam,

204 1822 429 1890 difficillimum
451 1823 498 1890 est
519 1821 673 1908 inuenire,
690 1822 990 1906 periculosissimum
1007 1823 1145 1893 delinire.
1173 1843 1229 1909 ego
1245 1823 1332 1889 certe

204 1944 301 2012 usquo
317 1926 429 1993 adhoc
451 1929 574 2010 tempus
590 1944 662 1993 cum
676 1926 750 1992 inde
765 1929 950 2013 satagerem,
973 1929 1011 1993 ad
1026 1946 1134 1994 eorum
1149 1926 1331 2011 indaginem
1343 1958 1373 1999 η

204 2029 364 2115 peruenire
386 2046 447 2095 non
469 2031 569 2115 potui.
596 2032 629 2095 et
650 2029 794 2097 fortassis
816 2032 979 2115 propterea
1001 2029 1112 2111 latent,
1135 2049 1174 2096 ne
1189 2030 1333 2096 studium

203 2131 383 2219 proficiendi
404 2136 444 2201 sd
473 2134 580 2200 omnia
608 2135 747 2201 canenda
773 2137 901 2218 peccata
930 2135 1104 2220 pigrescat3
1134 2132 1282 2219 quoniam
1303 2137 1332 2199 si

204 2236 356 2304 scirentur
378 2236 531 2321 quesnel
553 2237 656 2321 qualia
678 2237 745 2303 sint
766 2237 889 2319 delicta,
920 2255 976 2322 pro
1002 2238 1115 2321 quibus
1138 2235 1235 2303 etiam
1258 2256 1332 2320 per-

203 2339 400 2407 manentibus
429 2358 485 2406 nec
514 2343 663 2423 prouectu
688 2340 775 2406 uitae
803 2339 939 2406 melioris
967 2338 1119 2406 absumtis
1147 2339 1332 2406 intercessio

203 2444 245 2510 sit
266 2441 450 2526 inquirenda
473 2447 505 2508 et
526 2442 679 2527 speranda
699 2444 864 2523 iustorum,
894 2445 939 2509 eis
963 2462 1071 2510 secura
1092 2462 1124 2510 se
1147 2443 1374 2517 obuolneretse

204 2545 342 2613 hnmana
369 2544 504 2630 segnitia
526 2563 585 2612 neo
606 2547 710 2613 euolni
738 2547 855 2614 talibus
877 2546 1122 2631 implicamentis
1143 2546 1241 2613 ullius
1265 2548 1332 2614 uir-

203 2648 282 2715 tutis
306 2647 497 2732 expeditione
527 2650 658 2730 curaret,
691 2649 747 2715 sed
769 2650 988 2716 tantummodo
1010 2654 1172 2734 quaereres
1195 2651 1332 2718 aliorum

204 2750 326 2817 meritis
359 2750 495 2828 liberari,
534 2770 610 2835 quos
643 2753 760 2819 amicos
794 2752 855 2819 sibi
887 2755 925 2820 da
963 2772 1107 2821 mamona
1150 2755 1332 2838 iniqnitatis

204 2854 452 2940 elemosynarum
474 2855 622 2942 largitate
644 2855 777 2922 iecisset.
815 2875 897 2922 nunc
918 2876 993 2923 nero
1015 2860 1091 2924 dnm
1113 2859 1243 2926 ucnielis
1267 2860 1332 2924 ini-

204 2958 343 3042 qnitatis,
378 2959 474 3025 etiam
507 2959 535 3025 si
564 2964 749 3044 perseueret,
784 2961 944 3045 ignoratur
975 2964 1093 3039 modus,
1127 2963 1267 3045 prolecto
1297 2966 1372 3034 etse

203 3060 344 3128 studium
373 3060 407 3126 in
429 3061 560 3127 meliors
580 3061 762 3145 proficiendi
784 3064 898 3131 orando
922 3065 955 3129 et
975 3064 1120 3130 instando
1142 3065 1331 3149 uigilantius

203 3164 367 3231 adhibetur
400 3168 431 3230 et
464 3164 598 3232 faciendi
632 3166 670 3232 de
692 3185 837 3233 mamona
865 3168 1043 3253 iniquitatis
1065 3173 1189 3236 sanctos
1211 3172 1334 3237 amicos

306 3351 323 3405 6
340 3351 406 3411 Aen.
425 3353 449 3417 6,
468 3351 519 3407 664

252 3521 396 3592 delysoos
422 3523 451 3577 V
474 3523 642 3594 aolyniosl'
754 3524 801 3580 illo
828 3527 853 3593 (e
870 3525 1035 3593 iarum
1147 3529 1336 3598 lpotnerint

201 3622 218 3661 o
315 3608 448 3679 donique
470 3608 520 3665 Vo:
547 3611 659 3681 quisque
679 3611 707 3668 T
800 3612 883 3667 lacere
903 3611 982 3668 TV¹o
1000 3617 1027 3682 (a
1043 3613 1075 3668 ia
1093 3628 1107 3666 e
1124 3627 1195 3669 coir.
1213 3617 1283 3669 Μ
1300 3616 1336 3669 ia

206 3691 245 3762 V)
347 3694 534 3751 maerendoV
637 3697 781 3768 deosque]
805 3713 850 3754 eos
867 3699 951 3769 quio
1051 3697 1211 3754 8dicerent
1228 3701 1260 3767 (n
1278 3699 1335 3756 del.

202 3782 281 3845 m.1)
303 3778 340 3835 Va
366 3779 465 3837 diceret
485 3783 530 3840 Po
631 3784 764 3855 conique
782 3785 807 3852 (c
825 3785 968 3842 inraso
984 3801 1019 3840 m.
1036 3785 1113 3853 M
1212 3785 1246 3840 15
1270 3803 1334 3842 cum

204 3863 268 3920 TV:
295 3879 379 3922 orico
476 3871 661 3940 satagarmo
759 3871 792 3925 16
809 3869 957 3926 ίοήιεεου
1054 3872 1088 3927 18
1107 3871 1206 3926 delicta
1223 3872 1244 3941 (i
1264 3889 1302 3928 ea
1317 3890 1337 3930 e

201 3953 314 4017 ecardo
398 3953 431 4008 19
443 3958 626 4022 prouectumo
705 3956 873 4012 meliornmo
954 3957 1086 4013 absumtis
1100 3956 1165 4013 TV:
1182 3961 1337 4030 assumptis

200 4052 219 4091 o
320 4037 356 4093 20
372 4038 411 4093 oin
431 4039 483 4095 Tc:
510 4042 584 4098 oiV
677 4056 770 4098 secum
789 4041 854 4099 TV:
881 4059 977 4099 curuo
1077 4043 1219 4099 obnoluero
1238 4045 1266 4100 Τ

200 4122 234 4177 ai
253 4110 338 4180 'eom
354 4125 381 4195 (ο
397 4125 462 4180 aas.
480 4127 558 4194 ea)
579 4127 606 4182 n
706 4128 807 4184 enon
830 4128 880 4185 re:
910 4130 1014 4185 aereus
1034 4130 1061 4186 n
1160 4130 1245 4185 ullius
1267 4131 1337 4188 nr:

200 4207 311 4265 illinso
405 4211 440 4267 23
457 4210 520 4283 sibi]
537 4210 610 4266 ibis
705 4214 920 4271 adimendus
1015 4215 1116 4272 sanctis
1133 4216 1227 4271 amicis
1243 4233 1262 4271 o
