2760 4814
181 312 349 381 Excerpts
365 328 402 366 ex
419 328 489 382 opp.
509 311 534 364 S.
553 312 745 381 Augustini
769 311 903 368 CXXVII.
921 312 1073 373 CXXVIII.
1128 315 1193 383 469

71 502 191 568 euehat
223 502 378 585 impietas,
414 505 451 566 ot
480 501 525 568 sic
554 502 773 568 reuiussosndo
802 503 923 584 primae
954 504 1191 570 resurrectionis

69 607 217 691 particeps
251 606 340 670 fieret
373 606 467 688 etque
501 605 535 670 in
565 624 601 671 eo
629 606 818 688 potestatem
847 606 984 671 secunde
1020 624 1103 672 more
1131 625 1192 672 non

68 708 203 774 heberet.

102 829 185 896 Sunt
217 831 271 913 qui
304 832 418 914 putant
451 829 710 895 resurrectionem
741 830 804 894 dici
834 847 896 894 non
926 848 1015 913 posse
1038 832 1100 897 nisi
1124 848 1192 896 cor-

46 953 170 1016 rporum
200 934 332 1017 ideoque
358 935 454 998 istem
483 952 604 1015 quoque
633 933 768 1016 primam
791 933 826 997 in
848 933 1028 1016 corporibus
1051 933 1192 1000 futurem

64 1056 125 1102 esse
148 1038 350 1104 contendunt.
394 1054 526 1121 quorum
553 1036 634 1100 enim
659 1038 714 1117 est,
745 1036 902 1121 inquiunt,
934 1038 1053 1116 cedere,
1085 1056 1192 1103 eorum

64 1145 106 1206 est
140 1159 313 1226 resurgere.
355 1140 470 1206 cedunt
503 1142 609 1203 eutem
643 1157 772 1220 corpore
805 1139 985 1225 moriend03
1018 1158 1092 1206 nem
1120 1141 1194 1208 ete

64 1245 201 1309 cedendo
223 1244 375 1310 cadauere
397 1246 629 1325 nuncupentur.
660 1262 721 1308 non
738 1260 809 1326 ergo
824 1243 1010 1323 enimamm
1033 1245 1191 1326 idquiunt,

63 1348 242 1414 resurreetio
272 1350 376 1430 potest
407 1366 483 1431 esse,
514 1349 568 1411 sed
598 1364 783 1429 corporum..
806 1347 860 1410 sed
890 1349 963 1429 quid
987 1352 1095 1413 contre
1116 1365 1190 1430 epo-

37 1452 177 1517 ostoium
201 1451 321 1536 dicnnt,
346 1451 399 1533 qui
422 1470 490 1516 eam
513 1451 770 1515 resurrectionem
794 1453 957 1533 appellat?
984 1469 1059 1515 nem
1081 1470 1192 1516 secun·

63 1557 134 1620 dum
164 1555 355 1633 interiorem,
387 1572 449 1618 non
478 1554 651 1617 secuudum
682 1554 866 1618 exteriorem
897 1553 1054 1619 homiuem
1081 1554 1191 1639 utique

63 1658 297 1724 resurrexerunt
327 1657 438 1739 quibus
461 1657 521 1721 eit:
553 1657 585 1720 si
608 1657 891 1721 resurrexistis
914 1676 998 1722 cum
1020 1656 1190 1740 Christo,

64 1780 158 1844 quse
192 1780 350 1827 sursum
384 1762 478 1825 sunt
513 1761 653 1843 sepite.
695 1779 789 1842 quem
822 1779 949 1826 sensum
982 1762 1085 1827 uerbis
1119 1760 1191 1826 eliis

65 1866 136 1930 alibi
158 1864 265 1948 posuit
286 1865 409 1931 diceus:
443 1871 487 1928 nt
510 1864 833 1946 quemadmodum
856 1862 1039 1930 Christus
1062 1882 1191 1930 resur·

39 1969 164 2033 crexit
190 1989 209 2035 e
231 1969 399 2033 mortuis
429 1986 497 2050 per
527 1968 689 2052 gloriam
719 1967 862 2049 petris,
897 1968 959 2031 sic
988 1971 1026 2031 et
1055 1986 1123 2033 nos
1153 1967 1191 2032 in

65 2072 246 2139 uouitsts
276 2072 384 2137 uitae
413 2070 671 2137 ambulemus.
708 2070 780 2136 hinc
811 2071 858 2134 est
888 2071 920 2135 ct
947 2069 1046 2136 illud:
1075 2089 1191 2155 surge

64 2176 124 2255 qui
149 2174 296 2241 dormis
320 2178 357 2240 et
380 2192 547 2258 exsurge
565 2192 584 2240 e
601 2175 784 2251 mortuis,
809 2176 848 2239 et
869 2172 1131 2239 inlumInebit
1152 2175 1191 2238 te

64 2276 255 2344 Christus.
292 2278 374 2361 quod
404 2282 509 2343 entem
539 2278 648 2343 dicunt
674 2294 736 2344 non
758 2295 847 2359 posse
869 2296 1028 2360 resurgere
1051 2275 1112 2341 nisi
1136 2277 1189 2360 qui

64 2382 176 2447 odunt
210 2385 241 2446 et
275 2381 347 2447 ideo
382 2385 496 2463 putent
526 2382 784 2446 resurrectionem
820 2383 859 2446 ad
888 2398 1024 2464 corpore,
1060 2398 1121 2445 nou
1151 2382 1190 2446 ed

38 2485 181 2551 uenimus
204 2485 370 2569 pertinere,
394 2484 470 2567 quie
485 2502 646 2567 corporum
669 2484 849 2568 estendere,
874 2501 929 2549 cur
951 2502 1013 2549 non
1035 2483 1188 2550 audiunt:

63 2607 131 2655 non
166 2588 372 2654 recedetis
399 2589 446 2653 eb
480 2586 571 2666 illo,
606 2606 650 2652 ne
674 2587 845 2664 cadatis,
869 2590 915 2653 et:
938 2605 1005 2653 suo
1035 2585 1190 2653 domino

62 2693 137 2760 stet
171 2695 244 2757 sut
278 2690 398 2770 cedit,
432 2693 480 2756 et:
516 2691 581 2772 qui
611 2709 651 2756 se
678 2692 792 2774 putet
820 2692 928 2756 sture
961 2690 1115 2769 censet,
1146 2710 1190 2757 ue

62 2796 199 2861 cudat?
221 2795 297 2877 puto
320 2794 405 2859 enim
428 2794 509 2877 quod
532 2793 565 2858 in
589 2794 704 2877 anime,
727 2812 787 2886 non
811 2794 844 2859 in
867 2812 993 2879 corpore
1017 2812 1107 2860 cesus
1129 2796 1190 2861 iste

63 2900 216 2965 csuendus
250 2898 306 2963 est.
352 2898 380 2963 si
413 2897 513 2983 igitur
546 2899 725 2964 cadentium
759 2901 807 2962 est
840 2898 1034 2980 resurrectio,
1073 2897 1190 2964 cedunt

36 3003 164 3068 sunum
187 3004 220 3066 et
242 3001 377 3080 enimes,
411 2999 603 3084 profectost
633 3001 753 3066 enimes
787 3018 945 3084 resurgere
979 2999 1189 3067 confitendum

64 3108 115 3172 et.
154 3104 238 3190 qnod
267 3107 384 3183 numm,
417 3123 490 3171 cum
515 3104 658 3170 dixisset:
689 3105 730 3169 iu
759 3103 854 3169 istis
883 3105 1058 3169 secunde
1086 3120 1189 3171 mors

64 3224 129 3274 uon
159 3207 282 3274 debet
310 3211 564 3290 potestatem,
595 3208 738 3274 adiunxit
769 3212 863 3291 etque
885 3209 948 3273 eit:
982 3207 1190 3274 sederunt

66 3311 289 3378 secerdotes
327 3310 390 3376 dei
429 3314 468 3377 et
504 3310 658 3377 Christi
696 3311 735 3376 et
771 3310 991 3395 regnabunt
1028 3329 1112 3377 cum
1147 3328 1189 3379 eo

67 3413 169 3479 mille
198 3414 329 3498 suuis,
364 3433 426 3480 non
456 3415 566 3497 ntique
596 3413 634 3479 de
663 3415 740 3480 solis
771 3415 921 3498 episcopis
945 3416 976 3479 et
997 3413 1189 3500 presbyteris

41 3513 176 3582 edictum
207 3521 265 3597 est,
295 3518 349 3601 qui
378 3518 502 3601 proprie
524 3518 589 3583 iem
612 3504 768 3585 uoceutui
791 3519 824 3583 in
846 3517 976 3585 ecclesis
997 3517 1187 3596 sacerdotem

160 3701 310 3765 incoram
329 3703 382 3771 e,1
471 3704 506 3759 14
521 3704 599 3759 eom.
618 3704 674 3770 ee
760 3705 794 3761 1o
810 3703 882 3784 opo..
890 3705 916 3771 o,
929 3705 964 3759 14
1054 3705 1087 3761 s1
1105 3702 1191 3759 neon

67 3780 341 3856 tummim
442 3789 698 3855 sumerem
802 3790 1031 3860 conpesce

109 3959 125 4014 1
142 3958 326 4015 reuiuIseeudo
345 3962 367 4029 (i
384 3961 475 4015 acea
492 3977 528 4017 ec
545 3977 560 4016 e
576 3965 658 4027 corr.)
680 3963 706 4017 Τ
807 3962 825 4017 6
844 3961 1043 4018 contendente
1146 3962 1189 4016 est

67 4045 163 4102 nimo
266 4046 536 4114 'tuumdousstte
628 4048 844 4105 ScedsbsreV
935 4050 1188 4105 ltresurrexmunt

71 4122 91 4178 I
184 4129 332 4187 tineent
352 4131 416 4188 w:
443 4132 571 4190 uidente
668 4134 782 4191 tticum
802 4134 979 4192 I'Vzom
1075 4131 1188 4190 dixisset

70 4224 304 4337 imneredo
397 4233 675 4305 scquiTe20osV
766 4223 1124 4322 prooeisootnei'
