2760 4814
204 328 270 396 236
688 330 851 400 Eugippii

204 523 285 608 ginis
314 523 407 605 partu
437 539 553 587 nonum
582 521 667 587 sidus
696 521 852 605 apparuit,
882 522 963 605 quod
994 523 1207 588 ministerium
1238 524 1337 592 offleii

204 625 254 692 sni
277 625 373 691 etiam
395 624 472 707 ipsis
495 625 596 710 magIs
612 624 832 709 quaerentibus
855 623 1025 709 Christum,
1047 644 1120 691 oum
1135 629 1207 692 ante
1221 626 1336 695 faeiem

204 730 347 813 praeiret,
378 728 527 804 exhibuit,
559 730 655 795 donee
677 745 729 794 eos
753 745 851 811 usqne
873 729 912 794 ud
934 728 1038 812 ipsum
1061 731 1175 810 losum,
1206 730 1262 796 ubi
1284 732 1336 800 dei

204 833 335 900 uerbum
350 831 453 898 infans
468 832 544 911 erat
567 832 743 916 praeeundo
759 833 950 915 perdnoeret.
975 832 1026 915 qni
1044 834 1170 897 tandem
1186 835 1335 921 astrologi

203 936 248 1001 ite
269 935 502 1003 constituerunt
524 935 685 1000 hominum
707 936 903 1000 nescentium
926 933 992 1001 fata
1006 936 1065 1000 sub
1080 935 1192 1015 stellis,
1216 937 1253 1002 ut
1275 938 1369 1005 ali-s

203 1057 297 1124 quam
330 1038 494 1105 seuerum
527 1038 652 1104 homins
685 1037 789 1122 aliquo
822 1040 897 1104 nato
930 1037 1079 1104 circuitus
1112 1040 1165 1104 sni·
1192 1040 1334 1107 ordinem

203 1142 365 1226 reliquisse
397 1143 429 1207 et
457 1141 497 1208 ad
525 1160 597 1207 eum
627 1142 685 1224 'qui
718 1146 812 1206 natus
841 1144 891 1206 est
922 1141 1095 1224 perrexisse
1128 1148 1334 1211 assonarent?

203 1248 320 1312 sortem
343 1246 456 1330 quippo
477 1244 634 1312 naseentis
655 1246 813 1310 astrorum
835 1243 943 1309 ordine
965 1246 1106 1329 rolligeri
1129 1246 1332 1324 arbitrantur,

202 1368 264 1415 non
296 1351 452 1416 astrorum
487 1348 627 1414 ordinem
650 1350 688 1415 sd
712 1349 845 1414 hominis
876 1348 944 1414 neti
974 1350 1058 1415 diem
1088 1367 1176 1433 posse
1199 1350 1334 1451 pnnturi

202 1456 388 1539 quapropter
410 1453 437 1518 si
458 1452 551 1518 stella
578 1451 637 1517 illa
659 1451 697 1516 de
719 1450 769 1516 bis
799 1454 867 1518 erat
896 1470 975 1534 qnae
1003 1453 1037 1517 in
1060 1452 1146 1518 eaelo
1175 1456 1335 1537 peragunt
1344 1479 1369 1519 ro

202 1558 323 1624 ordines
346 1574 427 1634 suos,
455 1555 606 1638 quomodo
628 1556 752 1639 poterat
774 1556 936 1622 decernere
959 1558 1040 1639 qnod
1069 1556 1162 1623 natus
1191 1554 1334 1623 Christus

202 1662 327 1726 aeturus
361 1662 438 1738 erat,
475 1677 553 1741 qnae
586 1660 659 1725 neto
686 1657 812 1725 Christo
843 1659 930 1725 iussa
962 1661 1010 1725 est
1042 1658 1217 1743 relinquere
1251 1661 1333 1744 quod

202 1761 339 1846 agebat?
360 1763 387 1828 si
411 1765 527 1842 autem,
551 1766 587 1826 nt
609 1761 803 1844 probabilius
826 1762 972 1842 creditur,
996 1761 1035 1828 ad
1055 1765 1333 1831 demonstrandum

202 1865 362 1934 Christum
394 1884 472 1948 quae
501 1885 563 1932 non
585 1869 654 1933 erat
676 1869 783 1934 exorta
805 1871 861 1948 est,
892 1886 952 1934 non
982 1868 1051 1933 ideo
1073 1866 1216 1934 Christus
1239 1870 1332 1933 natus

202 1973 249 2036 est
271 1970 345 2055 qnia
377 1971 434 2036 illa
455 1970 569 2051 extitit,
593 1971 648 2037 seri
669 1971 739 2038 ideo
761 1970 816 2037 illu
838 1971 944 2036 extitit
981 1970 1056 2054 quia
1073 1969 1215 2036 Christus
1238 1974 1368 2040 natusrs

201 2078 258 2140 est.
293 2075 384 2151 unde,
408 2074 436 2141 si
454 2073 516 2140 diei
532 2075 698 2158 oporteret,
722 2092 784 2139 non
799 2073 925 2141 stellam
942 2072 1076 2153 Obristo,
1100 2074 1153 2141 sed
1169 2072 1332 2140 Christum

201 2179 313 2245 stellae
336 2179 438 2244 fatum
461 2179 558 2245 fnisse
581 2178 772 2253 diaeremus;
795 2177 862 2260 ipse
877 2176 991 2262 quippe
1012 2177 1072 2257 illi,
1096 2194 1157 2241 non
1179 2175 1238 2241 ilia
1260 2176 1334 2241 hnic

201 2281 349 2348 nmoendi
372 2282 483 2348 attulit
505 2300 643 2350 oausam.
680 2283 707 2349 si
735 2299 807 2367 ergo
835 2285 909 2347 sunt
938 2281 1006 2348 iata
1031 2299 1109 2364 quae
1131 2297 1151 2346 a
1172 2280 1277 2358 fendo,
1299 2282 1332 2347 id

200 2390 248 2451 est
272 2404 291 2451 a
318 2386 449 2469 dicendo
477 2386 634 2470 appellata
660 2387 744 2465 sunt,
776 2384 923 2469 quoniam
945 2385 1087 2451 Christus
1119 2384 1250 2448 uerbum
1280 2383 1332 2449 dei

202 2489 258 2572 est,
280 2487 315 2552 in
337 2507 397 2571 quo
420 2492 589 2573 antequam
612 2493 716 2554 essent
738 2489 822 2553 dicta
837 2490 913 2554 sunt
928 2488 1039 2566 omnia,
1062 2486 1366 2557 non‘oonsortinmro

200 2591 337 2657 siderum
360 2593 462 2658 saturn
482 2591 600 2658 Christi
624 2592 681 2672 est,
705 2591 777 2678 <sed
799 2592 900 2658 fatum
918 2592 1013 2657 etiam
1035 2586 1331 2657 siderum-cbristus

200 2692 275 2778 est)
304 2695 357 2777 qui
388 2698 421 2760 et
443 2695 543 2778 ipsam
578 2714 703 2761 earnem
732 2697 789 2762 sub
822 2696 908 2762 oaslo
942 2696 1077 2761 orestem
1101 2711 1138 2758 ea
1168 2691 1331 2758 uoluntate

200 2796 359 2882 assumsit,
383 2816 444 2880 qua
466 2797 566 2864 etiam
588 2797 711 2864 eaelum
739 2799 867 2883 creauit,
896 2817 933 2864 ea
955 2798 1109 2883 potestate
1131 2795 1275 2878 deposuit
1297 2797 1331 2861 st

200 2901 327 2987 reoepit,
351 2920 412 2986 qua
434 2899 532 2967 etiem
553 2901 709 2968 sideribus
731 2901 911 2984 imperauit.

250 3194 269 3248 8
285 3191 419 3262 praeirent
435 3191 465 3246 D
468 3207 515 3261 pr.
611 3191 714 3247 exibuit
731 3193 759 3247 P
848 3191 901 3260 eos]
920 3206 950 3246 eo
967 3190 1108 3246 D¹M²PV
1199 3190 1331 3261 4psrdn·

198 3281 266 3336 uerit
282 3278 312 3333 D
415 3280 431 3334 5
450 3278 491 3333 ita
507 3294 559 3336 ooo.
576 3278 662 3334 D¹Po
759 3278 820 3334 fatu
837 3279 866 3334 P
964 3279 982 3334 6
999 3277 1135 3335 stillarum
1151 3277 1182 3332 D
1280 3276 1329 3332 ho·

198 3365 298 3421 minem
324 3365 365 3420 D¹
479 3363 494 3418 'i
521 3363 704 3419 adseneurent
731 3365 759 3419 P
869 3367 886 3420 8
913 3366 984 3418 sorte
1011 3362 1096 3419 DP¹o
1207 3363 1328 3418 ordinem

199 3451 303 3507 P¹1⁸V
391 3451 680 3520 colligari-ordinem
699 3469 750 3508 om.
772 3453 844 3522 Tpr.
938 3452 972 3506 10
989 3450 1065 3506 stilla
1082 3450 1124 3506 D¹
1217 3451 1249 3506 12
1263 3457 1329 3520 poet

198 3541 241 3593 est
257 3536 323 3593 edd.
343 3538 390 3594 T¹=
418 3540 631 3606 eratquaenato
648 3542 699 3608 κῇ
718 3539 790 3592 insse
807 3542 849 3594 est
939 3538 973 3605 13
991 3539 1022 3592 nt
1040 3554 1090 3595 om.
1107 3537 1147 3594 D¹
1237 3538 1328 3593 1501-

198 3623 277 3678 stetit
294 3623 330 3678 P¹
426 3625 490 3693 quia
507 3623 556 3681 Ob
575 3642 601 3678 n.
620 3626 662 3679 est
679 3625 775 3681 extetit
791 3623 821 3680 D
916 3624 949 3678 17
967 3625 1068 3699 fastum
1087 3627 1112 3690 (o
1129 3625 1211 3691 erue.)
1230 3624 1259 3678 D

199 3710 232 3764 18
249 3725 329 3764 eausa
346 3710 383 3770 Ρι
481 3726 498 3767 a
515 3710 605 3781 fando]
623 3711 732 3786 *effando
745 3711 777 3788 ¹T
879 3712 912 3766 19
929 3710 1040 3766 dioendo
1059 3715 1120 3779 (oon.
1139 3711 1168 3779 a)
1184 3711 1258 3767 DPu

197 3795 330 3869 appellati,
342 3797 381 3853 P¹
484 3797 515 3852 21
535 3796 671 3854 sed—eat
688 3815 718 3854 nr
746 3814 796 3854 om.
815 3798 879 3867 labri
981 3799 1015 3854 23
1032 3798 1096 3868 qna]
1115 3813 1168 3866 quo
1188 3797 1215 3853 P
