2760 4814
135 523 199 591 922
617 522 779 593 Eurrirrnii

136 716 211 778 eunt
233 711 337 777 multa
357 714 389 776 et
410 713 535 777 diuersa
557 714 673 778 sentiri.
709 731 766 795 ego
790 712 894 777 autem
917 711 985 777 dico
1008 714 1039 777 id
1062 731 1131 779 esse
1155 730 1261 796 pecce-

136 822 214 895 tnm,
245 815 347 899 fidem,
370 835 447 898 quae
469 834 523 900 per
545 817 742 882 dilectionem
763 819 918 899 operatur,
942 815 1084 881 deserere
1106 814 1261 899 usquead

134 924 275 985 mortem.
320 920 392 985 huic
421 923 549 1002 peccato
581 919 667 984 ultra
689 938 750 983 non
773 920 924 1000 seruiunt,
949 937 1010 983 non
1031 920 1136 1003 prima
1159 919 1259 984 condi·

132 1022 219 1087 cione
248 1023 330 1088 sicut
358 1024 410 1089 ille
441 1023 543 1100 liberi,
574 1026 627 1089 sed
653 1042 708 1105 per
742 1025 911 1087 secundum
939 1022 1042 1087 Adam
1077 1021 1126 1087 dei
1160 1022 1256 1106 gratia

135 1123 259 1190 liberati
289 1130 321 1191 et
350 1125 413 1191 ista
441 1126 625 1192 liberatione
655 1125 803 1190 hebentes
833 1124 968 1188 liberum
996 1124 1173 1204 arbitrium,
1204 1142 1283 1206 quor

134 1230 272 1294 seruiunt
294 1231 359 1307 deo,
382 1246 442 1294 non
466 1230 666 1311 captiuentnr
689 1249 707 1294 a
730 1226 861 1293 diabolo.
897 1227 1021 1292 liberati
1044 1226 1130 1291 enim
1152 1247 1171 1292 a
1192 1246 1257 1309 pec-

135 1334 204 1395 cato
225 1334 308 1396 serui
330 1334 405 1396 sunt
427 1332 503 1396 iacti
526 1332 676 1407 iustitiae,
699 1332 732 1396 in
753 1350 814 1414 qna
838 1331 967 1396 stabunt
990 1349 1088 1412 nsque
1111 1330 1146 1394 in
1160 1330 1255 1412 finenr,

133 1433 266 1500 donante
297 1433 358 1498 sibi
388 1435 655 1516 perseuerantiam
685 1433 740 1499 illo
771 1435 824 1516 qui
853 1452 903 1499 eos
925 1432 1095 1516 praesciuit
1118 1436 1151 1496 et
1172 1450 1255 1514 prae·

134 1536 302 1602 destinauit
335 1541 366 1602 et
398 1538 566 1602 secuudum
588 1539 781 1620 propositum
812 1538 937 1603 uocauit
964 1538 994 1601 et
1024 1534 1209 1601 iustificauit
1228 1537 1255 1599 et

135 1640 330 1722 glorificauit.
1261 1654 1280 1694 u

176 1742 262 1822 Quod
291 1747 397 1807 autem
427 1744 522 1807 etiam
545 1743 791 1826 perseueratnris
814 1743 928 1808 sanctis
951 1743 996 1807 sic
1020 1742 1082 1805 ista
1105 1742 1252 1819 dicunt-nr,

133 1845 221 1925 quasi
252 1865 301 1910 eos
330 1850 582 1929 perseueraturos
614 1848 765 1913 habeatur
795 1850 960 1930 incertum,
983 1863 1045 1910 non
1069 1845 1164 1911 aliter
1185 1847 1253 1910 haec

134 1949 241 2014 audire
270 1949 383 2015 debent
412 1950 523 2032 quibus
553 1951 674 2033 expedit
705 1970 764 2015 non
794 1950 893 2015 altum
915 1968 1032 2032 sapere,
1063 1951 1118 2014 sed
1142 1951 1251 2014 timere

131 2053 201 2134 quis
217 2052 298 2116 enirn
315 2072 350 2117 ex
365 2053 568 2118 multitudine
583 2054 733 2128 fidelium,
755 2054 902 2137 quamdiu
925 2054 958 2117 in
985 2053 1042 2117 hac
1068 2052 1250 2117 mortalitate

132 2154 258 2232 uiuitur,
289 2157 321 2220 in
345 2174 472 2221 numero
495 2157 793 2238 praedestinatorum
817 2175 849 2221 ee
876 2175 942 2220 esse
971 2161 1160 2236 praesumat,
1188 2153 1276 2237 qniau

131 2256 163 2321 id
197 2258 342 2324 occultari
375 2278 451 2343 opus
474 2263 520 2323 est
548 2259 580 2324 in
602 2260 659 2323 hoc
681 2261 757 2340 loco,
781 2260 835 2323 nbi
856 2259 900 2323 sic
922 2258 1061 2322 cauenda
1084 2262 1132 2322 est
1155 2255 1249 2331 elatio,

131 2363 166 2423 nt
189 2363 283 2425 etiam
307 2380 362 2443 per
384 2365 510 2426 satanae
533 2362 689 2443 angelum,
713 2380 751 2425 ne
767 2360 976 2443 extolleretur,
1001 2364 1109 2426 tantus
1128 2358 1250 2444 colaphi-

131 2469 252 2529 zeretur
267 2466 448 2546 apostolus?
464 2465 537 2528 hinc
553 2464 702 2547 apostolis
717 2465 894 2530 dicebatur:
911 2464 944 2529 si
962 2465 1197 2530 manseritis
1216 2462 1249 2525 in

131 2585 201 2644 me,
224 2569 344 2632 dicente
366 2569 420 2632 illo
443 2568 494 2649 qni
518 2588 568 2632 eos
591 2567 698 2649 ntique
721 2569 837 2633 sciebat
860 2586 925 2632 esse
948 2584 1127 2643 mansuros;
1152 2569 1183 2632 et
1203 2582 1251 2647 per

129 2668 327 2750 prophetam:
351 2669 382 2733 si
405 2670 621 2735 uolueritis
644 2675 682 2733 et
704 2668 973 2735 obaudieritis
996 2687 1062 2747 me,
1082 2687 1153 2733 cum
1169 2670 1275 2734 sciretu

131 2772 196 2854 ipse
218 2773 250 2835 in
273 2772 385 2853 quibus
408 2778 586 2854 operaretur
609 2775 639 2837 et
660 2773 758 2857 uelle,
781 2777 812 2837 et
834 2772 952 2837 similia
973 2771 1078 2836 mult-a
1100 2772 1247 2837 dicuntur.

129 2879 256 2955 propter
284 2875 376 2938 huius
407 2876 578 2940 utilitatem
601 2879 718 2951 secreti,
750 2896 788 2941 ne
811 2877 889 2941 forte
912 2877 979 2958 quis
1004 2876 1183 2952 extollatur,
1205 2873 1249 2939 sed

129 2992 246 3056 cuneo,
278 2977 373 3043 etiam
404 2978 455 3059 qni
486 2980 563 3044 bene
587 2984 725 3054 currunt,
757 2980 900 3058 timeant,
931 2980 1005 3043 dum
1032 2978 1189 3045 occultum
1209 2979 1248 3041 est

130 3080 182 3162 qni
195 3081 377 3162 perueniant
388 3119 429 3129 —·
443 3086 568 3166 propter
583 3083 674 3148 huius
685 3101 756 3166 ergo
769 3085 936 3149 utilitatem
948 3083 1058 3148 secreti
1074 3082 1246 3149 credendum

131 3188 178 3247 est
200 3186 349 3266 quosdam
373 3185 410 3248 de
432 3186 505 3252 tiliis
527 3187 710 3269 perditionis
728 3207 788 3252 non
807 3188 931 3268 accepto
948 3186 1027 3250 dono
1043 3182 1267 3268 perseuerantia

130 3305 228 3368 usque
257 3287 290 3351 in
319 3288 412 3353 finem
441 3289 474 3353 in
502 3288 571 3363 tide,
601 3309 678 3371 quae
701 3309 756 3371 per
779 3289 975 3354 dilectionem
1000 3290 1156 3369 operatur,
1178 3285 1242 3351 inci·

129 3408 200 3473 pere
230 3390 337 3456 uiuere
367 3394 398 3455 et
429 3392 609 3474 aliquandiu
638 3392 771 3457 fideliter
800 3412 836 3457 ac
863 3394 944 3457 iuste
966 3391 1075 3455 uiuere
1096 3394 1128 3456 et
1150 3392 1240 3474 postea

130 3498 236 3560 cadere
258 3514 356 3578 neque
371 3499 408 3561 de
434 3496 493 3561 hec
514 3496 589 3575 nita,
613 3496 793 3579 priusquam
808 3497 866 3560 hoe
882 3495 925 3559 eis
942 3496 1113 3578 contingat,
1131 3486 1237 3559 auferri.

128 3616 259 3680 quornm
282 3599 308 3662 si
333 3598 449 3663 nemini
473 3599 662 3683 contigisset,
687 3600 807 3664 tamdiu
829 3599 978 3663 haberent
1002 3598 1145 3661 homines
1160 3598 1236 3661 istun

129 3700 370 3765 saluberrimum
393 3703 546 3781 timorem,
570 3720 630 3785 qno
653 3703 767 3767 uitium
790 3700 932 3765 elationis
947 3700 1143 3781 opprimitur,
1158 3700 1257 3763 donae

128 3804 166 3867 ud
190 3802 307 3870 Christi
329 3805 473 3888 gratiam,
497 3823 558 3887 qua
580 3805 630 3888 pie
653 3806 781 3885 uiuitur,
797 3803 1006 3885 peruenirent,
1029 3803 1172 3885 deinceps
1185 3797 1233 3861 ian

229 3971 455 4079 saeuae
545 4007 805 4073 seruauere
896 4002 1184 4069 13cf.Rom.11‚20

129 4091 405 4163 lactuculae
475 4094 560 4149 1810.
574 4094 642 4161 15,'l
711 4091 839 4159 abner,
854 4092 887 4145 19
956 4091 988 4144 21
1003 4090 1037 4143 ci.
1050 4090 1168 4159 Philipp.
1179 4085 1199 4149 t,
1210 4075 1233 4133 13

179 4280 196 4333 6
223 4280 392 4349 captiuentnr
415 4281 450 4336 V:
483 4298 536 4351 qno
563 4283 735 4351 captiuentnr
763 4279 818 4335 GP
920 4278 952 4331 18
978 4278 1137 4331 mansoretis
1162 4276 1188 4332 V

127 4363 339 4435 20prophetam]
352 4366 461 4435 phetam
474 4368 502 4422 P
575 4366 750 4421 obaudieritis
761 4364 828 4420 PV:
847 4363 1019 4419 audieritiea
1099 4362 1237 4432 eapropter

130 4449 166 4505 V:
195 4466 257 4505 nem
275 4456 381 4521 propter
403 4452 456 4507 GP
