2760 4814
172 308 237 375 340
644 306 833 379 [sugrpprr]

172 515 225 564 rao
258 515 340 563 nunc
371 496 469 564 dictos
503 516 570 564 esse
604 496 727 574 inferos,
762 496 820 565 hoc
843 499 891 564 est
912 497 943 565 in
975 497 1175 565 inferioribus
1197 499 1302 564 terrac

172 601 323 685 partibus.
360 599 447 667 uarie
476 601 588 685 quippe
611 598 645 665 in
667 598 832 684 scripturis
854 600 886 667 a't
908 602 966 668 sub
997 600 1160 668 intellectu
1191 601 1302 666 multi·

173 702 257 785 plici,
290 702 373 768 sicut
395 721 511 782 rerum,
546 703 583 768 de
617 702 731 787 quibus
754 706 869 789 agitur,
906 723 1013 770 sensus
1047 705 1151 788 exigit,
1187 722 1301 771 nomen

172 805 302 888 ponitur
322 805 491 872 inferorum
514 809 546 872 et
567 808 702 872 manime
725 808 758 872 in
785 800 916 872 mortuis
940 807 997 872 hoc
1010 807 1106 892 accipi
1128 807 1216 872 solet.
1247 806 1302 872 sed

173 908 319 993 quoniam
348 910 422 976 istos
445 910 588 979 uiuentes
611 904 802 978 dictumest
825 911 864 977 ad
886 909 1003 976 inferos
1034 909 1237 991 descendisse,
1270 910 1302 975 et
1326 936 1338 973 s

172 1014 241 1100 ipsa
262 1013 439 1079 narratione
460 1012 535 1097 quid
557 1012 677 1078 factum
700 1013 796 1079 fuerit
818 1012 895 1080 satis
917 1016 1065 1097 apparst;
1099 1011 1302 1079 manifestum

173 1120 231 1192 est,
254 1118 292 1182 ut
313 1117 386 1198 diui,
416 1112 581 1182 inferiores
603 1116 829 1200 tarraspartes
852 1113 1023 1183 inferorum
1046 1115 1196 1182 uocabulo
1219 1134 1301 1180 nun·

172 1223 304 1304 cupatas
325 1220 359 1285 iu
381 1217 610 1304 comparatione
633 1218 727 1284 huius
745 1216 912 1303 superioris
929 1219 1039 1300 terrae,
1062 1220 1097 1285 in
1112 1218 1199 1285 cuius
1217 1217 1300 1284 facio

171 1322 308 1403 uiuitur,
330 1323 415 1389 sicut
436 1323 470 1389 in
492 1320 720 1405 comparatione
742 1322 822 1389 caeli
845 1323 1020 1408 superioris,
1042 1321 1097 1388 ubi
1120 1320 1301 1388 sanctorum

172 1427 343 1492 demoratio
377 1429 424 1491 est
456 1427 647 1512 angelornm,
681 1431 844 1512 peccantes
878 1427 1005 1512 angelos
1034 1425 1068 1490 in
1098 1425 1188 1490 huius
1219 1423 1339 1493 aerisro

171 1532 313 1596 detrusos
348 1528 480 1613 caligine
514 1530 669 1613 scriptura
696 1529 774 1596 dicit
807 1533 969 1613 tamquam
998 1528 1172 1595 carceribus
1206 1527 1301 1592 inferi

171 1630 342 1717 puniendos
371 1632 531 1696 reseruari.
569 1633 605 1697 si
628 1631 728 1697 enim
751 1632 860 1713 deus,
891 1632 1003 1716 inquit,
1034 1631 1190 1715 angelis
1214 1649 1300 1714 poc·

172 1733 360 1802 cantibus
392 1752 465 1801 non
498 1734 692 1818 pepercit,
730 1736 798 1802 sed
834 1734 1064 1802 carceribus
1099 1735 1300 1820 caliginis

172 1837 293 1904 inleri
317 1839 526 1904 retrudens
556 1837 728 1903 tradidit
757 1839 797 1903 in
825 1839 980 1905 iudicio
1003 1838 1219 1922 puniendos
1243 1854 1299 1903 re·

172 1942 343 2026 seruari,
378 1959 451 2007 cum
484 1941 640 2024 apostolus
663 1942 780 2009 Paulus
815 1944 987 2026 principem
1019 1942 1183 2027 potestatis
1217 1941 1341 2009 scrisis

172 2042 331 2111 diabolum
354 2044 447 2126 dicat,
471 2045 524 2131 qui
548 2047 746 2128 operatorio
769 2045 842 2112 filiis
865 2045 1066 2112 diffidentiae.

353 2287 436 2334 ITEM
458 2286 504 2333 DE
526 2284 645 2332 EADEM
667 2284 720 2332 RE.
758 2284 805 2331 EX
827 2285 962 2334 Psnnmo
985 2284 1116 2333 LXXXV.

86 2405 162 2470 101b
215 2405 263 2470 Et
296 2405 441 2471 eruisti
474 2404 642 2471 animam
676 2423 798 2471 meam
831 2424 873 2471 ex
906 2404 1061 2471 inferno
1100 2402 1300 2469 inferiori.

172 2507 248 2593 quid
276 2507 411 2576 dicimus
441 2506 578 2574 fratres?
611 2508 669 2575 hoc
691 2510 718 2573 si
740 2525 801 2573 non
824 2509 913 2575 uobis
937 2510 1098 2591 tamqnam
1121 2507 1223 2574 certus
1248 2525 1300 2572 cx-

171 2629 311 2695 posuero,
341 2631 380 2677 ne
402 2611 623 2687 succenseatis3
658 2612 749 2677 homo
772 2631 841 2677 sum
865 2612 948 2676 enim
971 2614 1002 2676 ct
1023 2614 1177 2695 quantum
1200 2610 1340 2676 conicio

171 2716 264 2780 datur
285 2714 323 2780 de
345 2714 508 2799 scripturis
531 2715 658 2795 sanctis,
683 2718 808 2781 tantum
829 2715 928 2780 audeo
943 2714 1056 2794 dicore,
1081 2713 1160 2780 nihil
1176 2733 1212 2779 ex
1235 2733 1300 2779 me.

170 2817 329 2883 infernum
359 2834 413 2883 noc
443 2834 502 2903 ogo
529 2819 674 2901 expertus
697 2836 767 2884 sum
789 2818 889 2884 sdhuc
912 2836 968 2884 nec
989 2835 1056 2884 nos.
1094 2820 1126 2884 et
1154 2816 1300 2884 fortassis

171 2920 235 2988 alia
266 2920 319 2987 uia
351 2922 412 2986 erit
434 2925 465 2986 st
486 2938 548 2987 non
578 2940 633 3004 por
665 2921 822 2987 inlemnm
849 2924 920 2988 erit.
958 2922 1078 2988 incerta
1107 2926 1182 2987 sun-t
1211 2921 1298 2986 haec.

171 3042 280 3090 uerum
301 3025 375 3108 quia
390 3024 467 3090 dicit
482 3023 645 3106 scriptura,
669 3025 719 3088 oni
735 3024 908 3090 contradici
923 3042 983 3090 non
1005 3026 1124 3108 potest:
1147 3024 1299 3089 eruisti

171 3125 338 3193 animam
360 3145 479 3192 msam
503 3145 547 3190 ex
568 3122 723 3190 intorno
746 3125 953 3209 inferiore,
977 3126 1189 3211 intellegimus
1212 3131 1337 3192 tames

171 3249 266 3314 quam
288 3231 348 3297 duo
370 3230 491 3295 inferna
512 3247 588 3314 esso,
610 3231 753 3311 superius
776 3233 807 3295 et
830 3229 969 3297 inferius.
1000 3249 1073 3295 nam
1095 3233 1176 3296 unde
1198 3229 1297 3296 infer·

59 3354 69 3373 ·
171 3353 246 3400 num
279 3334 418 3412 inferius,
451 3331 512 3397 nisi
546 3332 619 3415 quia
651 3335 698 3396 est
730 3332 888 3398 infernum
920 3335 1090 3417 superius?
1126 3332 1212 3400 aliud
1236 3350 1299 3398 non

171 3438 324 3503 diceretur
345 3433 502 3500 infernum
525 3434 587 3500 nisi
608 3436 641 3501 in
657 3437 885 3519 comparatione
907 3437 992 3503 illius
1006 3437 1172 3520 superioris
1187 3436 1299 3520 partis.

171 3539 296 3605 uidetur
326 3557 407 3623 ergo,
438 3537 559 3619 iratres,
589 3557 655 3604 esse
682 3539 836 3607 habitatio
858 3542 1011 3624 quaedam
1035 3541 1177 3606 caelestis
1199 3557 1298 3622 ange·

170 3642 287 3707 lorum:
322 3641 366 3708 ibi
400 3640 500 3724 gloria
532 3640 741 3709 ineffabilium
770 3645 965 3728 gaudiorum,
999 3643 1044 3709 ibi
1075 3643 1337 3710 immortalitaso

171 3746 204 3809 ot
231 3742 430 3826 incorruptio,
462 3744 507 3811 ibi
540 3748 644 3812 omnia
676 3745 846 3813 secundum
877 3747 927 3812 dei
956 3749 1071 3813 donum
1101 3747 1133 3811 et
1160 3746 1298 3830 gratiam

275 3966 307 4020 12
324 3965 355 4021 11
366 3965 437 4021 Petr.
454 3967 480 4032 2,
497 3966 514 4020 4
596 3969 628 4022 15
645 3967 679 4022 cl.
692 3967 758 4037 Eph.
776 3968 800 4036 2,
819 3969 836 4022 2
916 3970 948 4024 18
960 3973 998 4036 (et
1008 3969 1054 4036 24)
1072 3968 1115 4024 Ps.
1134 3970 1176 4036 85,
1197 3971 1230 4024 13

223 4174 346 4228 ausae
364 4175 390 4229 r
490 4176 520 4228 11
538 4175 578 4241 (sc
589 4173 634 4242 24)
653 4174 784 4228 sonorum
810 4174 835 4229 r
933 4174 967 4229 so
986 4140 1154 4229 ”morcarus
1173 4176 1213 4244 (u
1231 4176 1300 4231 aaa.

171 4278 205 4318 m.
224 4260 299 4330 2)T
399 4262 431 4315 31
451 4262 478 4314 et
495 4259 661 4328 incorruptio
680 4263 718 4325 (ct
735 4261 764 4313 in
781 4260 1066 4326 om.2c'nros.)T
