2760 4814
227 328 394 398 Excerpta
411 344 447 383 ex
464 345 533 399 opp.
552 331 578 384 S.
598 332 786 399 Augustrni
807 330 905 388 CCLX.
924 332 1038 389 COLXL
1135 336 1195 403 841

63 519 115 584 nis
130 516 176 584 eis
191 520 311 602 possint
326 520 422 586 etiam
437 522 514 587 falsa
528 522 723 607 persuaderi3
746 523 799 589 sed
815 523 889 607 quia
911 526 943 589 et
961 544 1036 591 nera
1057 530 1197 609 possunt,

62 640 126 687 non
149 624 197 687 est
219 622 354 689 facultas
377 623 445 705 ipsa
464 624 637 707 culpabilis,
662 629 715 693 sed
729 627 812 692 male
828 627 984 693 utentium
999 631 1197 710 peruersitas.

62 742 139 789 nam
162 743 260 807 neque
282 726 341 792 hoc
364 727 402 791 ab
425 726 604 793 hominibus
625 729 810 795 institutum
840 733 896 808 est,
919 734 955 794 nt
978 732 1122 797 ueritatis
1145 752 1198 799 er·

62 831 183 912 pressio
205 830 351 897 conciliet
373 831 548 896 auditorem
570 832 625 896 ant
640 836 675 897 ut
702 831 793 899 facile
809 833 891 915 qnod
907 833 1044 900 intendit
1057 835 1197 901 insinuet

35 933 169 999 ebronis
192 935 224 999 et
245 937 352 1016 aperta
374 933 512 999 narratio
534 938 565 999 et
588 936 724 1000 uarietas
748 936 813 1000 eius
841 936 907 1001 sine
935 934 1061 1002 fastidio
1090 939 1196 1003 teneat

60 1035 203 1102 intentos
237 1038 269 1102 et
302 1039 421 1102 ceterae
453 1037 546 1102 huius
580 1037 665 1102 modi
688 1037 927 1118 obseruationes,
961 1056 1040 1121 quae
1069 1038 1137 1104 sine
1160 1040 1194 1105 in

61 1139 155 1205 salsis
188 1139 256 1203 siue
288 1140 321 1204 in
354 1141 436 1204 ueris
471 1143 573 1204 causis
607 1160 700 1206 uerae
723 1141 797 1205 sunt
818 1144 934 1221 tamen,
968 1141 1118 1224 quantum
1142 1143 1195 1207 uel

60 1242 137 1307 sciri
158 1240 210 1306 uel
233 1242 316 1307 credi
339 1241 458 1324 aliquid
480 1242 603 1307 faciunt
625 1244 681 1307 aut
697 1243 735 1308 ad
752 1243 956 1326 expetendum
972 1243 1195 1326 fugiendumue

61 1346 184 1411 animos
207 1345 344 1425 mouent,
368 1349 399 1409 et
420 1344 567 1411 inuentae
584 1348 698 1428 potius,
722 1347 802 1431 quod
818 1347 866 1412 ita
881 1365 914 1412 se
931 1345 1077 1430 habeant,
1099 1366 1194 1429 quam

21 1476 49 1515 ιο
59 1448 98 1513 nt
120 1449 166 1514 ita
187 1468 220 1515 se
241 1449 402 1529 haberent,
425 1450 599 1515 institutae.

105 1568 165 1635 Sed
195 1570 273 1634 haee
300 1588 372 1651 pars
403 1589 474 1634 cum
497 1571 637 1648 discitur,
661 1570 762 1653 magis
784 1573 820 1635 ut
842 1570 1033 1651 proferamus
1056 1589 1193 1653 eaquae

59 1672 225 1738 intellecta
257 1674 340 1750 sunt,
376 1690 469 1754 quam
505 1676 541 1737 ut
568 1673 790 1757 intellegamus
825 1673 1000 1739 adhibenda
1036 1678 1093 1738 est.
1137 1675 1194 1740 illa

59 1794 135 1841 uero
159 1776 395 1841 conclusionum
418 1780 450 1841 et
464 1775 683 1841 definitionum
699 1779 731 1840 et
746 1777 1004 1842 distributionum
1019 1776 1192 1858 plurimum

57 1878 286 1944 intellectorem
317 1880 456 1944 adiuuat.
497 1880 622 1943 tantum
654 1880 735 1945 absit
758 1898 854 1956 error,
878 1898 938 1962 quo
961 1881 1110 1946 uidentur
1131 1880 1192 1946 eibi

21 1983 202 2050 rshomines
224 1983 326 2065 ipsam
344 1981 453 2047 beatae
469 1984 555 2048 uitae
584 1983 750 2048 ueritatem
765 1983 918 2062 didicisse,
943 2002 1015 2048 cum
1030 1986 1092 2048 ista
1107 1982 1192 2047 didi-

56 2087 170 2153 cerint.
203 2104 392 2169 quamquam
414 2086 594 2170 plerumque
618 2088 749 2163 accidat,
772 2090 809 2150 ut
831 2086 955 2151 facilius
978 2086 1119 2151 homines
1141 2106 1191 2151 res

57 2208 111 2256 eas
134 2192 348 2271 assequentur,
371 2192 498 2273 propter
521 2208 596 2271 quas
612 2190 820 2272 assequendas
835 2190 896 2254 ista
911 2189 1080 2267 discuntur,
1096 2207 1192 2272 quam

57 2292 172 2358 talium
195 2294 430 2374 praeceptorum
453 2293 674 2358 nodosissimas
698 2296 730 2358 et
747 2293 978 2374 spinosissimas
999 2291 1191 2376 disciplinas.

57 2398 221 2479 tamquam
244 2396 272 2461 si
294 2394 451 2479 quispiam
473 2397 581 2461 nolens
599 2396 671 2462 dare
687 2400 851 2479 praecepta
866 2396 1051 2461 ambulandi
1065 2400 1191 2461 moneat

21 2518 120 2565 sonon
155 2517 222 2564 esse
259 2500 430 2564 leuandum
467 2500 671 2582 posteriorem
704 2501 825 2580 pedem,
859 2498 920 2563 nisi
951 2517 1023 2564 cum
1050 2498 1191 2582 posueris

56 2604 209 2686 priorem,
248 2601 360 2667 deinde
400 2602 583 2667 minutatim
620 2602 883 2684 quemadmodum
920 2601 1123 2667 articulorum
1159 2605 1192 2669 et

56 2705 214 2787 poplitum
236 2707 377 2771 cardines
399 2709 540 2788 oporteat
562 2725 685 2773 mouere
708 2704 880 2783 describat;
906 2724 981 2771 uera
1002 2706 1087 2770 enim
1114 2705 1191 2771 dicit

56 2827 115 2873 nec
138 2809 294 2875 ambulari
310 2809 402 2875 aliter
424 2811 545 2891 potest3
567 2810 620 2875 sed
643 2809 767 2875 facilius
790 2809 932 2874 homines
955 2808 1032 2874 baec
1048 2809 1189 2876 faciendo

57 2912 235 2992 ambulant,
263 2932 358 2996 quam
382 2914 643 2991 animaduertent‚
667 2931 737 2977 cnm
759 2911 889 2991 faciunt,
912 2916 967 2976 aut
989 2911 1189 2995 intellegunt,

23 3034 129 3082 scum
154 3015 295 3081 andiunt.
325 3018 377 3098 qni
401 3017 508 3081 autern
531 3016 693 3081 ambulare
715 3034 778 3080 non
800 3021 939 3097 possunt,
962 3016 1063 3081 multo
1086 3015 1189 3079 minus

56 3138 93 3185 ea
115 3122 227 3183 curant
248 3138 327 3202 qnae
349 3138 406 3185 nec
429 3119 609 3202 experiendo
630 3123 762 3202 possunt
783 3118 955 3186 attendere.
991 3118 1037 3183 ita
1050 3117 1189 3202 plerom-

56 3242 117 3306 qne
139 3223 232 3288 citius
254 3224 430 3307 ingeniosus
454 3224 541 3288 uidet
563 3242 624 3288 non
646 3241 713 3288 esse
730 3227 833 3288 ratam
848 3222 1077 3288 conclusionem
1093 3238 1187 3304 qnam

109 3495 122 3548 1
136 3466 322 3564 ueri'ssessunt
334 3500 400 3561 (esse
412 3495 477 3549 cdd.
489 3513 524 3549 m.
534 3498 562 3564 3)
578 3495 605 3551 G
691 3496 708 3550 3
720 3495 844 3550 ueritatis
858 3495 893 3550 Vr
911 3495 1035 3550 caritatis
1048 3494 1119 3550 on

53 3580 282 3636 tcenchilietV
371 3582 506 3651 5breuis]
525 3581 664 3636 brebisV
754 3582 920 3649 iquantum
943 3581 978 3635 V:
1008 3581 1186 3649 inquantum

56 3666 128 3721 01²0
230 3666 376 3721 8scirev
479 3667 584 3720 autad
608 3668 664 3721 Gn:
695 3671 743 3720 aut
766 3666 823 3720 PV
921 3665 1111 3735 fugiendnmne
1128 3668 1187 3721 ani·

54 3768 113 3807 mos
134 3750 199 3807 GP:
226 3755 275 3805 ant
292 3752 484 3822 fugiendumue
502 3770 525 3805 a.
548 3752 575 3805 V
598 3753 756 3821 fugiendum
775 3754 949 3807 ueniamusn
1044 3754 1185 3807 9innenti

52 3853 72 3891 c
168 3837 201 3891 ll
218 3837 331 3891 discitur
346 3837 382 3890 V:
409 3837 512 3891 dicetur
529 3856 545 3893 o
643 3839 675 3892 14
692 3854 744 3907 quo
764 3837 848 3893 0Pv:
873 3839 945 3906 qnod
963 3837 990 3892 V
1081 3840 1113 3893 15
1132 3839 1187 3893 ista

58 3920 95 3975 V:
125 3920 207 3977 itae
318 3922 462 3975 didicerint
485 3923 520 3977 V:
553 3923 712 3977 dicerento
828 3924 861 3977 16
887 3923 991 3977 accidat
1013 3923 1049 3978 V:
1079 3924 1186 3979 accedat

54 4024 71 4062 o
163 4008 197 4061 18
214 4007 411 4076 spinosissimas
428 4008 463 4061 V:
492 4009 717 4077 spondissimaso
808 4008 842 4061 19
859 4007 922 4061 dsre
935 4009 1027 4063 nolens
1047 4009 1118 4064 GPo

53 4092 88 4147 23
112 4092 193 4147 aliter
215 4092 345 4147 ambulari
371 4094 441 4148 GPn
546 4094 609 4147 haec
626 4093 661 4147 V:
691 4093 741 4146 hoc
760 4092 804 4148 Ge
907 4094 941 4148 24
964 4094 1186 4149 animaduerterit

59 4177 94 4231 V:
125 4176 198 4231 enirn
223 4177 370 4231 adnertnnt
396 4194 412 4232 o
515 4178 549 4231 26
577 4182 670 4233 curant
694 4178 728 4233 V:
758 4181 868 4233 currant
893 4196 910 4235 v
1014 4185 1126 4249 possunt
1151 4181 1186 4237 V:

53 4278 107 4317 non
125 4266 276 4331 poasunto
