2760 4814
307 269 474 340 llneerpta
491 286 526 325 ex
544 286 613 341 opp.
631 272 657 327 S„
675 272 866 341 Augustini
889 273 1022 330 ccxxn.
1166 277 1228 345 ‘ill

95 460 230 543 apostoli
254 461 325 537 alii3
359 478 470 526 uerum
493 462 599 526 tamen
622 459 717 526 etiam
747 461 829 545 ipses
851 461 1026 546 baptizatos
1048 465 1229 549 intellegere

97 565 265 648 debemus,
303 564 565 649 quemadmodum
601 562 752 646 seriptum
789 565 851 644 eet,
892 567 1015 650 quando
1054 569 1229 652 baptizatae

96 668 177 734 sunt
197 668 303 751 plebes
326 669 529 734 eeclesiarum
552 668 584 733 in
599 667 797 734 Hierusalem
821 673 853 734 et
874 669 909 735 in
923 670 1081 749 semanim
1105 678 1227 756 quando

99 776 209 837 antem
238 771 414 855 baptizatae
443 772 508 837 sint
538 770 619 837 aliae
647 770 753 855 plebes
780 772 934 857 gentium,
958 774 1072 858 quibus
1096 777 1229 861 apostoli

72 874 253 958 aepistulas
275 877 439 955 miserunt,
462 893 523 940 nen
547 878 595 939 est
616 875 726 957 utique
757 875 919 958 seriptum,
949 879 980 943 et
1003 881 1109 945 tamen
1130 881 1226 947 stiam

100 978 184 1061 ipsas
218 979 347 1045 minime
380 978 561 1045 dubitamus
594 981 720 1063 propter
753 978 843 1046 illam
873 980 991 1046 domini
1023 983 1227 1049 sententiam:

99 1082 181 1146 nisi
205 1083 292 1165 quis
315 1084 481 1147 renatus
503 1081 632 1146 inerit
653 1099 696 1146 ex
719 1099 818 1165 aqua
841 1083 878 1148 et
899 1082 1052 1166 spiritu
1073 1086 1226 1165 saneto,

98 1203 174 1249 nen
196 1184 379 1251 intrabit
400 1184 438 1249 in
461 1203 623 1269 regnum
646 1184 851 1250 caelorum.

142 1286 318 1371 Vtrumque
340 1289 446 1354 autem
462 1289 499 1353 de
522 1286 647 1352 domino
671 1288 906 1369 scriptumest,
936 1294 967 1354 et
997 1290 1070 1373 quia
1098 1291 1226 1376 bapti·

55 1390 213 1455 sonabat
243 1392 333 1475 plns
367 1410 477 1475 quam
506 1392 720 1470 Iohannes,
751 1395 783 1457 et
804 1391 877 1475 qnia
898 1393 982 1476 ipse
1004 1413 1076 1460 non
1099 1394 1227 1480 bapti-

97 1493 228 1573 nabat,
260 1495 326 1560 sed
356 1494 552 1579 diseipnli
581 1496 682 1574 eins,
712 1496 750 1560 ut
778 1494 1032 1580 intellegeremus
1062 1501 1095 1562 et
1120 1497 1225 1582 ipsum

98 1595 225 1678 quidem
254 1596 432 1679 baptizasse
466 1598 644 1680 praesentia
676 1598 860 1678 maiestatis,
895 1616 956 1664 nen
987 1603 1092 1665 tamen
1121 1603 1226 1684 ipsum

98 1692 272 1783 baptizasse
302 1702 453 1766 manibus.
492 1700 591 1784 ipsius
614 1701 697 1766 enim
720 1702 787 1766 erat
809 1701 959 1785 baptismi
986 1706 1226 1785 sacramentum,

97 1803 138 1868 ad
160 1803 329 1887 discipulos
359 1807 465 1870 autem
496 1805 669 1886 baptizandi
692 1804 902 1870 ministerium
925 1806 1111 1887 pertinebat.
1149 1808 1228 1874 tune
1273 1866 1276 1870 .

55 1925 181 1990 iserge,
216 1908 339 1990 quando
374 1909 452 1974 dieit
481 1907 634 1974 Iohannes
667 1907 861 1991 euangelista
892 1908 927 1972 in
960 1909 1121 1993 euangelio
1155 1929 1225 1978 sne:

99 2013 191 2091 post
221 2009 315 2076 haee
346 2012 443 2077 exiit
466 2012 579 2077 lesus
601 2013 638 2077 et
661 2011 854 2096 diseipnli
877 2013 1020 2077 sinsin
1042 2012 1225 2080 Iudaeam

97 2117 247 2179 terram
278 2121 316 2180 et
343 2113 434 2179 illie
464 2115 691 2181 morabatur
720 2132 802 2179 enm
830 2115 886 2179 eis
909 2115 948 2179 et
971 2113 1224 2200 baptizabat,

96 2223 174 2283 tune
204 2217 295 2301 paule
324 2223 396 2300 post
426 2218 464 2283 de
492 2220 559 2300 ipso
588 2219 717 2300 loquens
746 2217 810 2284 ait:
841 2220 883 2282 ut
905 2234 996 2301 ergo
1027 2220 1225 2301 eognonit

97 2321 226 2399 Iesus,
256 2320 358 2404 quod
388 2319 608 2387 audierunt
629 2319 845 2405 pharisaei,
876 2320 974 2403 qued
1004 2319 1116 2386 Iesus
1138 2323 1222 2405 pln-

51 2441 156 2489 aores
186 2423 408 2506 discipules
437 2422 605 2489 baberet
634 2430 673 2489 et
702 2424 932 2506 baptizaret
952 2424 1087 2506 plures
1110 2443 1222 2507 qnam

97 2526 358 2592 Iohannes-
381 2526 742 2609 quamquamleeus
772 2528 857 2608 ipse
882 2545 956 2593 non
987 2528 1219 2610 baptizaret,

96 2629 164 2694 sed
194 2628 393 2712 diseipnli
422 2629 506 2695 eins
527 2666 571 2677 —
599 2629 768 2713 reliquit
796 2628 975 2696 Iudaeam
1008 2633 1156 2697 terram
1185 2637 1225 2699 et

96 2732 198 2799 abiit
221 2733 364 2799 iterum
386 2734 427 2797 in
449 2731 693 2799 Galilaeam:
715 2733 792 2798 tnne
810 2750 892 2818 ergo,
915 2733 1037 2817 qnando
1054 2732 1094 2801 ab
1111 2734 1224 2801 Hiere-

95 2835 226 2918 solymis
257 2834 334 2901 exiit
362 2854 434 2901 eum
464 2836 626 2919 discipulis
655 2836 721 2903 suis
748 2836 781 2902 in
803 2835 954 2902 Iudaeam
977 2836 1010 2902 et
1032 2835 1099 2902 illie
1121 2855 1225 2905 mera·

53 2964 85 3003 ss
96 2941 189 3006 batur
212 2957 284 3004 eum
306 2938 360 3019 eis,
384 2939 567 3024 baptizabat
588 2957 650 3006 nen
664 2959 718 3023 per
733 2959 765 3007 se
780 2940 892 3023 ipsum,
915 2939 969 3005 sed
987 2958 1042 3021 per
1056 2939 1224 3023 discipules

95 3059 178 3120 sues,
208 3060 285 3125 qnos
315 3042 528 3127 intellegimus
558 3046 621 3109 iam
652 3042 749 3108 fuisse
770 3042 942 3126 baptizatus
970 3042 1038 3108 sine
1065 3041 1223 3124 baptismo

97 3144 255 3224 lobannis,
279 3145 362 3211 sient
378 3146 522 3211 nonnulli
537 3145 739 3224 arbitrantur,
763 3146 839 3224 sine,
863 3146 944 3227 quod
959 3146 1061 3230 magis
1076 3144 1224 3211 credibile

95 3249 153 3325 est,
188 3248 347 3330 baptismo
377 3247 504 3314 Christi.
547 3268 646 3332 neque
680 3249 765 3316 enim
799 3248 1011 3314 ministerium
1045 3248 1224 3332 baptizandi

197 3433 587 3499 tei.Aet2,4let8,12
691 3435 855 3499 aleae
959 3434 1155 3501 effluam

95 3521 316 3588 1810.4,1-3

146 3694 228 3751 lalii
245 3694 360 3764 apostoli
377 3695 448 3750 APu
547 3695 646 3750 dsunt
664 3694 753 3749 PVuz
783 3694 840 3749 sint
856 3694 884 3748 Δ
981 3693 1143 3748 hierusalem
1161 3699 1224 3761 (oea.

93 3782 168 3848 inlu
254 3780 360 3850 dipsas
372 3781 448 3836 MV:
475 3783 548 3853 ipsas
562 3781 712 3851 baptizatas
724 3782 768 3836 Aa
872 3779 1081 3836 tutelenses
1166 3780 1225 3849 ipse

93 3883 148 3923 nen
166 3867 249 3924 PVa:
278 3867 400 3936 nanipse
417 3870 445 3921 A
532 3868 562 3922 ll
582 3870 614 3920 at
630 3865 711 3921 P¹l⁷=
739 3869 811 3922 utet
828 3866 912 3922 APa
998 3864 1172 3921 mnasilus
1189 3865 1224 3921 Va

93 3952 287 4009 manibusznis
301 3954 346 4008 Aa
416 3952 660 4024 lbquandoP¹V=
678 3952 821 4009 eauAPa
888 3951 1055 4008 iohannisA
1124 3951 1225 4007 litan-

92 4040 278 4111 iamlsuame
365 4042 399 4096 18
411 4041 468 4109 ipse
484 4040 520 4095 γε
538 4039 586 4094 ille
599 4042 642 4096 Aa
734 4040 768 4094 19
780 4039 851 4109 qued
863 4039 924 4095 and.
942 4038 978 4093 V:
996 4039 1154 4108 qniaaAu

91 4124 234 4181 audierant
251 4128 296 4180 Aa
385 4125 421 4181 20
438 4125 586 4195 discipulus
603 4128 631 4181 A
720 4126 890 4196 baptizares
981 4139 1062 4193 qnam
1079 4123 1222 4192 lohannes]

94 4227 188 4267 esau
291 4212 325 4267 22
351 4211 523 4281 reliquidl'
620 4212 655 4267 23
681 4211 808 4281 galileam
834 4214 921 4266 Ae·
985 4209 1091 4279 qnando
1117 4208 1223 4293 qnando

93 4298 319 4365 (eon-uallV
417 4298 719 4370 280nimlenimeiv
