2760 4814
136 577 198 644 978
617 577 780 647 augrpprr

179 764 266 832 Sicut
288 784 361 851 ergo
391 767 492 834 tribus
522 769 669 853 gradibus
691 771 730 836 ad
752 768 943 851 peccandum
963 769 1161 852 peruenitur,
1192 787 1259 852 sng-

135 867 286 952 gestione,
309 868 525 948 delectatione,
548 872 756 951 consensione,
779 873 825 937 ita
846 870 944 954 ipsius
960 871 1083 953 peccati
1107 875 1175 936 tres
1190 874 1258 936 sunt

135 971 334 1052 differentiae,
358 974 389 1038 in
412 974 512 1053 corde,
535 974 684 1056 infacto,
707 975 740 1039 in
756 974 989 1054 consuetudine,
1011 975 1179 1056 tamqnam
1200 979 1257 1039 tres

135 1076 266 1140 mortes:
294 1095 355 1141 una
382 1078 470 1159 quasi
497 1079 530 1142 in
552 1076 652 1155 domo,
675 1077 707 1143 id
731 1079 778 1142 est
801 1096 870 1142 oum
893 1079 926 1142 in
949 1077 1039 1142 corde
1064 1079 1256 1143 consentitur

134 1178 266 1259 libidini,
289 1181 386 1245 altera
406 1180 468 1245 iam
492 1180 613 1264 prolata
635 1179 723 1262 quasi
746 1182 833 1246 entra
846 1185 979 1262 portam,
997 1199 1068 1246 eum
1084 1181 1119 1244 in
1139 1181 1283 1246 facturus

134 1284 286 1367 processit
306 1285 449 1366 assensio,
472 1284 576 1368 tertia,
600 1284 720 1349 cum'ui
736 1284 965 1350 consuetudinis
980 1282 1083 1348 malae
1098 1284 1256 1366 mmqnam

134 1389 215 1454 mole
237 1391 360 1453 terrena
381 1388 535 1470 premitur
557 1387 678 1453 animus
700 1388 788 1472 quasi
814 1390 847 1453 iu
873 1387 1035 1470 sepulchro
1053 1387 1116 1451 iam
1135 1389 1254 1469 putens.

134 1509 211 1573 qnae
238 1491 301 1556 tria
328 1510 442 1573 genera
469 1495 661 1557 mortuorum
689 1492 849 1558 dominnm
879 1489 1081 1555 resuscitasse
1115 1490 1254 1572 quisquis

135 1594 329 1678 euangelium
356 1594 444 1678 legit,
472 1596 624 1676 agnoseit,
657 1596 689 1659 et
711 1594 840 1659 fortasse
862 1593 1042 1669 considerat
1067 1611 1147 1674 quas
1172 1593 1256 1659 diffe-

134 1699 249 1762 rentias
272 1697 386 1762 habeat
408 1698 504 1764 etiam
533 1697 602 1780 ipsa
630 1715 687 1762 nor
724 1696 947 1775 resuscitantis,
970 1714 1041 1761 cnm
1065 1695 1144 1761 alibi
1168 1696 1282 1762 dieitur

134 1799 282 1884 puella,
305 1819 433 1884 surge,
463 1800 555 1866 alibi:
585 1801 759 1878 iuuenis,
783 1799 861 1866 tibi
885 1800 988 1877 dieo,
1011 1818 1145 1883 surge,
1168 1802 1254 1866 alibi:

133 1903 344 1968 infremuit
375 1905 521 1987 spiritu
552 1904 589 1968 et
618 1902 761 1985 fleuit,
794 1904 825 1967 et
852 1921 987 1968 rursus
1016 1902 1201 1982 fremuit,
1228 1906 1255 1967 et

134 2007 203 2089 post
219 2005 434 2073 deindeuoce
458 2024 593 2090 magna
616 2008 822 2072 clamauit:
845 2007 1003 2089 Lazaro,
1025 2009 1119 2071 ueni
1143 2008 1253 2071 foras

175 2128 369 2211 Quapropter
391 2129 514 2193 nomine
535 2127 775 2206 moechantium,
803 2127 855 2209 qui
880 2126 936 2192 boc
959 2126 1096 2208 capitulo
1122 2145 1253 2192 comme·

133 2234 306 2310 morantur,
330 2248 452 2295 omnem
476 2231 632 2295 carnalem
656 2230 853 2297 libidinosam
868 2228 1154 2312 concupiscentiam
1170 2248 1279 2314 opor-rr

134 2334 181 2397 tet
211 2333 366 2418 intellegi.
408 2351 479 2398 oum
513 2334 596 2397 euim
628 2335 695 2398 tam
731 2335 854 2399 assiduo
890 2333 1069 2397 idolatriam
1103 2333 1252 2415 scriptura

106 2467 108 2471 ⁷
133 2436 370 2503 fornicationem
392 2437 478 2501 dicat
497 2473 538 2483 —
553 2435 670 2501 Paulus
692 2440 796 2501 autem
819 2436 975 2517 apostolus
997 2434 1170 2501 auaritiam
1192 2436 1251 2500 ido·

133 2541 244 2606 latriae
275 2542 398 2604 nomino
427 2539 627 2624 appellat-
649 2542 719 2622 quis
748 2539 872 2604 dubitet
893 2556 1018 2602 omnem
1040 2539 1163 2604 malam
1186 2556 1251 2604 eon·

133 2644 356 2728 cupiscentiam
371 2645 453 2708 recte
468 2642 704 2707 fornicationem
721 2644 835 2723 uocari,
854 2644 975 2723 quando
990 2642 1096 2706 anima
1112 2642 1250 2726 neglecta

133 2747 287 2829 superiore
310 2747 387 2829 lege,
411 2764 473 2828 qna
495 2747 622 2829 regitur,
646 2745 829 2810 inferiorum
851 2748 1034 2808 naturarum
1058 2745 1146 2827 turpi
1169 2746 1274 2810 nolu-o

132 2850 219 2933 ptate
246 2848 335 2930 quasi
364 2850 501 2913 mercede
523 2848 693 2932 prostituta
715 2847 947 2930 corrumpitur?
969 2852 1000 2911 et
1022 2846 1093 2911 ideo
1116 2848 1248 2930 quisquis

134 2952 289 3018 carnalem
323 2951 562 3016 delectationem
596 2950 745 3016 aduersus
778 2955 896 3015 rectam
921 2951 1131 3015 'uoluntatem
1168 2968 1246 3015 suun

132 3055 281 3122 rebellare
304 3056 400 3120 sentit
416 3073 470 3136 per
485 3058 738 3120 consuetudinem
754 3055 961 3138 peecatorum,
980 3053 1069 3118 cuins
1086 3054 1246 3120 indomitae

133 3159 283 3225 uiolentia
311 3159 446 3224 trahitur
478 3160 510 3224 in
532 3159 758 3242 captiuitatem,
792 3157 917 3241 recolat,
952 3162 1106 3238 quantum
1143 3160 1243 3239 potest

133 3263 256 3346 qualem
285 3279 392 3347 pacem
420 3263 572 3344 peccando
604 3261 755 3340 amiserit,
780 3265 812 3326 et
834 3261 999 3326 exclamet:
1023 3258 1167 3326 infelix
1188 3269 1266 3341 egos

132 3367 257 3443 homo;
284 3365 372 3447 quis
401 3384 457 3429 me
479 3364 675 3430 liberabit
697 3365 740 3429 de
763 3383 925 3448 corpore
949 3366 1093 3429 mortis
1115 3359 1242 3428 huius?

132 3471 268 3554 gratia
301 3469 362 3534 dei
395 3488 463 3552 per
495 3471 624 3534 Iesum
657 3468 867 3533 Christum.
906 3468 953 3533 ita
986 3468 1083 3547 enim,
1113 3483 1185 3531 cum
1215 3477 1239 3523 se

234 3703 266 3755 11
285 3701 366 3755 blare.
385 3701 453 3764 5,41
499 3700 561 3754 Luc.
581 3699 651 3763 7,14
750 3697 782 3750 12
801 3697 838 3752 Io.
859 3698 898 3761 11,
917 3695 959 3749 33.
978 3695 1019 3748 38.
1038 3695 1073 3749 43
1171 3687 1237 3747 liei.

132 3786 264 3851 Colat
298 3787 365 3856 Eph.
383 3788 443 3854 5,5
546 3784 816 3852 assentasse.

184 4001 197 4052 1
226 4002 385 4066 peccandum
413 4000 491 4054 P²V:
526 4003 662 4067 peceatum
695 3997 760 4052 (ΞΡι
867 3997 883 4049 6
909 3996 1038 4065 prooessit
1067 3997 1103 4050 V:
1138 3986 1233 4064 procedit

133 4084 188 4139 GP
290 4087 406 4139 assensio
426 4085 494 4141 GV:
530 4086 646 4139 ascensio
669 4084 696 4137 P
798 4082 813 4134 7
840 4082 985 4150 praemitur
1013 4081 1039 4136 V
1137 4078 1232 4148 sepulcro

132 4169 187 4224 GP
273 4171 305 4224 12
318 4171 428 4225 fremuit
439 4174 499 4240 post
512 4174 572 4239 (om.
585 4174 622 4237 et)
635 4171 663 4224 P
750 4169 782 4222 15
794 4168 966 4221 libidinosam
984 4167 1019 4222 V:
1043 4170 1071 4221 et
1083 4167 1231 4221 libidinosam

132 4255 187 4310 GP
283 4258 316 4310 la
334 4258 439 4311 nomine
459 4258 526 4312 GP:
555 4272 649 4310 nomen
672 4257 698 4313 V
791 4254 911 4323 appellat
930 4253 997 4308 GV:
1027 4251 1184 4323 appelletP

129 4340 323 4408 malum(?)V
409 4345 441 4398 19
459 4344 563 4412 qnando
584 4343 650 4398 GP:
677 4340 808 4412 quomodo
831 4340 858 4395 V
940 4336 1184 4394 ueteranorum?
1285 4334 1287 4343 '

129 4426 164 4480 23
181 4426 327 4483 indomitae
348 4430 415 4485 GP:
445 4430 604 4484 indemitate
621 4429 647 4482 V
738 4428 772 4483 24
790 4427 935 4483 uiolentiae
952 4427 981 4482 P
1074 4427 1107 4483 at
1124 4422 1229 4481 christim

133 4513 170 4567 V:
200 4512 330 4569 christum
349 4516 485 4570 dominum
503 4517 623 4570 nostrum
641 4515 668 4569 P
