2760 4814
375 526 541 597 Excerpta
558 543 593 583 ex
611 544 681 600 opp.
700 528 726 584 S.
744 530 934 600 Augustini
956 530 1040 588 XLV.
1209 536 1278 607 253

135 717 270 784 lectione
294 717 410 783 ndens
431 717 616 784 testamenti
639 721 753 800 manet,
778 720 851 803 quia
872 720 905 785 in
920 721 986 786 sole
1002 719 1126 787 Christe
1140 741 1277 799 euacua·-

135 821 194 901 tnr,
218 839 283 888 non
299 820 371 907 ipsa
391 819 487 887 lectio
502 821 619 888 ueteris
638 822 832 906 testamenti,
856 841 934 907 quae
948 823 1043 889 hebet
1057 823 1275 908 absconditam

136 923 299 1001 uirtutem,
322 921 377 988 sed
394 923 551 1009 uelamen,
574 940 634 1014 quc
648 923 860 991 absconditur.
890 925 973 991 unde
989 924 1114 993 Christe
1131 927 1165 993 in
1181 947 1277 995 cruce

136 1044 224 1109 pesse
249 1025 359 1092 uelum
381 1027 493 1110 templi
516 1026 704 1094 conscissum
735 1031 792 1106 est,
822 1028 864 1092 ut
881 1046 936 1111 per
957 1028 1074 1114 Christi
1095 1032 1280 1114 passionem.

119 1131 318 1197 ermelentur
345 1131 465 1199 secrete
490 1132 757 1197 sacramentorum
778 1129 926 1196 fidelibus
949 1132 989 1201 ed
1010 1132 1180 1200 bibendum
1203 1136 1279 1201 eiua

137 1233 325 1326 sangninem
346 1252 398 1300 ore
427 1236 535 1318 aperto
558 1233 592 1298 in
614 1232 804 1301 confessione
826 1235 1071 1301 transeuntibus.
1108 1239 1275 1320 propterea

136 1335 270 1420 pupulus
291 1336 347 1402 ille
370 1335 454 1402 sicut
476 1334 552 1403 Cain
574 1336 677 1403 adhuc
699 1340 845 1420 operatur
867 1343 995 1416 terram,
1024 1337 1127 1405 adhuc
1146 1345 1274 1406 exercet

137 1440 348 1522 operationem
370 1438 451 1525 legis
474 1440 652 1519 carnaliter,
681 1457 760 1523 quae
784 1456 846 1504 non
869 1441 897 1505 ei
920 1440 975 1505 dat
996 1441 1148 1507 uirtutem
1170 1460 1272 1526 suam,

138 1542 209 1624 qnia
231 1543 266 1608 in
282 1559 320 1608 ea
340 1561 402 1609 nou
425 1542 585 1628 intellegit
605 1542 743 1626 gratiam
759 1540 885 1608 Christi.
915 1544 1079 1629 propterea
1092 1548 1126 1609 et
1146 1545 1270 1627 inipsa

111 1649 230 1729 interra,
255 1662 350 1730 quam
374 1643 518 1711 Christus
540 1646 690 1730 portauit,
712 1645 743 1712 id
761 1647 858 1712 estin
874 1645 941 1712 eius
956 1664 1057 1726 carne,
1072 1646 1134 1732 ipsi
1149 1647 1272 1731 operati

137 1751 210 1814 eunt
234 1748 373 1814 salutem
395 1749 536 1816 nostram
559 1749 768 1834 crucifigendo
786 1749 956 1827 Christum,
980 1750 1033 1834 qui
1055 1752 1198 1816 mortuus
1219 1752 1276 1817 est.

137 1853 265 1936 prepter
293 1851 409 1917 delicta
436 1855 552 1918 nestra.
589 1870 646 1919 nec
673 1853 718 1918 eis
749 1854 834 1920 dedit
866 1853 976 1919 eadem
1004 1854 1087 1919 terra
1117 1853 1271 1921 uirtutem

137 1973 237 2034 mam,
261 1955 419 2039 quianon
443 1954 605 2030 iustificati
629 1957 704 2021 sunt
726 1957 844 2022 uirtute
868 1955 1102 2022 resurrectionis
1124 1958 1191 2023 eius
1215 1956 1276 2040 qui.

137 2057 309 2124 resurrexit
329 2061 455 2141 propter
476 2057 728 2125 justificationem
755 2061 911 2138 nostram3
945 2061 1020 2142 quia
1047 2058 1122 2125 etsi
1145 2059 1275 2127 cruci«

109 2160 247 2228 refixus
278 2161 398 2226 estin
428 2161 694 2255 infirmitate,
724 2163 793 2228 sed
822 2162 932 2228 uiuit
953 2164 991 2228 in
1014 2162 1173 2230 uirtute
1190 2162 1269 2243 dei,

137 2267 220 2333 sicut
244 2265 324 2331 dicit
345 2264 529 2349 apostulus„
546 2265 624 2331 baec
647 2284 720 2351 ergo
738 2267 788 2331 est
808 2268 910 2334 uirtus
932 2268 1035 2332 terrae
1056 2266 1151 2344 iilius,
1175 2283 1273 2348 quam

137 2387 195 2435 uun
227 2367 368 2434 ostendit
396 2367 503 2451 impiis
525 2373 558 2434 et
580 2368 756 2458 incredulis.
792 2369 873 2436 unde
902 2388 958 2436 nec
987 2387 1152 2453 resurgens
1181 2368 1226 2433 eis
1250 2387 1269 2433 u

137 2472 251 2553 quibus
265 2473 336 2536 erat
350 2468 516 2536 crucifixus
527 2471 681 2554 apparuit,
705 2475 869 2561 tamquam
887 2469 962 2538 Cain
980 2472 1122 2556 operanti
1138 2476 1268 2550 terram,

136 2577 171 2639 nt
208 2591 346 2660 granum
381 2572 461 2639 illud
495 2575 710 2656 seminaretur,
749 2591 811 2640 nen
845 2574 1009 2640 ostendens
1041 2574 1152 2640 eadem
1182 2576 1267 2639 terra

108 2677 275 2744 »fructum
298 2676 428 2742 uirtutis
450 2694 538 2741 suae:
569 2679 755 2759 qnoniam
777 2678 1022 2760 operaberis,
1044 2677 1166 2761 inquit,
1190 2679 1268 2741 ter·

135 2798 213 2846 rem
237 2781 277 2845 et
299 2798 372 2845 uon
402 2778 556 2844 adiciet
588 2781 784 2846 uirtutem
817 2799 925 2847 suam
956 2781 1047 2847 dare
1078 2781 1177 2864 tibi3
1211 2797 1269 2861 ge-

135 2900 248 2948 mens
271 2883 311 2947 et
333 2886 506 2948 tremens
529 2881 606 2947 eris
628 2883 667 2948 in
689 2885 806 2947 terre.

173 2983 274 3050 Nunc
289 3001 358 3051 ecce
380 2983 451 3068 quis
473 3002 536 3049 non
559 2984 673 3069 uideat,
696 2986 767 3069 quis
790 3002 851 3050 non
874 2990 1023 3071 agnoscat
1045 2989 1077 3052 in
1094 2988 1161 3052 tota
1176 2991 1268 3066 terra,

134 3106 331 3171 qnwumque
353 3087 510 3171 dispersus
543 3093 591 3153 est
624 3089 679 3154 ille
700 3090 848 3174 populus,
879 3092 1031 3173 quomode
1052 3093 1159 3174 gemat
1182 3109 1267 3156 mee·

105 3209 203 3258 erere
227 3192 337 3257 amissi
359 3194 446 3277 regni
468 3195 638 3258 attremat
660 3195 774 3258 timore
788 3194 844 3259 sub
867 3192 1151 3259 innumerabilibus
1168 3211 1265 3276 popu·

133 3294 173 3360 lis
196 3295 402 3362 christianis?
435 3297 563 3378 ideoque
587 3294 748 3380 respoudit
776 3294 854 3362 Cain
884 3298 917 3361 et
946 3295 1038 3362 dixit:
1061 3297 1183 3361 maior
1206 3296 1266 3359 est

133 3415 257 3464 censa
290 3417 389 3483 mea3
423 3398 458 3463 ei
485 3399 583 3464 eicis
611 3417 668 3464 me
697 3397 814 3464 hodie
836 3416 855 3463 a
876 3397 976 3464 facie
1007 3402 1157 3474 terrae,
1189 3397 1268 3462 eta

134 3501 239 3567 fecie
277 3500 347 3566 tue
381 3500 614 3581 abscondar,
652 3503 690 3567 et
727 3519 791 3566 ero
828 3519 985 3586 gemens
1019 3502 1056 3566 et
1091 3502 1267 3564 tremens

239 3687 306 3741 lei.
325 3686 353 3741 11
372 3686 432 3742 Cor.
450 3687 474 3753 3,
495 3687 597 3756 ldsqq.
692 3686 759 3744 lei.
779 3686 879 3741 Matth.
899 3687 941 3752 27,
959 3688 990 3743 51
1089 3685 1122 3740 14
1141 3685 1174 3740 ci.
1193 3686 1269 3739 Rom.

132 3772 156 3837 4,
174 3771 211 3825 25
300 3771 328 3826 11
347 3771 407 3827 Cor.
425 3771 501 3839 13,4
605 3772 639 3826 26
657 3772 721 3827 Gen.
740 3773 765 3838 4,
787 3773 867 3842 l3sq.

181 3942 424 4012 eqm1quiP¹
510 3943 601 4014 liquo]
614 3947 683 4015 qnod
695 3945 798 4002 DPTu
884 3947 901 3999 6
919 3943 1109 3999 confessionem
1128 3943 1201 3997 DPu

130 4032 147 4083 9
163 4030 210 4099 aa]
229 4044 262 4084 eo
281 4027 310 4083 P
392 4030 426 4084 10
443 4045 549 4085 carnem
563 4030 660 4089 DP¹T
746 4032 780 4088 12
797 4032 897 4086 dilecte
913 4031 954 4086 D¹
1041 4033 1141 4084 terrum
1160 4030 1200 4084 Β·

131 4117 163 4172 13
180 4131 262 4170 suam
280 4130 332 4169 om.
353 4114 388 4169 Τι
474 4116 588 4171 uirtute·
604 4121 639 4187 (m
657 4124 742 4189 em.)
765 4117 792 4173 P
885 4119 918 4173 14
936 4118 1009 4188 quia]
1028 4117 1074 4186 qni
1094 4118 1121 4171 P
1206 4116 1267 4185 etsi]

129 4206 157 4256 et
174 4203 252 4256 sicu
344 4201 378 4255 18
395 4203 547 4270 operantem
564 4201 603 4255 D¹
698 4211 734 4272 19
754 4204 834 4260 illum
851 4203 894 4256 1)ι
988 4206 1087 4257 terram
1109 4201 1144 4266 νς
1171 4218 1198 4256 m
1216 4201 1269 4257 del.

128 4304 163 4342 aa
183 4291 201 4340 1
301 4283 336 4338 20
353 4285 466 4340 uirtutes
483 4284 525 4340 D'
620 4293 783 4393 opoffiusrie
805 4288 836 4344 D
940 4288 973 4342 23
997 4288 1057 4359 quis
1080 4289 1196 4344 mum
1219 4304 1273 4347 emt

130 4371 158 4427 P
264 4369 298 4423 24
315 4384 458 4439 uacunque
473 4369 504 4424 D
588 4382 622 4464 25
655 4391 728 4469 misi
752 4381 783 4439 p
879 4373 912 4426 21
931 4389 1038 4428 causam
1056 4389 1144 4432 meam
1162 4373 1202 4428 1)ι

128 4458 163 4512 28
180 4455 331 4511 ubeundaa
348 4450 385 4509 P¹
638 4431 654 4474 ³
