2760 4814
157 254 222 322 512
642 254 807 326 idagippii

159 443 323 527 quaemnt,
354 443 463 510 dieunt
484 443 647 511 dominum
672 445 867 529 significasse
898 448 995 513 etiam
1017 465 1132 531 magna
1152 452 1291 533 peccata,

157 548 305 629 quoniam
312 564 375 612 non
384 546 477 613 dixit:
493 547 652 628 „dimittet
660 548 749 617 uobis
758 549 886 632 pama“‚
899 553 952 617 sed
965 554 1126 634 peccata
1140 554 1291 619 nestra:

156 648 202 715 ibi
225 667 281 714 nos
305 651 534 717 considerantes
556 651 703 734 qualibus
726 652 911 735 loquebatur
925 659 958 719 et
974 654 1137 721 audientes
1152 656 1291 722 dictum:

157 758 322 838 peccate
344 759 481 820 uestra
502 754 583 821 nihil
600 754 687 822 alind
704 757 852 823 debemus
869 757 1048 824 existimare
1064 777 1158 841 qnam
1179 777 1290 841 parua,

156 857 303 940 qnoniam
326 858 440 924 talium
462 857 527 923 iam
549 876 611 924 non
627 860 717 925 erant
738 877 860 944 magna.
892 879 1003 926 uerum
1019 865 1125 927 tamen
1141 879 1198 926 neo
1219 861 1291 944 ipsa
1312 883 1329 926 a

155 978 280 1042 magne,
305 981 324 1028 a
346 962 459 1045 quibus
482 962 609 1030 omnino
632 965 765 1030 mutatis
787 963 820 1028 in
843 965 955 1031 melius
978 964 1117 1031 moribus
1139 965 1292 1046 receden-

155 1065 231 1130 dum
244 1092 248 1103 ·
261 1067 320 1147 est,
350 1065 558 1132 dimittuntur
587 1067 789 1149 orationibus,
822 1067 883 1133 nisi
906 1067 963 1133 liat
984 1068 1065 1151 quod
1088 1068 1133 1135 ibi
1155 1068 1290 1136 dieitur:

154 1167 259 1236 sicut
281 1172 320 1234 et
342 1186 410 1234 nos
434 1168 675 1235 dimittimus
696 1169 950 1237 debitoribus
974 1171 1135 1237 nostris.
1158 1171 1290 1238 sienim

153 1272 286 1338 minima
318 1276 456 1356 peccata,
490 1273 557 1339 siue
591 1272 705 1356 quibus
738 1292 801 1341 non
831 1275 881 1341 eat
902 1276 999 1342 etiam
1020 1275 1092 1341 nita
1119 1274 1289 1355 iustorum,

153 1376 247 1443 aliter
259 1394 321 1443 non
333 1376 550 1456 remittuntur,
563 1379 679 1460 quanto
691 1377 793 1461 magis
804 1378 915 1445 multis
924 1381 956 1444 et
965 1378 1088 1464 maguis
1100 1376 1289 1445 criminibus
1298 1401 1326 1443 lo

152 1481 299 1561 inuoluti,
323 1481 421 1547 etiam
443 1481 471 1546 si
486 1498 523 1547 ea
536 1484 717 1565 perpetrare
732 1481 887 1563 desinant,
909 1481 1032 1550 nullam
1055 1480 1289 1565 indulgentiam

153 1587 368 1666 consecuntur,
401 1585 430 1650 si
462 1584 502 1651 ad
536 1585 762 1651 remittendum
795 1586 866 1654 aliis
898 1589 980 1671 quod
1014 1587 1118 1652 ineis
1152 1585 1288 1669 quisque

152 1687 331 1772 peccauerit
356 1688 562 1754 inexorabiles
578 1687 704 1765 fuerint,
720 1707 792 1755 oum
808 1691 893 1756 dieat
909 1689 1072 1756 domiuus:
1094 1689 1128 1754 si
1150 1693 1286 1755 eutem

151 1805 228 1859 non
264 1792 509 1859 dimiseritis
546 1792 798 1874 hominibus,
836 1812 959 1878 neque
995 1796 1109 1878 pater
1145 1794 1287 1858 uester

152 1895 336 1965 dimittet
368 1896 492 1964 uobis.
530 1896 659 1963 adhoc
688 1897 773 1963 enim
806 1898 893 1965 ualet
914 1898 997 1981 qnod
1030 1898 1127 1963 etiam
1150 1892 1286 1961 Iacobus
1297 1918 1324 1959 11

151 2001 311 2084 apostolus
332 2001 388 2081 ait,
411 1999 564 2068 iudicium
586 2001 729 2067 intumm
744 2001 812 2067 sine
834 2001 1047 2068 misericordia
1068 1999 1118 2065 illi
1140 1998 1196 2082 qui
1221 2016 1288 2064 non

151 2103 226 2171 feeit
246 2103 499 2172 misericordiam.
532 2105 639 2171 nenne
654 2104 768 2187 quippe
784 2104 877 2170 debet
892 2105 926 2170 in
941 2107 1080 2170 mentem
1095 2103 1150 2169 ille
1163 2118 1286 2183 seruus,

151 2209 203 2276 cui
233 2208 368 2276 debitori
396 2210 539 2275 dominus
562 2209 629 2275 eius
652 2208 807 2274 releuauit
829 2208 937 2273 decom
959 2207 1049 2273 milia
1079 2205 1286 2283 talentorum,

150 2331 229 2399 qnae
263 2317 373 2396 postea
405 2311 497 2378 iussit
523 2311 561 2377 nt
582 2313 734 2393 redderet,
768 2312 841 2394 quia
869 2312 934 2395 ipse
964 2329 1027 2376 non
1056 2312 1204 2385 misertus
1233 2309 1287 2373 est

151 2417 294 2484 conserui
323 2416 382 2495 aui,
417 2416 469 2500 qui
499 2415 528 2480 ei
558 2415 691 2482 debebat
718 2419 846 2481 centum
876 2414 1031 2481 denarios.
1066 2415 1099 2479 in
1128 2410 1178 2478 his
1209 2429 1322 2496 ergone

150 2521 205 2606 qui
234 2519 294 2586 lilii
323 2523 397 2586 sunt
422 2519 637 2603 promissionis
661 2523 694 2586 et
716 2538 793 2587 uasa
818 2519 1060 2596 misericordiae,
1090 2516 1176 2583 ualet
1199 2515 1286 2599 quod

150 2625 197 2691 ait
225 2625 308 2691 idem
331 2623 488 2707 apostolus
510 2626 736 2707 consequenter
757 2623 945 2706 adiungens:
975 2619 1287 2705 superexsultat

150 2729 281 2794 autem
303 2725 586 2793 misericordia
606 2727 780 2805 indicio,
808 2727 959 2810 quoniam
982 2728 1014 2791 et
1036 2725 1085 2792 illi
1107 2723 1196 2803 iusti,
1227 2723 1285 2806 qui

150 2830 239 2898 tanta
259 2830 425 2897 sanctitate
448 2831 605 2915 oluerunt,
636 2832 673 2896 nt
694 2829 774 2896 alios
797 2848 920 2914 quoque
942 2829 1093 2914 recipiant
1119 2828 1152 2893 in
1173 2823 1284 2893 taber·

150 2933 264 3002 nacula
286 2936 422 3014 aeterna,
449 2951 468 2999 a
490 2934 602 3017 quibus
625 2933 719 3000 amici
741 2934 818 3001 facti
841 2936 916 3009 sunt
939 2934 976 2999 de
998 2950 1143 2999 mamona
1165 2930 1321 3014 iniqui-ss

149 3037 237 3124 tatis,
267 3038 304 3105 ut
333 3036 413 3103 tales
443 3040 558 3118 essent,
587 3036 802 3104 misericordia
831 3037 957 3104 liberati
987 3040 1063 3102 sunt
1092 3036 1196 3101 abeo
1226 3032 1284 3118 qni

253 3242 287 3299 lo
303 3241 338 3299 cf.
350 3242 405 3298 lac.
419 3240 491 3310 2,13
573 3241 607 3297 18
624 3240 658 3297 11.
671 3241 770 3296 iiattb.
784 3241 825 3307 18,
837 3240 872 3295 23
880 3257 938 3311 sqq.
1019 3239 1054 3296 22
1071 3238 1125 3296 Iao.
1139 3238 1165 3304 2,
1179 3238 1212 3295 13

148 3327 320 3386 1111111.
339 3329 380 3396 16,
399 3327 417 3384 9

199 3496 311 3553 211111
333 3497 386 3554 Vc:
414 3498 491 3553 nobis
511 3498 538 3554 Τ
629 3499 646 3554 3
665 3498 705 3554 ibi
721 3496 928 3570 noe-dictum]
947 3513 998 3553 om.
1018 3495 1053 3553 P
1139 3496 1283 3551 41111111-

147 3582 270 3639 mareV
364 3585 528 3655 iquoniam
548 3585 614 3643 TV:
641 3587 738 3656 quiae
837 3584 1035 3642 dorationibns
1060 3582 1112 3638 Vae
1138 3582 1283 3638 orantibus

149 3670 177 3727 Τ
267 3670 474 3728 ildemittimus
492 3675 517 3742 (o
534 3689 568 3729 cu
585 3674 596 3728 i
614 3689 683 3730 corr.
701 3673 823 3739 m.1)T
915 3672 1062 3726 9minima
1082 3669 1147 3726 TV:
1173 3669 1284 3727 animae

147 3773 164 3812 o
270 3757 303 3811 10
326 3757 415 3827 magle
433 3759 528 3814 multis
548 3759 601 3816 To:
629 3760 716 3829 magis
736 3759 764 3815 V
864 3759 896 3815 11
920 3758 1040 3814 inuoluti
1065 3757 1132 3813 TV:
1158 3756 1284 3814 inuoluit

146 3860 165 3900 o
267 3842 393 3899 desinant
420 3844 489 3901 TV:
524 3860 577 3901 non
605 3846 772 3902 desinente
883 3844 917 3900 12
943 3846 1141 3913 mnsaquuntnr
1168 3844 1212 3900 To

148 3929 297 4000 lanaque]
321 3945 372 3984 om.
399 3931 475 4001 Tpr.
579 3932 613 3988 11
636 3933 703 3987 fecit
724 3931 761 3988 V:
788 3931 882 3986 1111111
908 3932 948 3988 To
1058 3931 1221 3985 illosarum
1242 3930 1282 3986 Va

147 4016 337 4071 etiamsernoa
354 4017 402 4071 ille
422 4018 462 4074 To
550 4018 583 4072 18
599 4018 656 4074 eina
672 4019 725 4076 Vc:
748 4019 847 4076 om.T
930 4015 1215 4073 2111111131ίί17

146 4101 182 4158 22
198 4101 429 4173 anpemxnltatd’
452 4103 668 4174 superexaltato
781 4105 816 4162 23
840 4104 1083 4161 mirericordiamo
1194 4102 1231 4159 24
1247 4105 1283 4158 nt

148 4189 214 4245 Νι
242 4190 304 4243 eto
406 4191 441 4246 aa
457 4203 645 4245 mammonae
