2760 4814
275 321 443 392 Excerptu
460 336 496 376 ex
513 335 583 390 opp.
603 319 630 374 S.
649 316 839 391 Augustini
856 316 986 374 ocxtn.
1135 322 1199 390 785

63 512 228 598 euangelio
251 514 422 579 seeundum
445 511 617 577 Iohannem
651 507 769 576 domini
794 508 910 576 Christi
931 511 1030 577 uerbo
1043 511 1197 580 dicentis:

64 616 101 682 ei
124 619 217 701 quie
238 615 351 700 eitit,
381 615 522 679 ueniet
545 615 591 679 ed
612 632 669 678 me
690 618 729 678 et
751 612 874 680 bibet
908 616 975 696 qui
998 615 1195 682 orobitin

63 738 139 799 me,
162 720 274 786 eiont
296 719 398 783 dioit
420 717 644 800 scripture,
680 715 853 782 flumine
875 716 918 783 de
939 721 1082 787 uentre
1111 718 1196 785 eine

63 825 201 890 fluent
233 840 356 906 oquae
391 822 516 887 niueo.
557 839 649 906 porro
670 819 866 904 euangelista
886 824 1013 887 eoentuo
1034 822 1195 889 adiunxit:

36 929 140 994 ehoe
161 927 293 992 entem
316 925 421 993 (lixit
442 927 486 991 de
505 925 663 1009 spiritu
686 927 834 999 eenoto,
858 941 973 1006 quem
988 927 1195 1008 eooeptnri

63 1037 179 1097 erent
209 1030 419 1097 eredentes
449 1029 489 1094 in
514 1047 607 1094 eum.
646 1027 728 1093 unde
757 1026 835 1094 dioit
861 1025 959 1094 etiem
982 1026 1097 1095 Poulne
1120 1048 1194 1114 opo·

63 1134 183 1202 stolus:
229 1138 267 1199 et
307 1150 438 1200 omnes
482 1151 599 1199 unum
642 1130 836 1215 spiritum
879 1131 1009 1214 potati
1052 1151 1193 1199 eumue.

63 1241 171 1304 utrum
203 1237 309 1303 eutem
338 1237 453 1303 donum
484 1234 534 1301 dei
563 1236 607 1301 eit
636 1236 793 1319 appellate
822 1254 904 1318 equo
932 1237 1004 1319 ietu,
1035 1235 1117 1318 quod
1147 1240 1195 1301 eet

62 1341 194 1426 spirituo
217 1344 355 1423 sanetus,
379 1340 438 1405 hoo
460 1339 629 1422 quaeritur.
674 1339 728 1405 sed
751 1342 833 1404 eiont
854 1337 907 1403 hio
921 1339 1099 1407 inuenimue
1114 1340 1195 1407 beno

24 1461 178 1527 nonquam
208 1443 355 1528 spiritum
385 1448 530 1508 sonetum
560 1461 637 1519 esse,
669 1443 716 1507 ite
745 1442 921 1507 inuenimne
951 1442 1027 1508 alibi
1060 1443 1093 1509 in
1128 1444 1195 1528 ipeo

61 1546 229 1632 euangelio
255 1547 336 1614 hono
358 1565 473 1631 aquom
496 1546 548 1612 dei
570 1548 684 1612 donum
707 1546 909 1629 appellatam.
954 1565 1027 1611 nem
1050 1548 1196 1615 dominun

62 1651 148 1718 idem
173 1651 294 1734 quondo
319 1668 390 1716 oum
412 1649 613 1716 Samaritano
634 1651 765 1717 muliere
786 1653 825 1716 ed
847 1652 977 1735 puteum
998 1652 1196 1735 loquebatur,

62 1756 115 1821 cni
138 1757 273 1822 dixerat:
308 1756 353 1820 da
381 1753 478 1820 mihi
509 1753 660 1830 bibere,
693 1771 763 1818 oum
790 1753 846 1819 illa
867 1753 1083 1838 respondiueet
1114 1759 1197 1840 qnod

62 1859 173 1925 Iudaei
203 1877 265 1924 non
288 1858 487 1925 oonterentur
510 1855 726 1939 samaritanis,
759 1854 920 1940 respondit
942 1858 1030 1924 Iesus
1058 1864 1092 1926 et
1118 1862 1197 1928 dixit

25 1963 108 2034 enei:
142 1962 176 2027 si
205 1962 329 2028 eoires
358 1959 589 2027 donumdei
619 1959 766 2042 etquis
794 1960 855 2025 eet
884 1960 949 2043 qni
972 1960 1072 2027 dioit
1101 1963 1195 2031 tibi:

63 2068 112 2132 de
149 2064 247 2131 mihi
283 2064 437 2149 bibere,
480 2065 522 2128 tn
559 2062 737 2128 forsitan
780 2062 955 2146 petieeee
992 2064 1040 2130 eb
1078 2085 1121 2133 eo
1158 2074 1197 2133 et

63 2169 244 2235 dedisset
272 2167 350 2234 tibi
380 2185 521 2250 equom
549 2165 687 2231 uiuum.
732 2165 833 2231 dioit
867 2166 903 2231 ei
936 2168 1099 2235 mulier:
1133 2171 1195 2236 do·

61 2273 186 2351 mine,
215 2289 339 2353 neque
367 2270 405 2336 in
435 2289 507 2355 quo
537 2269 696 2335 hauries
721 2267 838 2334 hebes
861 2273 900 2334 et
921 2272 1064 2354 puteue
1088 2272 1196 2341 eltue

63 2376 141 2455 eet3
178 2373 283 2440 unde
312 2392 403 2457 ergo
432 2374 555 2439 nobee
582 2391 717 2455 equom
746 2373 899 2438 niuem?
933 2375 965 2438 et
988 2377 1100 2442 uetere.
1139 2396 1195 2444 re-

26 2476 223 2562 eoepondit
245 2479 353 2543 leone
376 2480 415 2541 et
437 2477 546 2542 dixit
567 2476 621 2542 ei:
655 2476 798 2558 omnis,
830 2476 894 2557 qui
920 2475 1028 2542 bibit
1058 2499 1101 2544 ex
1124 2479 1196 2547 hee

63 2597 179 2664 uque,
213 2580 332 2645 sitiet
365 2581 528 2657 iternm;
566 2578 635 2661 qui
668 2580 799 2644 eutem
831 2576 983 2644 biberit
1011 2598 1053 2647 ex
1082 2601 1196 2666 equo,

64 2701 178 2769 quem
215 2700 285 2766 ego
321 2681 420 2749 ‹lebo
457 2682 506 2760 ei,
543 2701 617 2747 non
650 2683 768 2747 sitiet
802 2684 839 2747 in
874 2685 1092 2765 ueternum
1130 2686 1197 2754 eei

63 2805 180 2870 eque,
203 2805 315 2870 quum
338 2784 435 2851 dabo
457 2785 509 2867 ei,
533 2783 609 2849 fiet
631 2785 670 2850 in
693 2803 735 2851 eo
757 2784 845 2849 fons
864 2803 984 2867 equae
1001 2787 1197 2857 solientis

64 2891 104 2955 in
138 2889 267 2957 uitem
300 2894 513 2956 aeternam.
560 2891 632 2972 quio
664 2906 738 2973 ergo
772 2887 848 2954 heeo
881 2906 961 2971 equo
994 2890 1078 2971 uine,
1112 2893 1197 2960 siout

25 2995 261 3078 „euangelista
282 2994 433 3076 exposuit,
456 2992 590 3074 spiritus
606 2993 733 3058 eunotue
749 2996 807 3067 eet,
831 2992 1047 3075 proculdubio
1062 2994 1193 3076 spiritus

64 3098 184 3162 donum
213 3095 263 3162 dei
293 3101 350 3176 eet,
380 3095 418 3161 de
440 3112 500 3178 qno
524 3095 574 3161 hio
597 3095 742 3161 dominns
765 3095 827 3161 eit:
851 3097 884 3160 ei
906 3094 1031 3165 eoireo
1054 3095 1196 3164 donum

64 3199 128 3266 dei
162 3201 201 3264 et
234 3200 321 3282 quie
354 3203 413 3265 eet
446 3200 511 3281 qui
535 3199 637 3266 dioit
660 3198 754 3264 tibi:
789 3198 838 3263 do
860 3197 956 3264 mihi
977 3198 1131 3279 bibere,
1154 3204 1197 3267 tu

64 3300 246 3367 foreiten
268 3302 444 3385 petisses
467 3300 513 3367 eb
536 3321 593 3380 eo,
617 3304 655 3367 et
677 3301 859 3367 dedisset
881 3301 960 3367 tibi
983 3320 1117 3385 equom
1141 3304 1198 3370 ui·

62 3422 161 3471 nem.
191 3422 264 3469 nem
286 3405 368 3488 quod
391 3405 435 3471 ibi
459 3406 519 3471 eit:
543 3404 779 3471 fluminale
802 3407 939 3470 uentre
961 3405 1045 3471 eine
1067 3405 1197 3473 fluent

167 3607 237 3673 fiet
248 3607 293 3676 29)
305 3607 346 3663 Io.
365 3607 388 3672 7,
406 3608 439 3662 31
450 3624 508 3678 eqq.
582 3608 598 3662 'l
617 3607 702 3664 1001.
722 3608 763 3676 12,
783 3608 816 3663 13
891 3609 925 3664 13
942 3610 983 3664 Io.
1000 3610 1026 3676 4,
1045 3610 1128 3680 ieqq.

117 3795 203 3853 bboo
220 3799 310 3851 eutem
328 3795 407 3867 dixit]
426 3797 492 3853 odd.
513 3797 551 3853 θ’
568 3813 645 3867 eope.
662 3813 734 3854 uero.
838 3800 931 3853 annoto
949 3797 986 3851 V:
1015 3813 1066 3854 oon
1085 3799 1130 3855 Ge

62 3919 80 3973 ‘1
100 3917 189 3988 potiti
206 3918 308 3989 eumue]
327 3917 479 3987 potnninnun
499 3920 555 3975 G’o
656 3918 687 3973 11
706 3917 867 3974 donumdei
886 3920 929 3977 oo
1032 3892 1197 4009 appellatum

63 4026 93 4091 (e
116 4020 181 4078 edei.
204 4038 240 4076 m.
258 4024 288 4091 2)
314 4039 331 4076 o
433 4023 469 4078 20
496 4023 531 4095 oi]
559 4039 610 4079 om,
636 4041 653 4078 o
756 4020 829 4077 bibit
857 4022 935 4079 0¹1⁷:
973 4021 1046 4077 bibet
1074 4022 1130 4079 G¹o

62 4109 198 4179 beneque
213 4107 251 4163 V:
276 4124 348 4179 eque
358 4109 409 4165 buo
423 4110 466 4166 Ge
552 4110 587 4164 22
603 4125 657 4165 non
672 4108 861 4163 sitiet-dubo
880 4110 904 4165 ei
924 4108 1005 4165 GPo:
1031 4124 1083 4164 om.
1106 4109 1133 4164 V

61 4196 100 4252 23
117 4209 187 4266 nque
206 4192 262 4252 Ge:
288 4211 384 4266 nonen
402 4195 431 4253 P
517 4195 552 4253 28
570 4194 670 4265 uiuum]
689 4194 780 4251 bibam
798 4195 827 4266 (b
844 4197 876 4253 io
892 4211 909 4250 ι
926 4210 996 4252 corr.
1013 4198 1089 4262 eeu-2)
1108 4195 1136 4250 V

60 4281 100 4338 29
117 4280 158 4335 nit
174 4279 215 4335 ibi
234 4280 305 4338 01³0

119 4382 213 4441 vlm.
1061 4384 1098 4440 50
