2760 4814
208 306 271 373 548
678 302 860 374 [Eugippii]

208 493 322 577 spiritu
353 495 420 559 sine
449 493 679 558 intermissione
708 491 891 558 uidebimus.
929 492 990 557 nisi
1020 491 1101 556 enim
1131 495 1211 557 esset
1233 491 1328 558 etiarn

208 597 367 667 interioris
395 597 530 661 hominis
560 596 667 676 iacies,
701 616 760 663 non
789 595 905 661 dicaret
936 596 1020 661 idem
1049 596 1225 677 apostolus:
1259 614 1328 661 nos

86 710 94 719 '
208 704 339 769 autem
369 701 546 767 reuelata
575 700 680 766 facie
710 699 878 782 gloriam
901 698 1052 764 domini
1074 698 1330 781 speculantes

208 808 248 872 in
276 807 435 870 eandem
463 804 676 886 imaginem
705 804 1035 868 transformamur
1067 803 1113 867 de
1135 802 1269 886 gloria
1289 803 1329 867 in

207 908 393 995 gloriam,
417 908 611 990 tamquam
634 925 653 971 a
673 905 819 971 domini
841 906 1002 988 spiritn;
1025 925 1079 971 nec
1095 904 1187 970 alitor
1202 905 1361 971 intelle-s

207 1013 311 1096 ginnas
333 1021 365 1076 et
387 1010 467 1092 quod
501 1012 533 1074 in
562 1009 682 1092 psalmo
712 1010 847 1074 canitur:
885 1008 1060 1074 accedite
1094 1010 1140 1075 ad
1173 1028 1260 1074 eum
1293 1013 1329 1073 et

207 1111 525 1193 inluminamini,
564 1116 603 1178 et
633 1113 758 1178 facies
787 1114 946 1178 uestrae
978 1131 1051 1177 non
1080 1112 1327 1178 erubescent.

206 1220 266 1285 fide
288 1219 400 1300 quippe
421 1216 578 1282 acceditur
600 1215 639 1280 ad
660 1215 761 1294 deum,
785 1234 878 1299 quam
900 1216 1001 1281 cordis
1024 1218 1145 1281 constat
1167 1234 1244 1295 esse,
1268 1233 1329 1280 nou

208 1321 352 1405 eorporis.
389 1319 445 1385 sed
473 1318 546 1401 quia
575 1319 714 1400 spiritale
737 1337 847 1400 corpus
869 1320 1024 1384 noscimus
1046 1319 1178 1401 quantos
1200 1318 1330 1384 habebit

207 1443 349 1491 accessus
371 1421 474 1487 -de
502 1441 535 1485 re
566 1421 678 1505 quippe
707 1423 867 1504 inexperta
897 1423 1054 1506 loquimur
1076 1459 1117 1471 -
1139 1423 1194 1487 ubi
1224 1421 1363 1505 aliquan

208 1546 286 1611 quae
320 1527 412 1591 aliter
449 1524 587 1607 intellegi
628 1531 760 1607 nequeat
796 1525 971 1591 diuinarum
1006 1527 1233 1609 scripturarum
1267 1542 1329 1589 nou

207 1629 342 1697 occurrit
365 1634 397 1692 et
420 1627 573 1693 succurrit
595 1630 771 1713 auctoritas,
804 1647 928 1694 necesse
959 1631 1015 1709 est,
1048 1629 1084 1693 ut
1112 1627 1274 1711 contingat
1297 1627 1329 1691 iu

207 1733 297 1800 nobis
319 1731 401 1814 quod
423 1731 540 1815 legitur
562 1731 594 1795 in
616 1731 696 1797 libro
718 1731 911 1814 Sapientiae:
940 1732 1210 1816 cogitationes
1232 1751 1328 1797 mor·

208 1837 353 1902 talium
374 1833 540 1899 timidae
562 1839 600 1899 et
622 1837 799 1901 incertae
820 1835 1095 1918 prouidentiae
1117 1839 1285 1900 nostrae.

249 1955 455 2022 Ratiocinatio
484 1954 598 2040 quippe
627 1956 683 2021 illa
710 1956 973 2040 philosophorum,
1005 1974 1066 2038 qua
1095 1955 1257 2037 disputant
1282 1955 1363 2022 itas

207 2060 323 2127 mentis
355 2060 482 2140 aspectu
509 2059 729 2142 intellegibilia
757 2060 858 2126 uideri
890 2064 921 2125 et
944 2079 1036 2124 sensu
1066 2059 1202 2142 corporis
1228 2058 1329 2122 sensi·

206 2164 291 2243 bilia,
317 2162 420 2227 idest
449 2163 627 2245 corporalia,
657 2169 694 2229 ut
723 2183 779 2230 nec
809 2162 1033 2247 intellegibilis
1061 2181 1115 2245 per
1138 2178 1250 2243 corpus
1273 2179 1329 2226 nec

207 2266 378 2350 corporalia
400 2285 454 2349 per
476 2285 509 2331 se
536 2267 635 2348 ipsam
663 2285 750 2332 mens
780 2267 885 2332 ualeat
915 2266 1039 2348 intueri,
1063 2267 1091 2330 si
1112 2267 1216 2348 posset
1238 2264 1330 2329 nobis

207 2384 273 2435 esse
306 2370 491 2445 certissima,
529 2369 666 2452 proiecto
699 2373 819 2435 certum
856 2371 936 2434 esset
967 2389 1022 2452 per
1054 2368 1157 2433 oculos
1191 2368 1329 2450 corporis

207 2473 304 2538 etiam
336 2471 487 2554 spiritalis
521 2472 607 2537 nullo
641 2470 731 2538 modo
765 2491 855 2556 posse
884 2473 984 2538 uideri
1015 2473 1117 2537 deum.
1156 2469 1209 2536 sed
1232 2472 1366 2537 istamn

206 2574 475 2640 ratiocinationem
498 2579 530 2640 et
552 2594 625 2641 uera
647 2578 724 2641 ratio
748 2577 780 2640 et
800 2576 980 2659 prophetica
1008 2575 1123 2641 inridet
1145 2574 1328 2641 auctoritas.

206 2678 277 2763 quis
310 2678 393 2744 enim
425 2679 471 2744 ita
503 2678 546 2742 sit
578 2696 705 2745 auersus
727 2698 746 2745 a
768 2699 850 2759 uero,
887 2682 924 2745 ut
958 2680 1060 2745 dicere
1093 2678 1204 2746 audeat
1236 2679 1331 2743 deum

206 2780 379 2865 corporalia
399 2782 463 2847 ista
483 2781 624 2847 nescire?
646 2782 798 2866 numquid
817 2802 887 2866 ergo
911 2801 1020 2866 eorpus
1043 2784 1144 2865 habet,
1167 2801 1223 2866 per
1240 2782 1330 2846 cuius

207 2886 311 2951 oculos
334 2903 370 2950 ea
392 2885 491 2967 possit
514 2885 694 2950 addisceres
727 2884 836 2952 deinde
859 2887 939 2967 quod
968 2888 1006 2951 de
1034 2887 1183 2970 propheta
1203 2884 1330 2950 Heliseo

206 2990 299 3073 paulo
333 2990 405 3054 aute
438 2989 572 3053 diximus
601 3006 702 3054 nonne
725 2990 803 3054 satis
836 2989 955 3055 indicat
982 2990 1079 3055 etiam
1108 2989 1232 3071 spiritu,
1267 3006 1365 3055 nonas

207 3112 261 3176 per
282 3111 402 3176 corpus,
434 3093 603 3176 corporalia
624 3110 715 3175 posse
739 3091 848 3157 cerni?
882 3095 1001 3174 quando
1032 3093 1115 3158 enim
1142 3109 1251 3158 seruus
1274 3091 1330 3156 ille

207 3215 340 3262 munera
365 3196 493 3279 accepit,
523 3194 632 3279 utique
662 3195 861 3278 corporaliter
883 3199 1007 3280 gestum
1031 3200 1093 3275 est3
1118 3195 1201 3279 quod
1223 3199 1330 3260 tamen

309 3419 326 3472 2
344 3419 374 3474 Π
391 3419 494 3487 Cosa,
515 3419 548 3472 18
649 3422 666 3475 6
684 3417 729 3474 Ps.
746 3418 789 3484 33,
806 3418 823 3472 6
926 3419 958 3472 13
975 3418 1035 3487 Sap.
1052 3418 1077 3485 9,
1095 3419 1129 3473 14

261 3621 359 3690 lnisi]
378 3638 412 3677 ne
428 3622 466 3677 sic
484 3622 512 3678 P
609 3622 680 3677 enim
699 3623 775 3692 meet]
794 3638 844 3677 ora.
863 3622 892 3676 P
990 3621 1110 3690 3gloria
1128 3621 1155 3675 P
1238 3623 1331 3693 oglo-

207 3706 249 3760 rin
276 3707 303 3761 P
416 3709 643 3778 8qmm1quae
670 3709 726 3765 G'o
837 3708 996 3778 Squantus
1023 3708 1052 3762 P
1082 3712 1195 3778 quantas
1223 3708 1262 3765 6¹

209 3790 242 3845 10
262 3806 380 3846 accesms
403 3792 431 3848 P
549 3796 579 3849 11
603 3795 726 3864 nequeat]
750 3809 833 3864 neque
852 3793 887 3848 ad
912 3793 994 3849 G¹Po
1114 3793 1146 3848 12
1169 3794 1333 3864 continguat

208 3876 237 3931 P
336 3878 370 3932 13
395 3879 568 3949 cogitationis
587 3881 614 3936 P
703 3881 749 3963 ,15
765 3880 935 3935 ratiotinatio
955 3880 999 3936 Ge
1100 3895 1152 3948 qua
1171 3880 1209 3935 1³:
1236 3881 1332 3950 qniG

206 3961 250 4016 Pc
351 3962 385 4016 16
402 3968 538 4033 aspectum
555 3965 584 4021 P
678 3964 769 4022 uidere
788 3966 871 4022 G¹Po
972 3967 1005 4022 18
1021 3966 1080 4035 ipsa
1099 3966 1142 4022 Ge
1239 3977 1332 4035 posset

209 4048 247 4104 T:
272 4049 358 4117 possit
385 4048 453 4106 GPo
554 4052 587 4106 19
614 4052 745 4122 proiecto]
772 4053 888 4124 perlecto
916 4053 943 4107 P
1044 4052 1123 4122 esset]
1151 4067 1208 4106 esse
1234 4053 1263 4107 P

206 4133 298 4188 oculus
325 4134 363 4188 1)Ι
472 4134 506 4189 20
532 4135 666 4205 spiritales
696 4138 750 4195 G’c
854 4137 943 4193 uidere
971 4138 1052 4194 G¹Pc
1154 4137 1208 4192 ista
1235 4138 1264 4192 P

206 4219 242 4276 22
257 4218 352 4275 audac
368 4221 390 4288 (i
406 4221 439 4276 in
455 4236 471 4276 c
487 4236 557 4278 corr.
576 4237 611 4276 aa·
628 4223 658 4288 2)
678 4223 705 4279 G
805 4226 841 4280 24
857 4225 948 4280 oculus
966 4225 1003 4280 Ρ1
