2760 4814
223 577 287 646 m
704 571 871 643 dmm

224 766 322 833 libero
345 767 507 831 uterentur
529 762 668 829 arbitrio.
703 768 734 828 et
758 767 862 829 tamen
884 762 992 829 haeret
1006 763 1103 828 etiam
1118 764 1152 829 in
1167 763 1344 831 reluctanti-

225 871 282 935 bus
305 870 407 952 gratie
428 868 623 950 apertissime
644 867 730 932 nullo
753 866 830 932 bono
846 868 956 932 morito
972 869 1185 950 praecedente.
1217 868 1344 951 alioquin

225 972 328 1057 gratia
358 974 422 1037 iam
455 990 515 1037 non
550 972 630 1036 essct
664 969 776 1054 gratia.
809 971 840 1034 et
873 968 1039 1051 aliquando
1072 968 1146 1035 filiis
1180 970 1344 1037 infidelium

224 1077 402 1157 praestatur
431 1074 505 1139 hacc
534 1074 645 1157 gratia,
669 1093 740 1139 cum
763 1072 886 1138 occulto
908 1073 958 1138 dei
980 1071 1177 1155 prouidentia
1199 1075 1232 1139 in
1254 1076 1343 1140 mani·

224 1178 284 1243 lons
311 1177 434 1260 piorum
457 1176 741 1259 quomodocumque
768 1177 963 1257 perueniunt,
993 1176 1160 1258 aliquando
1191 1176 1251 1241 lilii
1278 1176 1365 1243 fides

224 1281 304 1346 lium
322 1300 384 1346 non
410 1298 478 1344 eam
502 1279 727 1361 consequantur
750 1279 853 1361 aliquo
874 1278 1096 1362 impedimento
1115 1279 1293 1357 exsistente,
1312 1298 1344 1345 ne

225 1385 324 1468 possit
354 1383 604 1466 periclitantibus
628 1381 795 1447 subueniri.
841 1382 920 1447 fiunt
943 1400 1014 1446 uero
1036 1384 1097 1446 ista
1119 1401 1175 1467 per
1198 1384 1342 1449 occultam

225 1488 274 1552 dei
305 1486 544 1568 prouidentiam,
578 1485 666 1550 cuius
687 1484 902 1550 inscrutabilia
924 1488 999 1549 sunt
1020 1484 1138 1550 iudicia
1158 1488 1193 1551 et
1222 1484 1343 1551 inuesti-

225 1589 344 1673 gobiles
382 1590 459 1654 uiae.
512 1590 592 1669 quod
628 1591 665 1651 ut
701 1588 857 1670 apostolus
894 1589 1027 1667 diceret,
1065 1590 1139 1671 quid
1178 1590 1341 1671 praedixit?

225 1691 390 1757 intuemini
422 1691 514 1756 enim.
546 1690 660 1774 agebat
689 1693 794 1756 autem
819 1692 855 1756 de
878 1690 1002 1756 Iudaeis
1033 1692 1064 1756 et
1095 1693 1252 1776 gentibus,
1281 1709 1363 1757 cumo

226 1796 373 1860 scriberet
404 1795 443 1859 ad
466 1794 632 1871 Romanos,
655 1794 688 1859 id
711 1796 757 1859 est
779 1794 818 1859 ad
840 1797 958 1879 gentes,
983 1799 1015 1860 et
1038 1794 1099 1860 ait:
1123 1794 1340 1861 sicutenim

227 1897 437 1980 aliquando
475 1914 542 1962 nos
578 1916 652 1963 non
689 1897 923 1963 credidistis
961 1898 1048 1976 deo,
1085 1916 1188 1963 nunc
1226 1902 1340 1963 auten

226 2000 544 2085 misericprdiam
574 2001 775 2067 consecuti
807 2002 905 2066 estis
928 2003 968 2068 in
990 2001 1153 2065 illorum
1177 1999 1338 2067 incredu-

227 2104 366 2169 litate:
388 2102 447 2169 ita
469 2108 507 2169 et
532 2103 570 2168 hi
592 2124 663 2170 non
682 2103 935 2170 crediderunt
957 2104 1186 2169 inuestram
1201 2102 1337 2170 miseri·

227 2206 419 2285 cordiam,
453 2211 494 2273 ut
523 2210 561 2272 et
594 2208 671 2292 ipsi
699 2207 1012 2273 misericordiam
1044 2210 1360 2292 consequanturn

227 2310 425 2375 conclusit
440 2311 538 2375 enim
555 2313 645 2376 deus
661 2330 787 2377 omnes
802 2310 841 2376 in
855 2311 1112 2388 infidelitate,
1129 2315 1171 2375 ut
1187 2310 1337 2377 omnium

226 2414 474 2479 misercatur.
519 2417 549 2479 et
585 2432 657 2480 cum
693 2414 877 2479 attendisset
915 2414 989 2497 quid
1025 2415 1157 2492 dixerit,
1195 2414 1337 2479 admirans

227 2516 402 2581 sententiae
435 2534 509 2581 suae
541 2519 657 2581 certam
679 2516 803 2599 quidem
827 2518 1003 2594 ueritatem,
1036 2517 1090 2581 sed
1112 2534 1260 2601 magnam
1279 2530 1337 2599 pro·

226 2617 425 2695 funditatem
455 2620 605 2701 quomodo
628 2620 781 2685 conclusit
802 2620 876 2685 deus
899 2639 1006 2686 omnes
1033 2621 1067 2685 in
1089 2620 1281 2697 infidelitate,
1309 2622 1337 2683 nt

227 2721 367 2785 omnium
401 2722 594 2798 misereatur,
629 2723 717 2804 quasi
750 2721 866 2787 faciens
899 2723 991 2800 mala,
1025 2726 1061 2787 ut
1093 2724 1237 2790 uenirent
1262 2724 1359 2795 bonas

227 2839 298 2886 mcx
326 2823 511 2888 exclamauit
541 2828 634 2907 atque
664 2827 723 2891 ait:
759 2826 972 2892 celtitudo
995 2826 1232 2892 diuitiarum
1253 2824 1335 2907 sapi·

227 2925 358 2990 entiae
391 2929 429 2991 et
458 2926 648 2993 scientiae
676 2930 752 2993 dei!
785 2947 900 3011 quam
933 2929 1229 2996 inscrutabilia
1260 2922 1335 2992 sunt

226 3028 379 3095 indicia
400 3030 485 3096 eius
507 3032 545 3095 et
574 3031 896 3117 inuestigabiles
926 3033 1011 3098 uiae
1036 3032 1139 3097 eius!
1171 3033 1248 3101 haec
1267 3028 1333 3095 enin

226 3132 343 3198 iudicia
376 3132 596 3198 inscrutabilia
625 3136 657 3198 et
686 3134 920 3219 inuestigabilcs
950 3135 1017 3201 nias
1045 3136 1185 3219 peruersi
1213 3132 1331 3200 honus

227 3254 287 3302 non
311 3238 483 3321 cogitantes
500 3239 531 3301 et
553 3238 705 3321 procliues
727 3239 766 3302 ad
789 3238 1083 3321 reprehendendum,
1107 3257 1169 3304 non
1192 3235 1286 3304 idonei
1303 3231 1351 3295 ads

226 3339 471 3425 intellegendum
502 3340 656 3421 putabant
679 3344 710 3405 et
731 3341 915 3407 iactitabant
938 3341 1093 3423 apostolos
1116 3341 1232 3407 dicero:
1253 3333 1329 3403 faci·

227 3461 335 3508 amus
368 3442 484 3517 mala',
517 3447 558 3507 ut
590 3443 752 3509 ueniant
782 3442 891 3509 bona.
925 3444 1006 3527 quod
1040 3444 1125 3509 absit
1156 3446 1194 3509 ut
1221 3430 1326 3524 apostoli

329 3642 361 3696 11
380 3640 455 3695 Item.
475 3640 515 3703 11,
534 3639 635 3709 30sqq.
738 3642 770 3696 al
791 3643 865 3696 Rom.
885 3643 978 3710 11,3s
1081 3642 1115 3695 26
1135 3643 1207 3698 Rom.
1225 3638 1276 3703 3‚8

280 3824 294 3877 1
319 3821 432 3876 arbitrio
457 3822 596 3875 uterentur
621 3822 648 3876 P
760 3824 776 3877 6
799 3826 996 3892 consequantur
1020 3822 1128 3877 G¹PV:
1159 3812 1322 3890 consoquuntul

228 3908 267 3963 G³
354 3911 483 3962 existente
497 3907 564 3963 GP:
592 3907 688 3961 exsisto
704 3908 730 3961 V
820 3907 1121 3978 lpcrecletantibnsl'
1207 3890 1321 3962 iniust

226 3995 300 4047 uisae
323 3996 347 4059 (1
368 3997 433 4059 raa.)
459 3995 486 4047 P
521 3996 580 4047 niae
606 3995 662 4046 eius
692 3995 717 4049 G
820 3994 953 4063 praedixit
981 3994 1015 4049 V:
1046 3995 1207 4062 praedixerit
1233 3986 1278 4047 GP

229 4077 262 4131 10
273 4079 353 4131 enim.
367 4078 465 4147 agebat
478 4081 620 4149 (distinxi)
634 4081 670 4136 V:
689 4079 778 4135 aiebat
790 4082 860 4135 enim
875 4081 940 4136 61²¹
957 4079 1054 4149 agebat
1066 4080 1138 4135 enim
1150 4081 1188 4135 ΡΙ
1259 4071 1322 4128 olm

231 4164 417 4220 mmm
504 4167 748 4222 mmmm
840 4152 1322 4223 mmmmfflffl

226 4251 360 4306 fidelitate
389 4251 424 4305 V:
457 4252 647 4307 incredulitate
674 4254 703 4307 P
805 4253 836 4315 l‘l
865 4252 1008 4307 ammirans
1037 4251 1064 4305 V
1165 4253 1198 4306 19
1223 4236 1323 4305 cornelliil

230 4338 382 4393 G¹MP²V=
412 4338 529 4392 conclusi
547 4339 584 4395 P¹
615 4339 773 4395 concluserit
792 4339 831 4394 θ’
925 4355 1014 4395 omnes
1032 4339 1061 4392 in
1081 4338 1221 4395 G'MPV:
1249 4334 1324 4390 omnm

230 4424 267 4479 G¹
365 4423 526 4478 infidelitate
545 4424 634 4480 G³P²t
665 4425 854 4480 infidelitatem
874 4424 911 4480 6¹
941 4424 1108 4479 indedilitctc
1126 4424 1164 4479 Ρι
1196 4414 1325 4480 infirnibt

227 4510 293 4566 MV
392 4509 433 4578 nt]
453 4526 502 4564 oca.
525 4509 561 4565 6¹
664 4512 699 4566 20
716 4512 842 4566 uenirent
861 4512 881 4576 (i
899 4527 933 4566 ec
950 4528 964 4565 e
981 4527 1051 4567 corr.
1068 4528 1104 4565 oe
1123 4514 1154 4580 2)
1173 4512 1201 4567 P
