2760 4814
219 580 282 648 908
700 577 868 647 Eugippii

220 773 289 856 lege
311 772 392 851 sunt,
423 772 478 836 isti
507 774 614 836 eutem
642 770 744 854 legem
767 772 961 852 acceperuut,
986 767 1056 851 quis
1077 769 1198 834 audeat
1219 768 1342 841 Iudaeos.

219 878 272 961 qui
290 875 322 939 in
338 876 407 960 lege
429 877 567 958 peccaut,
591 875 692 939 dicere
715 892 775 939 non
790 893 856 939 esee
871 874 1036 956 perituros,
1053 892 1126 937 eum
1143 873 1175 936 in
1191 871 1340 938 Christum

219 996 279 1045 nou
297 978 494 1062 crediderint,
510 978 633 1061 quando
649 978 774 1060 quidem
791 980 829 1043 de
844 976 910 1041 illie
926 977 1045 1042 dictum
1062 978 1128 1041 est:
1145 978 1339 1061 perlegere

218 1081 528 1148 iudicabuntur?
549 1080 615 1145 sine
636 1081 697 1144 fide
719 1081 801 1145 enim
826 1079 943 1145 Christi
968 1098 1056 1144 nemo
1079 1078 1210 1144 liberari
1232 1080 1339 1162 petest

219 1202 256 1249 ae
270 1202 324 1267 per
336 1184 393 1249 hcc
405 1185 451 1249 ite
465 1184 694 1257 iudicabuntur,
711 1188 746 1247 ut
761 1188 896 1265 pereant.
916 1202 989 1248 nem
1005 1185 1031 1248 si
1047 1182 1134 1266 peior
1148 1188 1197 1248 est
1214 1182 1359 1248 cendicies

218 1288 423 1354 nescientium
435 1307 529 1371 qnam
542 1288 707 1353 scientium
718 1288 820 1367 legem
834 1287 892 1364 dei,
910 1288 1060 1369 quomodo
1075 1306 1188 1352 uerum
1200 1287 1260 1352 erit
1271 1284 1336 1368 qued

219 1392 252 1455 in
268 1392 429 1475 euangelio
444 1393 587 1455 deminus
609 1390 670 1455 eit:
686 1408 838 1473 seruus,
858 1390 922 1471 qui
945 1390 1076 1454 nescit
1099 1390 1334 1454 uoluntatem

221 1494 367 1560 demini
389 1496 453 1558 sui
478 1499 514 1557 et
537 1493 641 1557 fecit
663 1493 784 1577 digna
805 1492 951 1573 plagis,
975 1491 1188 1574 uapulabit
1210 1512 1333 1577 paren

219 1614 359 1661 seruus
392 1598 537 1672 entem,
571 1597 635 1678 qui
669 1597 750 1661 scit
776 1596 1025 1660 uoluntatem
1049 1594 1200 1660 domiui
1230 1597 1334 1661 sniet

218 1698 319 1764 facit
342 1701 462 1783 digne
483 1699 629 1782 pingis,
652 1699 860 1782 uapulebit
883 1699 1016 1761 multe.
1055 1715 1125 1762 ecce
1140 1698 1196 1762 ubi
1212 1698 1354 1764 ostendite

217 1802 345 1883 grauius
362 1822 487 1884 peccare
503 1802 659 1865 hominem
675 1803 825 1866 scientem
842 1820 934 1883 qnam
947 1801 1147 1865 nescientem.
1172 1822 1230 1866 nec
1241 1810 1331 1867 tamen

216 1905 286 1969 ideo
310 1904 550 1989 confugiendum
574 1907 621 1969 est
644 1904 682 1969 ad
704 1905 900 1987 ignorantiae
923 1903 1077 1982 tenebras,
1102 1906 1187 1968 utin
1203 1907 1247 1970 eis
1262 1907 1331 1988 quis

217 2029 276 2092 que
297 2010 435 2092 requiret
458 2009 697 2073 excusationem.
728 2010 813 2073 aliud
838 2013 885 2072 est
900 2009 983 2073 enim
1001 2011 1143 2089 nescisse,
1168 2009 1254 2074 eliud
1268 2009 1330 2074 seire

215 2113 359 2179 uoluisse.
405 2114 549 2177 uoluntas
587 2113 700 2194 quippe
736 2114 876 2195 arguitur
913 2112 946 2175 in
982 2131 1017 2177 ee
1050 2113 1088 2176 de
1122 2130 1182 2194 quo
1217 2113 1330 2177 dicitur:

216 2216 342 2282 noluit
364 2215 621 2297 intellegere,
644 2218 686 2280 ut
714 2215 807 2280 bene
834 2217 978 2298 ageret.
1018 2214 1071 2280 sed
1105 2216 1139 2278 et
1170 2215 1229 2281 iile
1255 2217 1351 2299 igne-c

215 2320 326 2396 cantia,
356 2338 433 2401 quae
460 2339 521 2385 uon
554 2324 603 2384 est
626 2338 731 2384 eorum
758 2320 813 2400 qui
835 2318 914 2383 scire
938 2317 1058 2397 nolunt,
1083 2319 1138 2383 sed
1161 2336 1267 2383 eorum
1286 2315 1328 2400 qui

216 2428 376 2506 tamquam
399 2423 584 2505 simpliciter
607 2423 760 2504 nesciunt,
784 2422 939 2486 neminem
963 2422 1158 2498 sicexcuset‚
1175 2425 1213 2486 nt
1228 2421 1328 2501 sempi-

216 2529 304 2591 terno
338 2528 411 2611 igne
445 2546 504 2591 non
539 2525 656 2606 ardeat,
692 2525 720 2589 si
754 2530 915 2607 propterea
937 2543 997 2588 ncn
1021 2524 1162 2603 credidit,
1191 2527 1326 2608 quianon

215 2630 336 2694 audiuit
365 2628 491 2694 omnino
517 2627 591 2710 quid
622 2628 772 2703 crederet,
796 2627 850 2691 sed
874 2628 1011 2702 fortasse,
1035 2631 1071 2690 ut
1094 2627 1205 2693 mitius
1227 2629 1326 2693 ardent.

215 2751 276 2796 non
304 2734 387 2797 enim
415 2731 483 2796 sine
513 2749 607 2795 cause
636 2731 756 2795 dictum
787 2733 850 2794 est:
876 2730 1033 2795 effunde
1056 2732 1154 2794 iram
1176 2737 1277 2796 tuem
1296 2731 1349 2792 inc

215 2838 369 2917 gentes,
396 2854 493 2916 quae
524 2839 655 2899 tenen
685 2837 895 2909 nonerunt,
925 2839 956 2898 et
984 2833 1064 2897 iliud
1093 2835 1177 2915 quod
1201 2837 1246 2899 ait
1265 2852 1325 2916 epo·

214 2939 325 3001 stolus:
350 2955 433 3001 cum
457 2937 615 3001 uenerit
637 2938 677 3001 in
700 2936 862 3001 flemma
884 2937 989 3019 ignis
1012 2935 1103 3001 dare
1125 2939 1324 3003 uindictam

213 3042 253 3105 in
275 3060 336 3106 ecs
358 3042 421 3123 qui
444 3040 628 3123 ignorent
652 3041 769 3105 deum.
804 3060 913 3105 uerum
932 3043 1037 3104 tumen
1059 3045 1095 3105 ut
1118 3041 1283 3108 habeamus
1301 3044 1325 3101 et

213 3144 314 3224 ipsam
329 3143 503 3222 scientiam,
523 3164 560 3208 ne
576 3144 661 3209 dicat
675 3144 900 3226 unusquisque:
919 3143 1088 3227 „nesciui“,
1106 3162 1188 3226 „non
1205 3138 1323 3219 audiuit

216 3266 296 3332 „nen
309 3246 479 3324 intellexi“,
495 3246 640 3312 uoluntas
653 3248 834 3312 conuenitur
847 3247 990 3321 humana,
1006 3247 1058 3310 ubi
1071 3248 1200 3313 dicitur:
1216 3246 1348 3312 nclitee

212 3367 296 3414 esse
330 3349 438 3414 sicut
471 3368 591 3432 equus
615 3354 650 3413 et
684 3349 830 3424 mulus,
864 3348 1006 3430 quibus
1038 3368 1112 3413 non
1137 3345 1324 3416 estintcl·

211 3452 358 3536 lectus,
392 3453 537 3536 quamuis
565 3453 651 3535 peior
679 3454 810 3534 apparet
832 3453 870 3515 de
893 3469 952 3534 quc
975 3452 1096 3517 dictum
1119 3457 1182 3518 est:
1207 3450 1325 3519 uerbis

212 3575 288 3620 ncn
321 3554 600 3621 emen-debitur
633 3573 775 3621 seruus
808 3556 945 3637 durus;
974 3554 1007 3619 si
1041 3556 1149 3619 enim
1183 3557 1326 3623 intelle·

211 3658 331 3735 serit,
370 3679 441 3724 non
479 3658 680 3724 obaudiet.
725 3659 847 3741 quando
886 3664 992 3723 autern
1016 3658 1094 3723 dicit
1116 3660 1226 3726 home:
1263 3678 1329 3747 „ncn

213 3779 339 3843 possum
368 3763 467 3827 fecere
496 3760 578 3843 quod
605 3762 804 3843 praecipitur,
829 3763 975 3844 quonium
998 3764 1253 3844 concupiscentia
1274 3781 1358 3828 mese

312 3971 416 4025 ihre.
444 3973 639 4037 11481141
744 3974 777 4026 15
803 3973 847 4027 Ps.
871 3975 955 4037 35‚4
1057 3974 1093 4027 20
1120 3975 1164 4029 Pe
1192 3978 1278 4041 7116

210 4056 243 4109 22
266 4055 297 4109 II
313 4056 406 4111 Thess.
425 4060 448 4123 1,
467 4060 484 4113 8
585 4060 619 4113 25
638 4058 681 4112 Ps.
700 4060 742 4124 31,
761 4062 778 4114 9
881 4061 914 4113 21
933 4061 1011 4116 Prou.
1032 4062 1126 4126 2219

260 4255 276 4307 1
302 4251 387 4307 dicere
409 4254 517 4308 iudaeos
535 4257 580 4324 qui
605 4258 634 4310 in
653 4257 711 4326 lege
729 4261 837 4325 peccent
865 4257 920 4311 GP
1031 4257 1204 4325 2pcriturcs
1236 4262 1345 4317 GP¹V=

208 4339 310 4408 peritur
337 4340 376 4393 Ρι
479 4344 556 4405 e(ec
582 4344 624 4409 10)
653 4343 793 4411 uepulnuit
821 4343 848 4397 P
953 4343 985 4397 12
1011 4343 1221 4412 confugiendum
1255 4350 1282 4403 V

210 4422 242 4475 14
261 4422 292 4476 de
310 4438 362 4491 quo
381 4424 461 4479 P¹V:
487 4429 555 4494 quud
575 4428 614 4481 P*
711 4430 743 4483 19
761 4428 826 4498 quid
847 4429 883 4481 V:
910 4427 981 4497 quod
998 4428 1026 4482 P
1115 4430 1152 4484 27
1170 4440 1289 4502 apparet
1312 4436 1347 4492 V:

208 4514 336 4577 reppererit
355 4509 410 4564 GP
