<?xml version="1.0" encoding="UTF-8"?>
<!DOCTYPE html PUBLIC "-//W3C//DTD XHTML 1.0 Transitional//EN"
    "http://www.w3.org/TR/xhtml1/DTD/xhtml1-transitional.dtd">
<html xmlns="http://www.w3.org/1999/xhtml" xml:lang="en" lang="en">
 <head>
  <title>
</title>
<meta http-equiv="Content-Type" content="text/html;charset=utf-8" />
  <meta name='ocr-system' content='tesseract 3.04.00' />
  <meta name='ocr-capabilities' content='ocr_page ocr_carea ocr_par ocr_line ocrx_word'/>
</head>
<body>
  <div class='ocr_page' id='page_1' title='image "./evgippiiexcerpt00kngoog/evgippiiexcerpt00kngoog_1032.png"; bbox 0 0 2760 4814; ppageno 0'>
   <div class='ocr_carea' id='block_1_1' title="bbox 170 360 1192 433">
    <p class='ocr_par' dir='ltr' id='par_1_1' title="bbox 170 360 1192 433">
     <span class='ocr_line' id='line_1_1' title="bbox 170 360 1192 433; baseline 0.003 -16"><span class='ocrx_word' id='word_1_1' title='bbox 170 363 335 433; x_wconf 76' lang='lat' dir='ltr'><strong>Exoarpta</strong></span> <span class='ocrx_word' id='word_1_2' title='bbox 352 377 389 417; x_wconf 84' lang='lat' dir='ltr'><strong>ex</strong></span> <span class='ocrx_word' id='word_1_3' title='bbox 406 378 477 433; x_wconf 90' lang='lat' dir='ltr'><strong>opp.</strong></span> <span class='ocrx_word' id='word_1_4' title='bbox 496 363 522 417; x_wconf 83' lang='lat' dir='ltr'><strong>S.</strong></span> <span class='ocrx_word' id='word_1_5' title='bbox 541 363 732 433; x_wconf 71' lang='lat' dir='ltr'><strong>Augustini</strong></span> <span class='ocrx_word' id='word_1_6' title='bbox 750 360 1077 420; x_wconf 79' lang='lat' dir='ltr'>CCCXIIIl-CCCXVI.</span> <span class='ocrx_word' id='word_1_7' title='bbox 1107 362 1192 432; x_wconf 86' lang='lat'>1009</span> 
     </span>
    </p>
   </div>
   <div class='ocr_carea' id='block_1_2' title="bbox 21 552 1189 1876">
    <p class='ocr_par' dir='ltr' id='par_1_2' title="bbox 55 552 1189 947">
     <span class='ocr_line' id='line_1_2' title="bbox 55 552 1188 636; baseline 0 -18"><span class='ocrx_word' id='word_1_8' title='bbox 55 564 119 619; x_wconf 91' lang='lat' dir='ltr'><strong>non</strong></span> <span class='ocrx_word' id='word_1_9' title='bbox 150 553 307 618; x_wconf 82' lang='lat' dir='ltr'><strong>arbitrans</strong></span> <span class='ocrx_word' id='word_1_10' title='bbox 338 552 475 618; x_wconf 88' lang='lat' dir='ltr'><strong>aooidere</strong></span> <span class='ocrx_word' id='word_1_11' title='bbox 504 552 566 618; x_wconf 89' lang='lat' dir='ltr'><strong>nisi</strong></span> <span class='ocrx_word' id='word_1_12' title='bbox 596 571 633 618; x_wconf 85' lang='lat' dir='ltr'><strong>er</strong></span> <span class='ocrx_word' id='word_1_13' title='bbox 661 552 766 636; x_wconf 89' lang='lat' dir='ltr'><strong>aliquo</strong></span> <span class='ocrx_word' id='word_1_14' title='bbox 796 553 888 619; x_wconf 89' lang='lat' dir='ltr'><strong>huius</strong></span> <span class='ocrx_word' id='word_1_15' title='bbox 919 552 1002 619; x_wconf 91' lang='lat' dir='ltr'><strong>modi</strong></span> <span class='ocrx_word' id='word_1_16' title='bbox 1024 552 1188 630; x_wconf 91' lang='lat' dir='ltr'><strong>desiderio,</strong></span> 
     </span>
     <span class='ocr_line' id='line_1_3' title="bbox 56 655 1189 740; baseline -0.001 -18"><span class='ocrx_word' id='word_1_17' title='bbox 56 656 141 739; x_wconf 89' lang='lat' dir='ltr'><strong>qnod</strong></span> <span class='ocrx_word' id='word_1_18' title='bbox 170 656 280 740; x_wconf 87' lang='lat' dir='ltr'><strong>proonl</strong></span> <span class='ocrx_word' id='word_1_19' title='bbox 309 655 405 721; x_wconf 90' lang='lat' dir='ltr'><strong>dubio</strong></span> <span class='ocrx_word' id='word_1_20' title='bbox 434 655 551 721; x_wconf 85' lang='lat' dir='ltr'><strong>falsum</strong></span> <span class='ocrx_word' id='word_1_21' title='bbox 581 659 637 731; x_wconf 85' lang='lat' dir='ltr'><strong>est,</strong></span> <span class='ocrx_word' id='word_1_22' title='bbox 671 655 824 739; x_wconf 88' lang='lat' dir='ltr'><strong>numquid</strong></span> <span class='ocrx_word' id='word_1_23' title='bbox 854 658 887 721; x_wconf 90' lang='lat' dir='ltr'><strong>et</strong></span> <span class='ocrx_word' id='word_1_24' title='bbox 908 656 1004 721; x_wconf 83' lang='lat' dir='ltr'><strong>solita</strong></span> <span class='ocrx_word' id='word_1_25' title='bbox 1024 674 1189 723; x_wconf 85' lang='lat' dir='ltr'><strong>mensuum</strong></span> 
     </span>
     <span class='ocr_line' id='line_1_4' title="bbox 58 758 1189 844; baseline 0 -19"><span class='ocrx_word' id='word_1_26' title='bbox 58 762 188 843; x_wconf 88' lang='lat' dir='ltr'><strong>peooata</strong></span> <span class='ocrx_word' id='word_1_27' title='bbox 211 762 286 824; x_wconf 89' lang='lat' dir='ltr'><strong>sunt</strong></span> <span class='ocrx_word' id='word_1_28' title='bbox 301 758 516 825; x_wconf 76' lang='lat' dir='ltr'><strong>feminarum?</strong></span> <span class='ocrx_word' id='word_1_29' title='bbox 537 758 686 841; x_wconf 82' lang='lat' dir='ltr'><strong>aquibus</strong></span> <span class='ocrx_word' id='word_1_30' title='bbox 701 764 809 824; x_wconf 87' lang='lat' dir='ltr'><strong>tamen</strong></span> <span class='ocrx_word' id='word_1_31' title='bbox 825 760 936 825; x_wconf 85' lang='lat' dir='ltr'><strong>eadem</strong></span> <span class='ocrx_word' id='word_1_32' title='bbox 952 760 1030 844; x_wconf 81' lang='lat' dir='ltr'><strong>legis</strong></span> <span class='ocrx_word' id='word_1_33' title='bbox 1048 760 1189 825; x_wconf 84' lang='lat' dir='ltr'><strong>uetustae</strong></span> 
     </span>
     <span class='ocr_line' id='line_1_5' title="bbox 55 861 1187 947; baseline -0.001 -19"><span class='ocrx_word' id='word_1_34' title='bbox 55 864 210 947; x_wconf 77' lang='lat' dir='ltr'><strong>praecipit</strong></span> <span class='ocrx_word' id='word_1_35' title='bbox 237 861 355 945; x_wconf 82' lang='lat' dir='ltr'><strong>expiari</strong></span> <span class='ocrx_word' id='word_1_36' title='bbox 384 879 445 927; x_wconf 92' lang='lat' dir='ltr'><strong>non</strong></span> <span class='ocrx_word' id='word_1_37' title='bbox 474 862 537 926; x_wconf 91' lang='lat' dir='ltr'><strong>nisi</strong></span> <span class='ocrx_word' id='word_1_38' title='bbox 558 866 684 945; x_wconf 90' lang='lat' dir='ltr'><strong>propter</strong></span> <span class='ocrx_word' id='word_1_39' title='bbox 706 864 806 944; x_wconf 89' lang='lat' dir='ltr'><strong>ipsam</strong></span> <span class='ocrx_word' id='word_1_40' title='bbox 828 862 1023 927; x_wconf 74' lang='lat' dir='ltr'><strong>materialem</strong></span> <span class='ocrx_word' id='word_1_41' title='bbox 1045 862 1187 928; x_wconf 84' lang='lat' dir='ltr'><strong>informi·</strong></span> 
     </span>
    </p>

    <p class='ocr_par' dir='ltr' id='par_1_3' title="bbox 29 964 1188 1461">
     <span class='ocr_line' id='line_1_6' title="bbox 29 964 1187 1050; baseline 0.002 -22"><span class='ocrx_word' id='word_1_42' title='bbox 29 970 167 1043; x_wconf 73' lang='lat' dir='ltr'><strong>statem,</strong></span> <span class='ocrx_word' id='word_1_43' title='bbox 201 983 280 1050; x_wconf 85' lang='lat' dir='ltr'><strong>quae</strong></span> <span class='ocrx_word' id='word_1_44' title='bbox 307 964 389 1029; x_wconf 86' lang='lat' dir='ltr'><strong>faoto</strong></span> <span class='ocrx_word' id='word_1_45' title='bbox 417 966 570 1049; x_wconf 88' lang='lat' dir='ltr'><strong>ooneeptu</strong></span> <span class='ocrx_word' id='word_1_46' title='bbox 593 968 756 1047; x_wconf 86' lang='lat' dir='ltr'><strong>tamquam</strong></span> <span class='ocrx_word' id='word_1_47' title='bbox 786 965 820 1030; x_wconf 93' lang='lat' dir='ltr'><strong>in</strong></span> <span class='ocrx_word' id='word_1_48' title='bbox 848 964 1095 1032; x_wconf 81' lang='lat' dir='ltr'><strong>aedificationem</strong></span> <span class='ocrx_word' id='word_1_49' title='bbox 1119 983 1187 1030; x_wconf 92' lang='lat' dir='ltr'><strong>oor-</strong></span> 
     </span>
     <span class='ocr_line' id='line_1_7' title="bbox 54 1067 1186 1155; baseline -0.002 -20"><span class='ocrx_word' id='word_1_50' title='bbox 54 1070 140 1155; x_wconf 82' lang='lat' dir='ltr'><strong>poris</strong></span> <span class='ocrx_word' id='word_1_51' title='bbox 170 1069 307 1136; x_wconf 82' lang='lat' dir='ltr'><strong>additur.</strong></span> <span class='ocrx_word' id='word_1_52' title='bbox 346 1086 382 1133; x_wconf 84' lang='lat' dir='ltr'><strong>ee</strong></span> <span class='ocrx_word' id='word_1_53' title='bbox 412 1086 467 1151; x_wconf 91' lang='lat' dir='ltr'><strong>per</strong></span> <span class='ocrx_word' id='word_1_54' title='bbox 495 1068 563 1146; x_wconf 81' lang='lat' dir='ltr'><strong>hoe,</strong></span> <span class='ocrx_word' id='word_1_55' title='bbox 594 1087 665 1134; x_wconf 87' lang='lat' dir='ltr'><strong>eum</strong></span> <span class='ocrx_word' id='word_1_56' title='bbox 695 1067 875 1134; x_wconf 85' lang='lat' dir='ltr'><strong>informiter</strong></span> <span class='ocrx_word' id='word_1_57' title='bbox 902 1068 984 1147; x_wconf 85' lang='lat' dir='ltr'><strong>duit,</strong></span> <span class='ocrx_word' id='word_1_58' title='bbox 1017 1067 1186 1151; x_wconf 80' lang='lat' dir='ltr'><strong>significari</strong></span> 
     </span>
     <span class='ocr_line' id='line_1_8' title="bbox 56 1171 1188 1256; baseline -0.002 -18"><span class='ocrx_word' id='word_1_59' title='bbox 56 1191 112 1256; x_wconf 85' lang='lat' dir='ltr'><strong>per</strong></span> <span class='ocrx_word' id='word_1_60' title='bbox 134 1173 224 1238; x_wconf 88' lang='lat' dir='ltr'><strong>illem</strong></span> <span class='ocrx_word' id='word_1_61' title='bbox 248 1174 298 1237; x_wconf 85' lang='lat' dir='ltr'><strong>lex</strong></span> <span class='ocrx_word' id='word_1_62' title='bbox 320 1171 423 1236; x_wconf 88' lang='lat' dir='ltr'><strong>uoluit</strong></span> <span class='ocrx_word' id='word_1_63' title='bbox 445 1174 585 1237; x_wconf 88' lang='lat' dir='ltr'><strong>animum</strong></span> <span class='ocrx_word' id='word_1_64' title='bbox 609 1172 677 1236; x_wconf 87' lang='lat' dir='ltr'><strong>sine</strong></span> <span class='ocrx_word' id='word_1_65' title='bbox 692 1171 876 1253; x_wconf 78' lang='lat' dir='ltr'><strong>disciplinae</strong></span> <span class='ocrx_word' id='word_1_66' title='bbox 890 1172 994 1236; x_wconf 80' lang='lat' dir='ltr'><strong>dorma</strong></span> <span class='ocrx_word' id='word_1_67' title='bbox 1008 1172 1188 1237; x_wconf 79' lang='lat' dir='ltr'><strong>indecenter</strong></span> 
     </span>
     <span class='ocr_line' id='line_1_9' title="bbox 55 1273 1187 1357; baseline -0.001 -16"><span class='ocrx_word' id='word_1_68' title='bbox 55 1274 190 1341; x_wconf 81' lang='lat' dir='ltr'><strong>fluidum</strong></span> <span class='ocrx_word' id='word_1_69' title='bbox 213 1293 250 1340; x_wconf 84' lang='lat' dir='ltr'><strong>ao</strong></span> <span class='ocrx_word' id='word_1_70' title='bbox 271 1273 470 1350; x_wconf 86' lang='lat' dir='ltr'><strong>dissolutum,</strong></span> <span class='ocrx_word' id='word_1_71' title='bbox 499 1292 593 1356; x_wconf 86' lang='lat' dir='ltr'><strong>quem</strong></span> <span class='ocrx_word' id='word_1_72' title='bbox 616 1274 745 1339; x_wconf 82' lang='lat' dir='ltr'><strong>formari</strong></span> <span class='ocrx_word' id='word_1_73' title='bbox 768 1277 907 1357; x_wconf 88' lang='lat' dir='ltr'><strong>oportere</strong></span> <span class='ocrx_word' id='word_1_74' title='bbox 926 1273 1092 1357; x_wconf 77' lang='lat' dir='ltr'><strong>signifieat</strong></span> <span class='ocrx_word' id='word_1_75' title='bbox 1115 1291 1187 1340; x_wconf 88' lang='lat' dir='ltr'><strong>oum</strong></span> 
     </span>
     <span class='ocr_line' id='line_1_10' title="bbox 53 1377 1187 1461; baseline -0.001 -17"><span class='ocrx_word' id='word_1_76' title='bbox 53 1380 153 1445; x_wconf 83' lang='lat' dir='ltr'><strong>talem</strong></span> <span class='ocrx_word' id='word_1_77' title='bbox 176 1377 295 1443; x_wconf 83' lang='lat' dir='ltr'><strong>fluxum</strong></span> <span class='ocrx_word' id='word_1_78' title='bbox 318 1379 454 1461; x_wconf 85' lang='lat' dir='ltr'><strong>eorporis</strong></span> <span class='ocrx_word' id='word_1_79' title='bbox 484 1377 573 1442; x_wconf 86' lang='lat' dir='ltr'><strong>iubet</strong></span> <span class='ocrx_word' id='word_1_80' title='bbox 601 1377 769 1460; x_wconf 87' lang='lat' dir='ltr'><strong>purificari.</strong></span> <span class='ocrx_word' id='word_1_81' title='bbox 801 1380 959 1460; x_wconf 85' lang='lat' dir='ltr'><strong>postremo</strong></span> <span class='ocrx_word' id='word_1_82' title='bbox 980 1378 1133 1460; x_wconf 89' lang='lat' dir='ltr'><strong>numquid</strong></span> <span class='ocrx_word' id='word_1_83' title='bbox 1154 1382 1187 1443; x_wconf 89' lang='lat' dir='ltr'><strong>et</strong></span> 
     </span>
    </p>

    <p class='ocr_par' dir='ltr' id='par_1_4' title="bbox 21 1481 1188 1876">
     <span class='ocr_line' id='line_1_11' title="bbox 21 1481 1186 1567; baseline -0.002 -20"><span class='ocrx_word' id='word_1_84' title='bbox 21 1485 134 1549; x_wconf 76' lang='lat' dir='ltr'><strong>nemori</strong></span> <span class='ocrx_word' id='word_1_85' title='bbox 162 1488 324 1566; x_wconf 79' lang='lat' dir='ltr'><strong>peceatum</strong></span> <span class='ocrx_word' id='word_1_86' title='bbox 359 1486 407 1548; x_wconf 88' lang='lat' dir='ltr'><strong>est</strong></span> <span class='ocrx_word' id='word_1_87' title='bbox 436 1486 491 1547; x_wconf 87' lang='lat' dir='ltr'><strong>aut</strong></span> <span class='ocrx_word' id='word_1_88' title='bbox 522 1485 683 1548; x_wconf 90' lang='lat' dir='ltr'><strong>mortuum</strong></span> <span class='ocrx_word' id='word_1_89' title='bbox 712 1482 843 1567; x_wconf 87' lang='lat' dir='ltr'><strong>sepelire</strong></span> <span class='ocrx_word' id='word_1_90' title='bbox 865 1501 926 1549; x_wconf 93' lang='lat' dir='ltr'><strong>non</strong></span> <span class='ocrx_word' id='word_1_91' title='bbox 950 1483 1047 1548; x_wconf 85' lang='lat' dir='ltr'><strong>etiam</strong></span> <span class='ocrx_word' id='word_1_92' title='bbox 1069 1481 1186 1547; x_wconf 88' lang='lat' dir='ltr'><strong>bonum</strong></span> 
     </span>
     <span class='ocr_line' id='line_1_12' title="bbox 52 1583 1188 1670; baseline -0.004 -17"><span class='ocrx_word' id='word_1_93' title='bbox 52 1604 130 1669; x_wconf 86' lang='lat' dir='ltr'><strong>opus</strong></span> <span class='ocrx_word' id='word_1_94' title='bbox 152 1585 362 1650; x_wconf 84' lang='lat' dir='ltr'><strong>humanitatis</strong></span> <span class='ocrx_word' id='word_1_95' title='bbox 390 1587 462 1650; x_wconf 78' lang='lat' dir='ltr'><strong>est?</strong></span> <span class='ocrx_word' id='word_1_96' title='bbox 490 1590 522 1650; x_wconf 90' lang='lat' dir='ltr'><strong>et</strong></span> <span class='ocrx_word' id='word_1_97' title='bbox 551 1589 659 1652; x_wconf 87' lang='lat' dir='ltr'><strong>tumen</strong></span> <span class='ocrx_word' id='word_1_98' title='bbox 688 1584 862 1670; x_wconf 86' lang='lat' dir='ltr'><strong>puritioutio</strong></span> <span class='ocrx_word' id='word_1_99' title='bbox 891 1587 923 1650; x_wconf 85' lang='lat' dir='ltr'><strong>et</strong></span> <span class='ocrx_word' id='word_1_100' title='bbox 943 1585 1016 1652; x_wconf 90' lang='lat' dir='ltr'><strong>inde</strong></span> <span class='ocrx_word' id='word_1_101' title='bbox 1038 1583 1188 1651; x_wconf 81' lang='lat' dir='ltr'><strong>mandata</strong></span> 
     </span>
     <span class='ocr_line' id='line_1_13' title="bbox 52 1688 1186 1772; baseline -0.004 -15"><span class='ocrx_word' id='word_1_102' title='bbox 52 1694 113 1769; x_wconf 87' lang='lat' dir='ltr'><strong>est,</strong></span> <span class='ocrx_word' id='word_1_103' title='bbox 137 1690 212 1772; x_wconf 85' lang='lat' dir='ltr'><strong>quia</strong></span> <span class='ocrx_word' id='word_1_104' title='bbox 233 1691 267 1752; x_wconf 89' lang='lat' dir='ltr'><strong>et</strong></span> <span class='ocrx_word' id='word_1_105' title='bbox 288 1692 447 1753; x_wconf 89' lang='lat' dir='ltr'><strong>mortuum</strong></span> <span class='ocrx_word' id='word_1_106' title='bbox 470 1707 581 1771; x_wconf 89' lang='lat' dir='ltr'><strong>eorpus</strong></span> <span class='ocrx_word' id='word_1_107' title='bbox 603 1689 673 1754; x_wconf 87' lang='lat' dir='ltr'><strong>nita</strong></span> <span class='ocrx_word' id='word_1_108' title='bbox 694 1691 853 1755; x_wconf 84' lang='lat' dir='ltr'><strong>deserente</strong></span> <span class='ocrx_word' id='word_1_109' title='bbox 871 1708 933 1755; x_wconf 92' lang='lat' dir='ltr'><strong>nou</strong></span> <span class='ocrx_word' id='word_1_110' title='bbox 948 1690 1112 1772; x_wconf 80' lang='lat' dir='ltr'><strong>peecatum</strong></span> <span class='ocrx_word' id='word_1_111' title='bbox 1127 1688 1186 1765; x_wconf 85' lang='lat' dir='ltr'><strong>est,</strong></span> 
     </span>
     <span class='ocr_line' id='line_1_14' title="bbox 52 1791 989 1876; baseline -0.003 -17"><span class='ocrx_word' id='word_1_112' title='bbox 52 1794 108 1859; x_wconf 82' lang='lat' dir='ltr'><strong>sed</strong></span> <span class='ocrx_word' id='word_1_113' title='bbox 131 1794 298 1876; x_wconf 77' lang='lat' dir='ltr'><strong>peecatum</strong></span> <span class='ocrx_word' id='word_1_114' title='bbox 320 1791 482 1874; x_wconf 75' lang='lat' dir='ltr'><strong>signifieat</strong></span> <span class='ocrx_word' id='word_1_115' title='bbox 504 1792 629 1857; x_wconf 86' lang='lat' dir='ltr'><strong>animae</strong></span> <span class='ocrx_word' id='word_1_116' title='bbox 653 1793 795 1860; x_wconf 83' lang='lat' dir='ltr'><strong>desertae</strong></span> <span class='ocrx_word' id='word_1_117' title='bbox 816 1810 836 1856; x_wconf 88' lang='lat' dir='ltr'><strong>a</strong></span> <span class='ocrx_word' id='word_1_118' title='bbox 857 1792 989 1858; x_wconf 85' lang='lat' dir='ltr'><strong>iustitie.</strong></span> 
     </span>
    </p>
   </div>
   <div class='ocr_carea' id='block_1_3' title="bbox 528 1978 708 2062">
    <p class='ocr_par' dir='ltr' id='par_1_5' title="bbox 528 1978 708 2062">
     <span class='ocr_line' id='line_1_15' title="bbox 528 1978 708 2062; baseline 0 -1"><span class='ocrx_word' id='word_1_119' title='bbox 528 1978 708 2062; x_wconf 85' lang='lat' dir='ltr'><strong>CCCXVI.</strong></span> 
     </span>
    </p>
   </div>
   <div class='ocr_carea' id='block_1_4' title="bbox 11 2149 1186 2287">
    <p class='ocr_par' dir='ltr' id='par_1_6' title="bbox 11 2149 1186 2287">
     <span class='ocr_line' id='line_1_16' title="bbox 11 2149 1186 2201; baseline -0.002 -2"><span class='ocrx_word' id='word_1_120' title='bbox 11 2152 95 2201; x_wconf 71' lang='lat' dir='ltr'><strong>mne:</strong></span> <span class='ocrx_word' id='word_1_121' title='bbox 122 2152 272 2200; x_wconf 79' lang='lat' dir='ltr'><strong>VIRTVTE</strong></span> <span class='ocrx_word' id='word_1_122' title='bbox 294 2152 395 2201; x_wconf 76' lang='lat' dir='ltr'>ANIMI</span> <span class='ocrx_word' id='word_1_123' title='bbox 419 2153 486 2199; x_wconf 82' lang='lat' dir='ltr'><strong>VEL</strong></span> <span class='ocrx_word' id='word_1_124' title='bbox 509 2152 666 2199; x_wconf 68' lang='lat' dir='ltr'><strong>Larumna:</strong></span> <span class='ocrx_word' id='word_1_125' title='bbox 683 2152 749 2199; x_wconf 78' lang='lat' dir='ltr'><strong>VEL</strong></span> <span class='ocrx_word' id='word_1_126' title='bbox 772 2151 975 2199; x_wconf 65' lang='lat' dir='ltr'><strong>meminsse.</strong></span> <span class='ocrx_word' id='word_1_127' title='bbox 998 2150 1044 2197; x_wconf 80' lang='lat' dir='ltr'><strong>EX</strong></span> <span class='ocrx_word' id='word_1_128' title='bbox 1066 2149 1186 2198; x_wconf 69' lang='lat' dir='ltr'><strong>EODEM</strong></span> 
     </span>
     <span class='ocr_line' id='line_1_17' title="bbox 361 2237 879 2287; baseline 0 -2"><span class='ocrx_word' id='word_1_129' title='bbox 361 2238 466 2287; x_wconf 84' lang='lat' dir='ltr'>LIBRO</span> <span class='ocrx_word' id='word_1_130' title='bbox 491 2238 539 2285; x_wconf 82' lang='lat' dir='ltr'><strong>DE</strong></span> <span class='ocrx_word' id='word_1_131' title='bbox 565 2237 657 2285; x_wconf 76' lang='lat' dir='ltr'>BONO</span> <span class='ocrx_word' id='word_1_132' title='bbox 679 2237 879 2285; x_wconf 78' lang='lat' dir='ltr'>CONIVGALI.</span> 
     </span>
    </p>
   </div>
   <div class='ocr_carea' id='block_1_5' title="bbox 91 2353 1254 2443">
    <p class='ocr_par' dir='ltr' id='par_1_7' title="bbox 91 2353 1254 2443">
     <span class='ocr_line' id='line_1_18' title="bbox 91 2353 1254 2443; baseline -0.004 -18"><span class='ocrx_word' id='word_1_133' title='bbox 91 2356 299 2425; x_wconf 82' lang='lat' dir='ltr'><strong>Continentia</strong></span> <span class='ocrx_word' id='word_1_134' title='bbox 321 2376 384 2424; x_wconf 93' lang='lat' dir='ltr'><strong>non</strong></span> <span class='ocrx_word' id='word_1_135' title='bbox 407 2358 554 2443; x_wconf 88' lang='lat' dir='ltr'><strong>eorporis,</strong></span> <span class='ocrx_word' id='word_1_136' title='bbox 577 2357 632 2423; x_wconf 90' lang='lat' dir='ltr'><strong>sed</strong></span> <span class='ocrx_word' id='word_1_137' title='bbox 647 2357 744 2424; x_wconf 85' lang='lat' dir='ltr'><strong>animi</strong></span> <span class='ocrx_word' id='word_1_138' title='bbox 759 2357 863 2423; x_wconf 83' lang='lat' dir='ltr'><strong>uirtus</strong></span> <span class='ocrx_word' id='word_1_139' title='bbox 879 2359 936 2422; x_wconf 92' lang='lat' dir='ltr'><strong>est.</strong></span> <span class='ocrx_word' id='word_1_140' title='bbox 959 2356 1062 2423; x_wconf 90' lang='lat' dir='ltr'><strong>uirtus</strong></span> <span class='ocrx_word' id='word_1_141' title='bbox 1078 2357 1183 2423; x_wconf 84' lang='lat' dir='ltr'><strong>eutem</strong></span> <span class='ocrx_word' id='word_1_142' title='bbox 1193 2353 1254 2421; x_wconf 84' lang='lat'><strong>341</strong></span> 
     </span>
    </p>
   </div>
   <div class='ocr_carea' id='block_1_6' title="bbox 10 2459 1184 3371">
    <p class='ocr_par' dir='ltr' id='par_1_8' title="bbox 10 2459 1184 3371">
     <span class='ocr_line' id='line_1_19' title="bbox 44 2459 1184 2545; baseline -0.006 -15"><span class='ocrx_word' id='word_1_143' title='bbox 44 2462 149 2530; x_wconf 81' lang='lat' dir='ltr'><strong>animi</strong></span> <span class='ocrx_word' id='word_1_144' title='bbox 180 2462 348 2545; x_wconf 82' lang='lat' dir='ltr'><strong>aliquando</strong></span> <span class='ocrx_word' id='word_1_145' title='bbox 381 2460 415 2527; x_wconf 92' lang='lat' dir='ltr'><strong>in</strong></span> <span class='ocrx_word' id='word_1_146' title='bbox 443 2479 534 2543; x_wconf 89' lang='lat' dir='ltr'><strong>opere</strong></span> <span class='ocrx_word' id='word_1_147' title='bbox 556 2460 785 2539; x_wconf 84' lang='lat' dir='ltr'><strong>manifestatur,</strong></span> <span class='ocrx_word' id='word_1_148' title='bbox 816 2460 983 2544; x_wconf 80' lang='lat' dir='ltr'><strong>aliqnando</strong></span> <span class='ocrx_word' id='word_1_149' title='bbox 1012 2462 1046 2525; x_wconf 92' lang='lat' dir='ltr'><strong>in</strong></span> <span class='ocrx_word' id='word_1_150' title='bbox 1073 2459 1184 2526; x_wconf 89' lang='lat' dir='ltr'><strong>habitu</strong></span> 
     </span>
     <span class='ocr_line' id='line_1_20' title="bbox 44 2563 1184 2648; baseline -0.004 -17"><span class='ocrx_word' id='word_1_151' title='bbox 44 2565 147 2631; x_wconf 87' lang='lat' dir='ltr'><strong>latet:</strong></span> <span class='ocrx_word' id='word_1_152' title='bbox 185 2565 269 2631; x_wconf 90' lang='lat' dir='ltr'><strong>siout</strong></span> <span class='ocrx_word' id='word_1_153' title='bbox 301 2564 445 2648; x_wconf 82' lang='lat' dir='ltr'><strong>martyrii</strong></span> <span class='ocrx_word' id='word_1_154' title='bbox 479 2565 582 2630; x_wconf 89' lang='lat' dir='ltr'><strong>uirtus</strong></span> <span class='ocrx_word' id='word_1_155' title='bbox 616 2565 751 2630; x_wconf 89' lang='lat' dir='ltr'><strong>eminuit</strong></span> <span class='ocrx_word' id='word_1_156' title='bbox 785 2564 990 2648; x_wconf 85' lang='lat' dir='ltr'><strong>apparuitque</strong></span> <span class='ocrx_word' id='word_1_157' title='bbox 1023 2563 1184 2629; x_wconf 75' lang='lat' dir='ltr'><strong>tolerando</strong></span> 
     </span>
     <span class='ocr_line' id='line_1_21' title="bbox 10 2664 1184 2754; baseline -0.002 -23"><span class='ocrx_word' id='word_1_158' title='bbox 10 2669 219 2754; x_wconf 70' lang='lat' dir='ltr'><strong>»passiones</strong></span> <span class='ocrx_word' id='word_1_159' title='bbox 242 2671 296 2735; x_wconf 89' lang='lat' dir='ltr'><strong>sed</strong></span> <span class='ocrx_word' id='word_1_160' title='bbox 312 2687 407 2752; x_wconf 85' lang='lat' dir='ltr'><strong>quam</strong></span> <span class='ocrx_word' id='word_1_161' title='bbox 429 2669 525 2733; x_wconf 91' lang='lat' dir='ltr'><strong>multi</strong></span> <span class='ocrx_word' id='word_1_162' title='bbox 547 2673 621 2735; x_wconf 87' lang='lat' dir='ltr'><strong>sunt</strong></span> <span class='ocrx_word' id='word_1_163' title='bbox 639 2668 672 2733; x_wconf 95' lang='lat' dir='ltr'><strong>in</strong></span> <span class='ocrx_word' id='word_1_164' title='bbox 688 2668 797 2735; x_wconf 91' lang='lat' dir='ltr'><strong>eadem</strong></span> <span class='ocrx_word' id='word_1_165' title='bbox 810 2668 930 2733; x_wconf 85' lang='lat' dir='ltr'><strong>uirtute</strong></span> <span class='ocrx_word' id='word_1_166' title='bbox 946 2667 1055 2746; x_wconf 85' lang='lat' dir='ltr'><strong>animi,</strong></span> <span class='ocrx_word' id='word_1_167' title='bbox 1071 2664 1184 2749; x_wconf 89' lang='lat' dir='ltr'><strong>quibus</strong></span> 
     </span>
     <span class='ocr_line' id='line_1_22' title="bbox 46 2768 1183 2863; baseline -0.003 -27"><span class='ocrx_word' id='word_1_168' title='bbox 46 2773 201 2863; x_wconf 80' lang='lat' dir='ltr'><strong>temtatio</strong></span> <span class='ocrx_word' id='word_1_169' title='bbox 223 2770 321 2851; x_wconf 81' lang='lat' dir='ltr'><strong>deest,</strong></span> <span class='ocrx_word' id='word_1_170' title='bbox 344 2791 405 2857; x_wconf 87' lang='lat' dir='ltr'><strong>qua</strong></span> <span class='ocrx_word' id='word_1_171' title='bbox 428 2774 459 2838; x_wconf 91' lang='lat' dir='ltr'><strong>id</strong></span> <span class='ocrx_word' id='word_1_172' title='bbox 483 2773 564 2855; x_wconf 91' lang='lat' dir='ltr'><strong>quod</strong></span> <span class='ocrx_word' id='word_1_173' title='bbox 587 2772 672 2837; x_wconf 90' lang='lat' dir='ltr'><strong>intus</strong></span> <span class='ocrx_word' id='word_1_174' title='bbox 695 2774 743 2836; x_wconf 88' lang='lat' dir='ltr'><strong>est</strong></span> <span class='ocrx_word' id='word_1_175' title='bbox 766 2773 800 2837; x_wconf 94' lang='lat' dir='ltr'><strong>in</strong></span> <span class='ocrx_word' id='word_1_176' title='bbox 822 2770 987 2853; x_wconf 87' lang='lat' dir='ltr'><strong>oonspeotu</strong></span> <span class='ocrx_word' id='word_1_177' title='bbox 1003 2769 1062 2847; x_wconf 84' lang='lat' dir='ltr'><strong>dei,</strong></span> <span class='ocrx_word' id='word_1_178' title='bbox 1075 2768 1183 2841; x_wconf 21' lang='lat' dir='ltr'><strong>*etium</strong></span> 
     </span>
     <span class='ocr_line' id='line_1_23' title="bbox 46 2864 463 2959; baseline -0.005 -18"><span class='ocrx_word' id='word_1_179' title='bbox 46 2864 81 2941; x_wconf 84' lang='lat' dir='ltr'><strong>in</strong></span> <span class='ocrx_word' id='word_1_180' title='bbox 105 2874 271 2939; x_wconf 91' lang='lat' dir='ltr'><strong>hominnm</strong></span> <span class='ocrx_word' id='word_1_181' title='bbox 292 2876 463 2959; x_wconf 75' lang='lat' dir='ltr'><strong>procedat?</strong></span> 
     </span>
     <span class='ocr_line' id='line_1_24' title="bbox 89 2970 1182 3058; baseline -0.005 -16"><span class='ocrx_word' id='word_1_182' title='bbox 89 2976 135 3042; x_wconf 80' lang='lat' dir='ltr'><strong>m</strong></span> <span class='ocrx_word' id='word_1_183' title='bbox 157 2975 323 3041; x_wconf 78' lang='lat' dir='ltr'><strong>Timotheo</strong></span> <span class='ocrx_word' id='word_1_184' title='bbox 346 2976 393 3041; x_wconf 85' lang='lat' dir='ltr'><strong>ita</strong></span> <span class='ocrx_word' id='word_1_185' title='bbox 407 2975 546 3041; x_wconf 81' lang='lat' dir='ltr'><strong>relaxate</strong></span> <span class='ocrx_word' id='word_1_186' title='bbox 562 2979 609 3041; x_wconf 89' lang='lat' dir='ltr'><strong>est</strong></span> <span class='ocrx_word' id='word_1_187' title='bbox 625 2974 762 3058; x_wconf 87' lang='lat' dir='ltr'><strong>eorporis</strong></span> <span class='ocrx_word' id='word_1_188' title='bbox 776 2973 901 3043; x_wconf 87' lang='lat' dir='ltr'><strong>utilitas</strong></span> <span class='ocrx_word' id='word_1_189' title='bbox 918 2972 1027 3038; x_wconf 92' lang='lat' dir='ltr'><strong>ninum</strong></span> <span class='ocrx_word' id='word_1_190' title='bbox 1044 2970 1182 3043; x_wconf 81' lang='lat' dir='ltr'><strong>bibendi,</strong></span> 
     </span>
     <span class='ocr_line' id='line_1_25' title="bbox 47 3073 1183 3161; baseline -0.007 -15"><span class='ocrx_word' id='word_1_191' title='bbox 47 3082 87 3146; x_wconf 89' lang='lat' dir='ltr'><strong>ut</strong></span> <span class='ocrx_word' id='word_1_192' title='bbox 109 3080 252 3144; x_wconf 86' lang='lat' dir='ltr'><strong>muneret</strong></span> <span class='ocrx_word' id='word_1_193' title='bbox 273 3080 305 3143; x_wconf 91' lang='lat' dir='ltr'><strong>in</strong></span> <span class='ocrx_word' id='word_1_194' title='bbox 328 3078 438 3145; x_wconf 85' lang='lat' dir='ltr'><strong>habitu</strong></span> <span class='ocrx_word' id='word_1_195' title='bbox 460 3078 584 3144; x_wconf 81' lang='lat' dir='ltr'><strong>animus</strong></span> <span class='ocrx_word' id='word_1_196' title='bbox 609 3079 798 3144; x_wconf 79' lang='lat' dir='ltr'><strong>continendi.</strong></span> <span class='ocrx_word' id='word_1_197' title='bbox 828 3078 895 3161; x_wconf 90' lang='lat' dir='ltr'><strong>ipse</strong></span> <span class='ocrx_word' id='word_1_198' title='bbox 919 3080 965 3141; x_wconf 88' lang='lat' dir='ltr'><strong>est</strong></span> <span class='ocrx_word' id='word_1_199' title='bbox 987 3074 1070 3139; x_wconf 93' lang='lat' dir='ltr'><strong>enim</strong></span> <span class='ocrx_word' id='word_1_200' title='bbox 1094 3073 1183 3140; x_wconf 85' lang='lat' dir='ltr'><strong>habi-</strong></span> 
     </span>
     <span class='ocr_line' id='line_1_26' title="bbox 10 3179 1182 3265; baseline -0.002 -22"><span class='ocrx_word' id='word_1_201' title='bbox 10 3184 113 3259; x_wconf 78' lang='lat' dir='ltr'><strong>stns,</strong></span> <span class='ocrx_word' id='word_1_202' title='bbox 136 3198 197 3265; x_wconf 91' lang='lat' dir='ltr'><strong>qno</strong></span> <span class='ocrx_word' id='word_1_203' title='bbox 219 3181 338 3264; x_wconf 73' lang='lat' dir='ltr'><strong>ahquid</strong></span> <span class='ocrx_word' id='word_1_204' title='bbox 361 3181 477 3265; x_wconf 70' lang='lat' dir='ltr'><strong>agitur,</strong></span> <span class='ocrx_word' id='word_1_205' title='bbox 500 3201 571 3247; x_wconf 86' lang='lat' dir='ltr'><strong>oum</strong></span> <span class='ocrx_word' id='word_1_206' title='bbox 595 3200 671 3265; x_wconf 90' lang='lat' dir='ltr'><strong>opus</strong></span> <span class='ocrx_word' id='word_1_207' title='bbox 686 3183 744 3247; x_wconf 89' lang='lat' dir='ltr'><strong>est.</strong></span> <span class='ocrx_word' id='word_1_208' title='bbox 775 3200 847 3247; x_wconf 87' lang='lat' dir='ltr'><strong>oum</strong></span> <span class='ocrx_word' id='word_1_209' title='bbox 869 3181 976 3246; x_wconf 87' lang='lat' dir='ltr'><strong>autem</strong></span> <span class='ocrx_word' id='word_1_210' title='bbox 991 3197 1051 3245; x_wconf 90' lang='lat' dir='ltr'><strong>non</strong></span> <span class='ocrx_word' id='word_1_211' title='bbox 1066 3179 1182 3262; x_wconf 83' lang='lat' dir='ltr'><strong>agitur,</strong></span> 
     </span>
     <span class='ocr_line' id='line_1_27' title="bbox 44 3284 578 3371; baseline -0.006 -19"><span class='ocrx_word' id='word_1_212' title='bbox 44 3287 154 3371; x_wconf 88' lang='lat' dir='ltr'><strong>potest</strong></span> <span class='ocrx_word' id='word_1_213' title='bbox 175 3284 238 3368; x_wconf 81' lang='lat' dir='ltr'><strong>agi,</strong></span> <span class='ocrx_word' id='word_1_214' title='bbox 261 3284 315 3351; x_wconf 91' lang='lat' dir='ltr'><strong>sed</strong></span> <span class='ocrx_word' id='word_1_215' title='bbox 338 3303 400 3351; x_wconf 91' lang='lat' dir='ltr'><strong>non</strong></span> <span class='ocrx_word' id='word_1_216' title='bbox 423 3302 499 3366; x_wconf 86' lang='lat' dir='ltr'><strong>opus</strong></span> <span class='ocrx_word' id='word_1_217' title='bbox 521 3290 578 3349; x_wconf 85' lang='lat' dir='ltr'><strong>est.</strong></span> 
     </span>
    </p>
   </div>
   <div class='ocr_carea' id='block_1_7' title="bbox 151 3468 1149 3535">
    <p class='ocr_par' dir='ltr' id='par_1_9' title="bbox 151 3468 1149 3535">
     <span class='ocr_line' id='line_1_28' title="bbox 151 3468 1149 3535; baseline -0.002 -12"><span class='ocrx_word' id='word_1_218' title='bbox 151 3469 169 3524; x_wconf 84' lang='lat'><strong>3</strong></span> <span class='ocrx_word' id='word_1_219' title='bbox 186 3469 220 3525; x_wconf 76' lang='lat' dir='ltr'><strong>et.</strong></span> <span class='ocrx_word' id='word_1_220' title='bbox 233 3469 297 3524; x_wconf 82' lang='lat' dir='ltr'><strong>Leu.</strong></span> <span class='ocrx_word' id='word_1_221' title='bbox 316 3470 357 3535; x_wconf 86' lang='lat'><strong>15,</strong></span> <span class='ocrx_word' id='word_1_222' title='bbox 377 3470 408 3523; x_wconf 87' lang='grc'><strong>19</strong></span> <span class='ocrx_word' id='word_1_223' title='bbox 488 3471 519 3523; x_wconf 93' lang='grc'><strong>11</strong></span> <span class='ocrx_word' id='word_1_224' title='bbox 539 3469 572 3524; x_wconf 82' lang='lat' dir='ltr'><strong>cs.</strong></span> <span class='ocrx_word' id='word_1_225' title='bbox 585 3469 665 3523; x_wconf 87' lang='lat' dir='ltr'><strong>Num.</strong></span> <span class='ocrx_word' id='word_1_226' title='bbox 683 3471 725 3533; x_wconf 83' lang='lat'><strong>19,</strong></span> <span class='ocrx_word' id='word_1_227' title='bbox 746 3471 776 3523; x_wconf 90' lang='lat' dir='ltr'><strong>ll</strong></span> <span class='ocrx_word' id='word_1_228' title='bbox 858 3469 892 3523; x_wconf 80' lang='lat'><strong>23</strong></span> <span class='ocrx_word' id='word_1_229' title='bbox 910 3470 944 3522; x_wconf 83' lang='lat' dir='ltr'><strong>of.</strong></span> <span class='ocrx_word' id='word_1_230' title='bbox 957 3469 971 3523; x_wconf 91' lang='lat'><em>1</em></span> <span class='ocrx_word' id='word_1_231' title='bbox 983 3469 1053 3521; x_wconf 84' lang='lat' dir='ltr'><strong>Tim.</strong></span> <span class='ocrx_word' id='word_1_232' title='bbox 1072 3470 1096 3533; x_wconf 83' lang='lat'><strong>5,</strong></span> <span class='ocrx_word' id='word_1_233' title='bbox 1114 3468 1149 3521; x_wconf 76' lang='lat'><strong>‘23</strong></span> 
     </span>
    </p>
   </div>
   <div class='ocr_carea' id='block_1_8' title="bbox 100 3638 1181 3696">
    <p class='ocr_par' dir='ltr' id='par_1_10' title="bbox 100 3638 1181 3696">
     <span class='ocr_line' id='line_1_29' title="bbox 100 3638 1181 3696; baseline -0.006 0"><span class='ocrx_word' id='word_1_234' title='bbox 100 3640 253 3696; x_wconf 83' lang='lat' dir='ltr'><strong>laooidere</strong></span> <span class='ocrx_word' id='word_1_235' title='bbox 275 3640 313 3693; x_wconf 87' lang='lat' dir='ltr'><strong>V:</strong></span> <span class='ocrx_word' id='word_1_236' title='bbox 342 3640 463 3695; x_wconf 78' lang='lat' dir='ltr'><strong>accedere</strong></span> <span class='ocrx_word' id='word_1_237' title='bbox 481 3641 509 3693; x_wconf 91' lang='lat' dir='ltr'><em>P</em></span> <span class='ocrx_word' id='word_1_238' title='bbox 608 3639 726 3693; x_wconf 81' lang='lat' dir='ltr'><strong>2solita</strong></span> <span class='ocrx_word' id='word_1_239' title='bbox 748 3640 783 3693; x_wconf 88' lang='lat' dir='ltr'><strong>V:</strong></span> <span class='ocrx_word' id='word_1_240' title='bbox 810 3639 899 3693; x_wconf 80' lang='lat' dir='ltr'><strong>soluta</strong></span> <span class='ocrx_word' id='word_1_241' title='bbox 916 3638 944 3691; x_wconf 93' lang='lat' dir='ltr'><strong><em>P</em></strong></span> <span class='ocrx_word' id='word_1_242' title='bbox 1043 3653 1181 3691; x_wconf 89' lang='lat' dir='ltr'><strong>mensuum</strong></span> 
     </span>
    </p>
   </div>
   <div class='ocr_carea' id='block_1_9' title="bbox 41 3723 1118 3796">
    <p class='ocr_par' dir='ltr' id='par_1_11' title="bbox 41 3723 1118 3796">
     <span class='ocr_line' id='line_1_30' title="bbox 41 3723 1118 3796; baseline -0.007 -11"><span class='ocrx_word' id='word_1_243' title='bbox 41 3730 103 3785; x_wconf 91' lang='lat' dir='ltr'><strong>PV</strong></span> <span class='ocrx_word' id='word_1_244' title='bbox 119 3728 168 3795; x_wconf 71' lang='lat' dir='ltr'><strong>(os.</strong></span> <span class='ocrx_word' id='word_1_245' title='bbox 182 3726 292 3781; x_wconf 73' lang='lat' dir='ltr'><strong>Rdmoh</strong></span> <span class='ocrx_word' id='word_1_246' title='bbox 300 3743 330 3796; x_wconf 85' lang='lat' dir='ltr'><strong>p.</strong></span> <span class='ocrx_word' id='word_1_247' title='bbox 342 3728 423 3793; x_wconf 78' lang='lat'><strong>265):</strong></span> <span class='ocrx_word' id='word_1_248' title='bbox 450 3729 590 3780; x_wconf 86' lang='lat' dir='ltr'><strong>menstrua</strong></span> <span class='ocrx_word' id='word_1_249' title='bbox 606 3741 625 3777; x_wconf 85' lang='lat' dir='ltr'><strong><em>a</em></strong></span> <span class='ocrx_word' id='word_1_250' title='bbox 710 3725 727 3779; x_wconf 87' lang='lat'><strong>3</strong></span> <span class='ocrx_word' id='word_1_251' title='bbox 745 3725 834 3779; x_wconf 86' lang='lat' dir='ltr'><strong>eedem</strong></span> <span class='ocrx_word' id='word_1_252' title='bbox 855 3724 891 3777; x_wconf 90' lang='lat' dir='ltr'><strong>V:</strong></span> <span class='ocrx_word' id='word_1_253' title='bbox 920 3739 963 3777; x_wconf 88' lang='lat' dir='ltr'><strong>eas</strong></span> <span class='ocrx_word' id='word_1_254' title='bbox 981 3723 1072 3778; x_wconf 86' lang='lat' dir='ltr'><strong>eadem</strong></span> <span class='ocrx_word' id='word_1_255' title='bbox 1090 3723 1118 3777; x_wconf 94' lang='lat' dir='ltr'><strong><em>P</em></strong></span> 
     </span>
    </p>
   </div>
   <div class='ocr_carea' id='block_1_10' title="bbox 38 3810 1182 3975">
    <p class='ocr_par' dir='ltr' id='par_1_12' title="bbox 38 3810 1182 3975">
     <span class='ocr_line' id='line_1_31' title="bbox 40 3810 1117 3885; baseline -0.01 -12"><span class='ocrx_word' id='word_1_256' title='bbox 40 3814 218 3885; x_wconf 71' lang='lat' dir='ltr'><strong>epraeoepit</strong></span> <span class='ocrx_word' id='word_1_257' title='bbox 234 3814 262 3867; x_wconf 89' lang='lat' dir='ltr'><em>P</em></span> <span class='ocrx_word' id='word_1_258' title='bbox 356 3814 519 3882; x_wconf 72' lang='lat' dir='ltr'><strong>boonoeptu</strong></span> <span class='ocrx_word' id='word_1_259' title='bbox 538 3830 570 3866; x_wconf 88' lang='lat' dir='ltr'><strong>a:</strong></span> <span class='ocrx_word' id='word_1_260' title='bbox 599 3814 726 3880; x_wconf 82' lang='lat' dir='ltr'><strong>concepto</strong></span> <span class='ocrx_word' id='word_1_261' title='bbox 743 3811 797 3864; x_wconf 92' lang='lat' dir='ltr'><strong>PV</strong></span> <span class='ocrx_word' id='word_1_262' title='bbox 889 3810 1073 3864; x_wconf 82' lang='lat' dir='ltr'><strong>aedificatione</strong></span> <span class='ocrx_word' id='word_1_263' title='bbox 1089 3810 1117 3862; x_wconf 94' lang='lat' dir='ltr'><strong><em>P</em></strong></span> 
     </span>
     <span class='ocr_line' id='line_1_32' title="bbox 38 3894 1182 3975; baseline -0.007 -17"><span class='ocrx_word' id='word_1_264' title='bbox 38 3904 59 3958; x_wconf 84' lang='lat'><strong>8</strong></span> <span class='ocrx_word' id='word_1_265' title='bbox 85 3898 204 3954; x_wconf 85' lang='lat' dir='ltr'><strong>fluidum</strong></span> <span class='ocrx_word' id='word_1_266' title='bbox 224 3898 260 3953; x_wconf 92' lang='lat' dir='ltr'><strong>V:</strong></span> <span class='ocrx_word' id='word_1_267' title='bbox 288 3898 419 3975; x_wconf 83' lang='lat' dir='ltr'><strong>fluuidum</strong></span> <span class='ocrx_word' id='word_1_268' title='bbox 444 3898 472 3952; x_wconf 94' lang='lat' dir='ltr'><strong><em>P</em></strong></span> <span class='ocrx_word' id='word_1_269' title='bbox 572 3898 606 3951; x_wconf 85' lang='lat'><strong>14</strong></span> <span class='ocrx_word' id='word_1_270' title='bbox 629 3913 688 3965; x_wconf 84' lang='lat' dir='ltr'><strong>cop.</strong></span> <span class='ocrx_word' id='word_1_271' title='bbox 706 3896 861 3952; x_wconf 84' lang='lat' dir='ltr'>CCCXXXI</span> <span class='ocrx_word' id='word_1_272' title='bbox 885 3897 912 3951; x_wconf 93' lang='lat' dir='ltr'><strong><em>P</em></strong></span> <span class='ocrx_word' id='word_1_273' title='bbox 946 3894 1130 3951; x_wconf 83' lang='lat' dir='ltr'>CCCXXVIII</span> <span class='ocrx_word' id='word_1_274' title='bbox 1156 3896 1182 3950; x_wconf 83' lang='lat' dir='ltr'><em>G</em></span> 
     </span>
    </p>
   </div>
   <div class='ocr_carea' id='block_1_11' title="bbox 37 3974 1183 4067">
    <p class='ocr_par' dir='ltr' id='par_1_13' title="bbox 37 3974 1183 4067">
     <span class='ocr_line' id='line_1_33' title="bbox 37 3974 1183 4067; baseline -0.01 -4"><span class='ocrx_word' id='word_1_275' title='bbox 37 4001 234 4063; x_wconf 78' lang='lat' dir='ltr'><strong>cccxxxm</strong></span> <span class='ocrx_word' id='word_1_276' title='bbox 251 4018 268 4055; x_wconf 89' lang='lat' dir='ltr'><strong>o</strong></span> <span class='ocrx_word' id='word_1_277' title='bbox 372 4004 406 4058; x_wconf 77' lang='lat' dir='ltr'><strong>lo</strong></span> <span class='ocrx_word' id='word_1_278' title='bbox 424 3974 467 4055; x_wconf 74' lang='lat' dir='ltr'><strong>Irel</strong></span> <span class='ocrx_word' id='word_1_279' title='bbox 486 4001 586 4054; x_wconf 85' lang='lat' dir='ltr'><strong>latente</strong></span> <span class='ocrx_word' id='word_1_280' title='bbox 604 4000 632 4067; x_wconf 80' lang='lat' dir='ltr'><strong>(b</strong></span> <span class='ocrx_word' id='word_1_281' title='bbox 649 4002 681 4054; x_wconf 80' lang='lat' dir='ltr'><strong>in</strong></span> <span class='ocrx_word' id='word_1_282' title='bbox 698 4016 715 4053; x_wconf 82' lang='lat' dir='ltr'><strong>r</strong></span> <span class='ocrx_word' id='word_1_283' title='bbox 732 4016 802 4054; x_wconf 83' lang='lat' dir='ltr'><strong>corr.</strong></span> <span class='ocrx_word' id='word_1_284' title='bbox 820 4016 856 4054; x_wconf 85' lang='lat' dir='ltr'><strong>m.</strong></span> <span class='ocrx_word' id='word_1_285' title='bbox 870 4002 900 4067; x_wconf 80' lang='lat'><strong>2)</strong></span> <span class='ocrx_word' id='word_1_286' title='bbox 923 4000 949 4053; x_wconf 94' lang='lat' dir='ltr'><strong><em>V</em></strong></span> <span class='ocrx_word' id='word_1_287' title='bbox 1052 4000 1083 4053; x_wconf 89' lang='lat'><strong>16</strong></span> <span class='ocrx_word' id='word_1_288' title='bbox 1101 3997 1183 4067; x_wconf 86' lang='lat' dir='ltr'><strong>bono]</strong></span> 
     </span>
    </p>
   </div>
   <div class='ocr_carea' id='block_1_12' title="bbox 34 4097 1186 4271">
    <p class='ocr_par' dir='ltr' id='par_1_14' title="bbox 34 4097 1186 4271">
     <span class='ocr_line' id='line_1_34' title="bbox 36 4097 1114 4174; baseline -0.007 -7"><span class='ocrx_word' id='word_1_289' title='bbox 36 4097 372 4174; x_wconf 80' lang='lat' dir='ltr'><strong>bo&#39;‘(noodd.m.2)V</strong></span> <span class='ocrx_word' id='word_1_290' title='bbox 454 4106 634 4161; x_wconf 77' lang='lat' dir='ltr'><strong>20uirtutem</strong></span> <span class='ocrx_word' id='word_1_291' title='bbox 651 4105 678 4160; x_wconf 93' lang='lat' dir='ltr'><strong><em>V</em></strong></span> <span class='ocrx_word' id='word_1_292' title='bbox 759 4106 793 4160; x_wconf 77' lang='lat'><strong>21</strong></span> <span class='ocrx_word' id='word_1_293' title='bbox 806 4104 880 4159; x_wconf 87' lang='lat' dir='ltr'><strong>deest</strong></span> <span class='ocrx_word' id='word_1_294' title='bbox 894 4105 960 4159; x_wconf 83' lang='lat' dir='ltr'><strong>GP:</strong></span> <span class='ocrx_word' id='word_1_295' title='bbox 985 4105 1114 4159; x_wconf 83' lang='lat' dir='ltr'><strong>deesseV</strong></span> 
     </span>
     <span class='ocr_line' id='line_1_35' title="bbox 34 4190 1186 4271; baseline -0.005 -20"><span class='ocrx_word' id='word_1_296' title='bbox 34 4212 98 4271; x_wconf 82' lang='lat' dir='ltr'><strong>qua</strong></span> <span class='ocrx_word' id='word_1_297' title='bbox 116 4192 158 4248; x_wconf 87' lang='lat' dir='ltr'><strong>P:</strong></span> <span class='ocrx_word' id='word_1_298' title='bbox 187 4208 268 4261; x_wconf 82' lang='lat' dir='ltr'><strong>quarn</strong></span> <span class='ocrx_word' id='word_1_299' title='bbox 286 4191 313 4247; x_wconf 89' lang='lat' dir='ltr'><strong><em>V</em></strong></span> <span class='ocrx_word' id='word_1_300' title='bbox 336 4193 401 4263; x_wconf 85' lang='lat' dir='ltr'><strong>quia</strong></span> <span class='ocrx_word' id='word_1_301' title='bbox 421 4194 447 4247; x_wconf 81' lang='lat' dir='ltr'><strong><em>G</em></strong></span> <span class='ocrx_word' id='word_1_302' title='bbox 549 4192 584 4246; x_wconf 78' lang='lat'><strong>24</strong></span> <span class='ocrx_word' id='word_1_303' title='bbox 607 4190 703 4246; x_wconf 82' lang='lat' dir='ltr'><strong>habitu</strong></span> <span class='ocrx_word' id='word_1_304' title='bbox 720 4192 827 4247; x_wconf 82' lang='lat' dir='ltr'><strong>anImua</strong></span> <span class='ocrx_word' id='word_1_305' title='bbox 849 4192 885 4245; x_wconf 85' lang='lat' dir='ltr'><strong>V:</strong></span> <span class='ocrx_word' id='word_1_306' title='bbox 915 4192 1003 4245; x_wconf 86' lang='lat' dir='ltr'><strong>animo</strong></span> <span class='ocrx_word' id='word_1_307' title='bbox 1021 4191 1131 4245; x_wconf 82' lang='lat' dir='ltr'><strong>habitus</strong></span> <span class='ocrx_word' id='word_1_308' title='bbox 1155 4190 1186 4245; x_wconf 92' lang='lat' dir='ltr'><strong><em>P</em></strong></span> 
     </span>
    </p>
   </div>
   <div class='ocr_carea' id='block_1_13' title="bbox 31 4279 1088 4455">
    <p class='ocr_par' dir='ltr' id='par_1_15' title="bbox 31 4279 1088 4455">
     <span class='ocr_line' id='line_1_36' title="bbox 31 4279 695 4364; baseline -0.008 -10"><span class='ocrx_word' id='word_1_309' title='bbox 31 4301 137 4359; x_wconf 65' lang='lat' dir='ltr'><strong>mima</strong></span> <span class='ocrx_word' id='word_1_310' title='bbox 155 4296 274 4351; x_wconf 76' lang='lat' dir='ltr'><strong>homins</strong></span> <span class='ocrx_word' id='word_1_311' title='bbox 292 4279 347 4308; x_wconf 70' lang='lat'><strong>&#39;&#39;¹³&#39;&#39;</strong></span> <span class='ocrx_word' id='word_1_312' title='bbox 363 4296 465 4364; x_wconf 78' lang='lat' dir='ltr'><strong>(uirtus</strong></span> <span class='ocrx_word' id='word_1_313' title='bbox 483 4295 547 4349; x_wconf 77' lang='lat' dir='ltr'><strong>auu.</strong></span> <span class='ocrx_word' id='word_1_314' title='bbox 566 4298 645 4361; x_wconf 62' lang='lat' dir='ltr'><strong>ma)</strong></span> <span class='ocrx_word' id='word_1_315' title='bbox 670 4296 695 4349; x_wconf 85' lang='lat' dir='ltr'><strong>o</strong></span> 
     </span>
     <span class='ocr_line' id='line_1_37' title="bbox 95 4398 1088 4455; baseline 0 -2"><span class='ocrx_word' id='word_1_316' title='bbox 95 4398 195 4455; x_wconf 84' lang='lat' dir='ltr'>v1111.</span> <span class='ocrx_word' id='word_1_317' title='bbox 1049 4399 1088 4453; x_wconf 73' lang='lat' dir='ltr'><strong>ue</strong></span> 
     </span>
    </p>
   </div>
   <div class='ocr_carea' id='block_1_14' title="bbox 0 0 1384 4814">
    <p class='ocr_par' dir='ltr' id='par_1_16' title="bbox 0 0 1384 4814">
     <span class='ocr_line' id='line_1_38' title="bbox 0 0 1384 4814; baseline 0 8"><span class='ocrx_word' id='word_1_318' title='bbox 0 0 1384 4814; x_wconf 95' lang='lat' dir='ltr'><strong> </strong></span> 
     </span>
    </p>
   </div>
  </div>
 </body>
</html>
