2760 4814
217 572 282 641 854
698 568 862 639 Eugippii

219 760 299 843 qnod
320 757 379 822 teli
404 758 555 822 seruitute
579 758 632 822 uni
655 758 796 824 omnium
818 778 910 843 quem
940 778 1003 826 non
1024 759 1176 825 uidebant
1191 760 1344 844 placerent

219 864 290 939 deo;
324 880 417 943 quem
451 860 623 925 custodiam
651 861 813 945 temonem
842 862 899 929 sub
928 862 1109 947 poedagogo
1143 864 1342 945 paruulorum

218 964 314 1030 fnieee
338 962 451 1029 scribit
472 960 639 1043 apostolus.
678 963 710 1027 et
731 963 799 1028 ideo
822 964 875 1046 qui
891 962 1009 1028 telibne
1032 964 1129 1047 signis
1143 963 1343 1045 pertinaciter

218 1068 430 1145 inhaeserunt,
453 1068 702 1131 contemnentem
721 1065 783 1132 isto
798 1070 901 1147 deum,
925 1085 997 1133 cnm
1018 1067 1082 1133 iem
1106 1071 1234 1150 tempus
1257 1086 1342 1131 rene·

218 1171 345 1237 lotionis
369 1188 475 1236 eornm
496 1168 642 1247 uenisset,
666 1170 746 1235 ferro
768 1190 829 1236 non
843 1171 1011 1253 potuerunt
1026 1172 1118 1253 etque
1134 1168 1210 1234 inde
1225 1171 1367 1235 celum-e

219 1275 295 1353 nine,
317 1273 398 1358 qnod
421 1271 551 1338 sabbato
574 1278 705 1349 cureret,
728 1274 830 1340 moliti
846 1277 921 1338 eunt
935 1272 1089 1357 principes
1104 1290 1224 1354 eorum,
1248 1290 1341 1356 popo·

218 1378 328 1460 lneque
351 1376 449 1461 signio
471 1375 536 1440 illis
558 1378 717 1458 temonem
740 1378 832 1442 rebus
848 1377 995 1442 astrictus
1011 1393 1072 1440 non
1088 1374 1238 1441 credebat
1253 1376 1340 1440 deum

219 1498 284 1546 esee
313 1480 363 1544 uel
390 1498 409 1544 o
438 1480 494 1543 deo
521 1479 655 1556 uenisse,
683 1478 758 1562 quio
785 1498 821 1544 ee
843 1480 924 1545 eiont
947 1480 1072 1545 Iudaeis
1095 1478 1340 1544 obseruebontur

219 1584 317 1648 nollet
345 1582 513 1647 attendere.
559 1582 611 1646 sed
640 1585 692 1663 qni
724 1583 931 1663 crediderunt,
961 1601 997 1647 ex
1032 1581 1145 1665 quibus
1181 1581 1267 1646 tecte
1299 1585 1340 1647 eet

218 1685 320 1767 prime
342 1685 469 1749 ecclesie
491 1684 786 1769 Hierosolymitono,
809 1688 886 1752 setis
909 1687 1120 1765 ostenderunt,
1144 1690 1268 1768 quante
1283 1685 1365 1750 oti-n

218 1788 292 1853 litae
321 1788 416 1853 fuerit
442 1806 477 1854 eo
499 1788 592 1855 modo
614 1788 672 1853 sub
694 1790 873 1874 paedagogo
896 1789 1057 1867 custodiri,
1081 1794 1118 1854 nt
1140 1789 1243 1874 signe,
1266 1807 1339 1872 quoe

219 1891 433 1974 temporaliter
455 1892 600 1973 imposito
624 1895 715 1956 erent
741 1894 956 1972 semientibue,
981 1893 1020 1957 ed
1037 1893 1130 1957 nnius
1146 1893 1199 1957 dei
1214 1892 1338 1966 cultum,

219 1993 272 2077 qui
295 1993 372 2059 fecit
394 1994 515 2059 coelum
533 1995 565 2058 et
580 1998 704 2069 terrem,
722 1996 897 2077 opinionem
912 1995 1147 2061 obeementium
1163 1996 1337 2079 religerent.

680 2282 879 2367 oonxvn.

219 2469 312 2520 ΜΟ
327 2473 454 2522 MODVM
469 2473 653 2521 Pnnlemoln
667 2474 906 2521 mvnmnrennlo
917 2472 1134 2535 Locvnnoroffl,
1149 2468 1364 2522 Pnormemrss

217 2576 265 2623 AN
288 2575 462 2623 FIGVRA'I'A
484 2576 545 2640 SI'I',
575 2576 619 2622 VT
642 2576 812 2637 QVIDQVID
838 2578 875 2624 ln
898 2573 1093 2624 SCRIPTVRIS
1121 2577 1169 2623 EX
1193 2576 1337 2626 Pomone

218 2679 278 2726 Dm
304 2678 372 2725 VEL
404 2678 609 2726 SANCTORVM
640 2677 777 2727 SAEVVM
805 2680 874 2726 AVT
906 2678 1138 2727 ennomosvu
1172 2674 1337 2727 lmrmnrrls
1366 2692 1370 2701 ·

219 2780 381 2839 VIDE'I'VR,
411 2781 623 2829 SALVBRITEB
648 2782 847 2830 Flovmnvu
870 2780 1121 2829 INTELLEGAM.
1159 2784 1207 2830 EX
1229 2779 1337 2830 1¹20ssss

694 2883 797 2931 LIBBO
818 2886 868 2932 111.

144 3020 210 3088 292
262 3020 524 3085 Demonstrandne
553 3026 599 3086 eet
628 3020 726 3106 igitur
754 3024 839 3103 prius
868 3022 977 3086 modus
1006 3021 1212 3087 inueniendee
1234 3020 1360 3087 locuti-¹·

219 3123 296 3201 onie,
324 3123 488 3205 propriane
512 3142 552 3188 en
575 3124 710 3209 figurate
731 3124 783 3191 eit.
814 3130 844 3190 et
868 3127 927 3189 iste
949 3125 1073 3189 omnino
1095 3126 1208 3190 modus
1230 3128 1285 3201 eet,
1305 3124 1335 3186 ui

218 3228 369 3310 quidquid
393 3228 425 3291 in
447 3246 588 3293 eermone
610 3228 716 3294 diuino
731 3227 883 3311 nequead
898 3247 1022 3293 morum
1035 3227 1235 3295 honestatem
1249 3242 1335 3309 neque

218 3331 257 3394 ed
280 3330 353 3395 fidei
375 3332 540 3395 ueritatem
563 3331 685 3413 proprie
706 3330 813 3396 referri
834 3335 935 3414 potest
959 3331 1129 3415 figuratum
1152 3349 1221 3397 esee
1235 3344 1334 3413 cogno

216 3450 293 3498 ecee.
338 3451 460 3498 morum
493 3434 639 3498 honestes
668 3434 707 3500 od
740 3434 934 3517 diligendum
969 3435 1063 3500 deum
1093 3437 1125 3499 et
1159 3435 1331 3516 proximum.

217 3536 290 3603 fidei
312 3537 430 3603 ueritas
452 3540 491 3603 ed
514 3538 759 3621 cognoscendum
781 3538 874 3602 deum
897 3538 1043 3621 pertinet.
1066 3554 1135 3620 epos
1155 3542 1262 3602 eutem
1276 3532 1352 3598 oni-¹⁶

219 3659 278 3725 qne
300 3658 357 3706 ene
379 3644 426 3705 eet
459 3643 492 3705 in
525 3640 709 3707 conscientie
741 3643 874 3724 propria,
908 3641 1170 3723 quemadmodum
1195 3657 1229 3705 eo
1249 3632 1329 3702 sentit

320 3869 337 3922 3
355 3868 388 3924 cf.
407 3869 465 3924 Gel.
484 3871 509 3936 3,
526 3871 561 3924 24
663 3869 680 3922 6
697 3869 731 3926 ci.
749 3868 850 3925 Metth.
870 3868 910 3935 12,
928 3869 945 3922 2
980 3869 1040 3923 Luc.
1060 3869 1084 3935 6,
1103 3869 1119 3923 7

269 4079 441 4149 2pedogogo
463 4079 490 4135 V
576 4081 825 4136 toontemnentom
847 4080 909 4135 GP:
940 4084 1130 4136 contemnente
1153 4080 1180 4136 V
1262 4076 1321 4131 donn

223 4162 257 4218 V:
293 4163 432 4219 dominum
460 4167 515 4220 GP
618 4166 647 4221 11
676 4167 816 4237 pedagogo
843 4166 870 4222 V
970 4166 1003 4221 14
1028 4181 1090 4235 cop.
1118 4152 1322 4223 ccnxxan

217 4247 421 4305 ccoxxxml
446 4250 490 4306 Ge
592 4253 624 4307 15
647 4252 781 4322 praefigit]
806 4251 927 4321 praeficit
950 4269 966 4306 o
1067 4254 1221 4323 propriane]
1240 4241 1322 4321 propri!

216 4349 234 4390 e
332 4334 365 4389 16
382 4352 413 4390 ex
430 4352 541 4405 persone
558 4340 602 4393 dei
619 4341 663 4393 uel
679 4341 835 4394 cunctorum
852 4337 927 4392 MV:
955 4352 1006 4392 om.
1026 4336 1098 4393 61³0
1195 4340 1231 4393 io
1245 4332 1323 4391 noc-

217 4419 305 4489 denm]
329 4435 380 4477 om.
409 4422 447 4476 θ’
549 4423 629 4478 deum
647 4424 723 4478 MV:
756 4425 835 4479 deum
852 4428 880 4478 et
897 4424 1048 4492 proximum
1067 4423 1151 4479 G’Po
1249 4418 1325 4486 oniw

216 4520 265 4561 ene
282 4505 319 4559 M
321 4506 358 4560 V:
388 4523 436 4562 eun
453 4508 549 4577 cuique
568 4510 624 4565 GP
650 4526 699 4565 ene
716 4510 858 4580 unicnique
875 4525 892 4563 o
