2760 4814
186 256 252 323 370
441 320 444 327 ,
665 250 832 322 Eugippus

186 443 415 509 calumniarum
436 442 650 524 seminatores,
674 444 878 509 contentionis
899 462 994 526 quem
1017 445 1159 508 ueritatis
1176 444 1320 527 cupidio-

186 565 256 631 1003
289 547 505 637 inquietudine
534 565 592 612 sua
620 564 681 613 uon
711 546 886 613 admittunt
912 547 1050 629 quietem
1074 547 1207 612 sebbsta
1228 547 1320 629 spiri·

187 650 297 716 talem.
341 655 450 716 contre
484 651 618 716 istorum
654 650 903 733 inquietudinem
924 650 1051 727 dicitur,
1087 656 1251 732 tamquam
1283 654 1321 715 ut

187 752 357 820 sabbatum
377 751 515 819 babeant
535 754 570 818 in
592 752 683 819 corde
696 753 975 819 sanctificationem
997 754 1129 835 spiritus
1144 753 1212 818 dei:
1235 755 1321 818 esto

187 860 420 922 mensuetus
456 856 501 923 ad
538 857 774 922 audiendum
807 857 983 935 uerbum,
1017 864 1060 921 ut
1087 855 1354 941 intellegass

188 959 263 1047 quid
277 959 493 1027 intellecturus
507 962 602 1025 sum?
623 960 719 1026 deum
733 959 909 1026 dicentem:
934 977 1038 1041 „cesse
1050 959 1091 1026 ab
1105 960 1321 1042 inquietudine

188 1065 262 1138 tua;
289 1082 350 1129 nou
371 1064 417 1128 sit
437 1064 595 1130 tumultus
616 1062 744 1146 qnidam
766 1063 798 1128 iu
820 1064 913 1129 conde
934 1068 989 1129 tuo
1010 1082 1067 1147 per
1088 1062 1321 1145 corruptionem

187 1166 397 1234 uolitantibus
419 1166 692 1251 phantasmatibus
707 1169 742 1232 et
756 1167 1059 1250 compungentibus3
1082 1185 1145 1232 non
1158 1166 1234 1232 sit“.
1272 1167 1321 1232 ite

187 1270 282 1335 deum
303 1270 389 1334 enim
403 1270 622 1337 intellecturus
637 1288 670 1334 ee
686 1269 843 1335 dicentem
857 1270 935 1336 tibi:
957 1274 1095 1336 necate
1117 1273 1155 1335 et
1176 1268 1319 1348 uidete,

187 1375 368 1456 quonism
389 1391 459 1456 ego
482 1392 566 1439 snm
588 1371 778 1439 dominns.
807 1376 844 1437 tu
864 1393 920 1456 per
943 1375 1191 1456 inquietudinem
1205 1390 1354 1439 umores

187 1493 250 1541 non
265 1477 323 1553 uis,
339 1476 574 1543 contentionum
589 1480 714 1540 tnmnm
728 1480 926 1559 corruptione
940 1483 1085 1542 ememus
1098 1477 1197 1560 exigis
1211 1476 1321 1541 uidere

187 1577 270 1660 quod
290 1596 353 1643 non
382 1584 480 1663 potes.
517 1579 645 1644 attende
666 1580 751 1645 enim
772 1586 807 1645 et
828 1581 1015 1646 contrariam
1043 1580 1171 1646 tertiam
1192 1580 1320 1663 plagam

187 1680 262 1746 hnic
283 1686 445 1765 praecepto
468 1683 579 1748 tertio:
602 1681 728 1749 scinifes
749 1687 842 1749 netes
864 1686 992 1749 suntin
1014 1686 1099 1750 terre
1121 1684 1260 1767 Aegypti
1281 1683 1320 1748 de

187 1785 273 1851 limo.
303 1802 430 1852 muscae
451 1786 607 1869 quaedem
628 1790 703 1852 suut
724 1787 964 1865 minutissimae,
988 1786 1246 1869 inqudetissimee,
1268 1787 1319 1851 in·

189 1888 331 1955 ordinate
366 1891 545 1969 delibutos,
582 1888 617 1954 in
654 1888 759 1955 oculos
797 1891 962 1969 irruentes,
1000 1908 1064 1955 non
1099 1891 1354 1972 permittentesss

189 1992 346 2059 bominem
366 1993 535 2078 qsdescere,
562 1993 639 2061 dum
660 1992 841 2078 abiguntur,
872 1997 903 2060 et
924 1994 1059 2072 inmunt,
1092 1995 1168 2060 dnm
1189 1992 1320 2061 ebsctae

189 2113 297 2161 rursus
330 2096 457 2175 edeunt,
490 2095 574 2161 sicut
606 2099 732 2163 omnino
765 2115 847 2163 usna
877 2097 1100 2181 phantasmate
1122 2097 1223 2163 cordis
1245 2115 1319 2164 cou-

187 2199 404 2265 tentiosorum.
442 2203 547 2265 tenete
568 2205 778 2284 praeceptum,
803 2204 910 2267 cauete
930 2200 1067 2285 plegem.

228 2301 382 2383 Quartum
418 2307 621 2387 praeceptum
659 2311 726 2369 est:
763 2303 910 2369 honore
945 2308 1096 2389 patrem
1133 2308 1243 2368 tuum
1279 2305 1319 2368 et

185 2408 350 2470 matrem
379 2411 496 2472 tuem.
536 2407 612 2475 huic
639 2407 797 2474 contraria
826 2411 938 2490 quarta
967 2408 1194 2491 Aegyptiorum
1223 2405 1355 2491 plage»

187 2507 349 2591 cynomyia
377 2512 436 2574 est.
479 2511 554 2593 qnid
582 2517 631 2576 est
653 2509 842 2594 cynomyia?
878 2509 991 2577 canina
1012 2528 1133 2586 musca;
1170 2528 1318 2594 graecum

186 2610 375 2676 uocabulum
407 2617 465 2678 est.
502 2613 649 2679 caninum
678 2618 728 2680 est
756 2617 900 2696 pereutes
930 2631 993 2679 uon
1018 2631 1191 2695 agnoscere.
1235 2611 1319 2677 nihil

186 2713 254 2777 tam
276 2713 433 2794 caninum,
456 2734 550 2801 qnam
573 2734 646 2782 oum
668 2717 718 2782 illi
740 2718 792 2801 qui
813 2721 990 2802 genuerunt
1013 2734 1074 2784 non
1095 2720 1318 2800 agnoscuntur.

184 2813 299 2881 merito
322 2821 430 2884 sutem
451 2821 483 2883 et
505 2819 602 2885 catuli
625 2837 737 2886 meum
761 2821 847 2885 cessi
868 2821 1052 2887 nascuntur.

228 2918 380 3000 Quintum
395 2926 597 3009 praeceptum
612 2926 675 2988 ost:
695 2941 769 2988 non
786 2921 1066 2990 moechaberis.
1096 2921 1208 3006 quinta
1222 2920 1355 3004 plagens

285 3089 446 3160 lucello,
467 3094 500 3148 13
586 3094 610 3162 ‚9
628 3092 672 3147 Ps.
690 3094 734 3161 lo,
753 3094 786 3147 11
879 3094 911 3149 13
929 3094 964 3149 cl.
982 3092 1123 3158 unul?
1217 3093 1250 3147 19
1270 3091 1319 3148 Ex.

182 3180 278 3246 uum
380 3179 626 3246 loctunam
728 3179 943 3244 domnula

236 3337 249 3388 1
275 3337 459 3391 contentiones
482 3335 517 3389 P¹
621 3334 813 3389 dedmittunt
834 3334 870 3389 V:
899 3336 934 3389 nd
957 3352 986 3389 se
1007 3335 1158 3390 admittunt
1180 3335 1249 3394 Pus

182 3421 360 3490 quietumPo
446 3420 559 3475 subbata
570 3421 686 3476 P¹Y¹Vz
714 3420 856 3475 sebbetum
868 3421 923 3475 P'o
948 3421 1104 3477 sabbetil'²
1194 3423 1319 3492 spiritale

181 3523 200 3562 o
227 3511 256 3562 et
272 3508 423 3577 spiritalem
440 3511 479 3575 (et
495 3506 561 3563 add.
578 3525 613 3562 sss.
630 3511 660 3572 2)
678 3507 706 3561 P
806 3509 824 3563 6
841 3507 912 3579 sum]
930 3509 1016 3564 simo
1118 3508 1318 3581 inquietudine]

182 3593 329 3663 iniquitate
349 3610 368 3649 o
469 3594 487 3647 8
510 3593 720 3648 fantasmatibus
743 3595 812 3650 PTo
847 3596 879 3637 ft
914 3595 1168 3666 compungentibus]
1189 3611 1319 3665 compun-

181 3678 310 3747 gentibus
327 3683 355 3734 te
372 3680 441 3736 Pus
539 3680 572 3735 12
589 3680 627 3750 et]
645 3697 732 3737 moes
761 3686 794 3737 ι·
830 3681 863 3736 13
880 3682 1001 3751 scyneles
1022 3680 1049 3734 V
1072 3680 1206 3751 sciniphes
1225 3681 1252 3736 T

186 3766 246 3819 nati
265 3765 292 3820 T
385 3766 419 3821 14
434 3766 655 3836 inquietissimus]
673 3783 726 3824 om.
746 3768 783 3823 T'
867 3767 911 3837 pe
927 3767 1071 3824 nolitsntis
1087 3767 1125 3823 1³¹
1218 3768 1319 3838 oculos]

182 3850 286 3906 occulto
302 3850 340 3907 Ρ
427 3852 460 3906 16
478 3852 654 3923 ambiguntur
674 3853 726 3907 Po
788 3852 930 3923 ⁸subsistes]
948 3853 1069 3909 abiectus
1086 3854 1113 3908 P
1206 3853 1238 3909 17
1257 3856 1321 3909 sde-

181 3939 232 3991 unt
253 3936 289 3994 V:
315 3937 430 3993 redeusm
447 3939 517 3994 Pru
620 3938 786 3995 funtumeta
803 3940 873 3995 Pus
954 3939 1010 3996 «20
1027 3941 1112 4010 tunm]
1131 3939 1183 3996 del.
1201 3942 1272 3994 sut
1288 3943 1322 3995 ios

184 4024 210 4078 Τ
292 4025 436 4096 contueris]
455 4024 609 4081 contuiaV
692 4025 800 4095 questu]
819 4027 849 4080 in
866 4030 963 4095 queste
981 4028 1023 4090 (in
1040 4025 1107 4084 cdd.
1124 4028 1204 4091 m.2>
1223 4026 1252 4080 P

180 4110 213 4165 21
233 4110 354 4180 cynomis
370 4111 437 4170 uere
521 4113 664 4182 cynomyia
680 4112 731 4182 est]
750 4128 772 4167 c
791 4112 897 4167 culmo
982 4113 1017 4168 23
1034 4129 1095 4168 cum
1110 4112 1154 4171 illl
1170 4113 1219 4183 qui
1236 4113 1321 4170 PTo:

182 4197 225 4251 illi
243 4197 368 4267 quicum
389 4195 417 4252 V
516 4199 552 4253 24
568 4198 668 4267 sutem]
688 4214 753 4269 ergo
771 4198 841 4255 Pl'o
