2760 4814
252 334 416 403 Excerpta
434 349 468 388 ax
487 350 554 404 opp.
574 334 600 389 S.
619 334 809 404 Augustini
829 332 1003 389 CCLXXXV.
1128 335 1189 400 921

62 524 121 589 hoa
142 524 351 607 perseuerabit
374 543 470 607 usqua
492 524 525 588 in
548 524 650 602 finem,
674 543 731 590 nea
752 543 819 589 eam
841 522 902 588 nisi
917 528 1093 588 manantem
1109 523 1192 589 uitas

63 628 156 693 huius
178 628 300 692 inuenit
322 626 402 692 finis.

106 746 209 813 Maior
231 747 345 831 quippo
367 746 498 812 libertas
520 750 567 811 est
590 748 765 811 necessaria
787 749 935 812 aduersus
959 749 1007 812 tot
1029 749 1062 812 et
1084 749 1191 812 tantas

63 849 274 930 temtationem
305 868 382 932 quaa
409 850 440 913 in
463 849 603 930 paradiso
626 867 686 913 non
720 849 856 927 fuerunt,
891 849 970 914 dono
991 869 1191 932 perseueran-

38 954 128 1020 stiae
159 953 282 1018 munita
312 953 405 1034 atque
436 951 570 1033 firmata,
605 957 640 1016 ut
674 970 746 1016 aum
775 953 917 1018 omnibus
939 953 1106 1030 amoribus,
1129 957 1190 1017 tar-

62 1056 196 1134 roribus,
231 1055 386 1121 erroribus
419 1058 482 1120 suis
513 1056 657 1120 uincatur
680 1056 731 1120 hia
759 1056 902 1120 mundus.
932 1056 991 1121 hoo
1013 1059 1192 1121 sanctorum

64 1159 217 1242 martyria
239 1158 419 1224 docuerunt.
458 1159 591 1241 denique
617 1159 673 1224 illa
695 1161 726 1224 at
748 1161 884 1224 terrenis
905 1160 990 1224 nullo
1013 1163 1046 1224 et
1068 1160 1192 1242 insuper

64 1264 176 1327 contra
204 1261 254 1327 (lai
284 1262 431 1327 torrentis
453 1261 620 1344 imparium
649 1263 745 1328 libero
769 1282 843 1329 usus
867 1262 995 1329 arbitrio
1019 1281 1080 1327 non
1103 1263 1192 1327 stetit

62 1364 98 1429 in
121 1365 211 1430 tanta
233 1364 393 1442 felicitate,
417 1364 450 1428 in
474 1363 561 1428 tanta
577 1383 635 1429 non
654 1366 800 1446 peccandi
816 1364 977 1447 facilitate,
1002 1365 1054 1432 isti
1075 1366 1190 1440 autem,

26 1486 126 1533 ronon
154 1467 221 1532 dico
245 1470 381 1532 terrente
404 1471 530 1543 mundo,
554 1468 607 1532 sed
630 1468 799 1546 saeuiente,
825 1488 863 1533 ns
885 1470 1014 1547 starent,
1038 1470 1192 1532 steterunt

62 1570 96 1634 in
112 1570 183 1635 fids.
215 1589 285 1635 cum
302 1570 422 1636 uideret
437 1571 491 1635 illa
507 1571 586 1636 bona
600 1573 785 1653 praesentia,
807 1590 885 1655 quaa
900 1572 1002 1638 iuerat
1017 1573 1190 1650 relicturus,

61 1672 120 1738 isti
142 1673 250 1738 futura
272 1692 350 1756 quas
365 1673 520 1757 accepturi
536 1673 660 1738 fuerant
679 1694 739 1740 non
755 1675 920 1741 uiderent?
944 1678 1025 1742 unda
1039 1676 1106 1753 hoc,
1129 1673 1190 1739 nisi

63 1777 200 1841 donante
229 1775 285 1840 illo
313 1795 333 1841 a
362 1797 421 1860 quo
450 1777 696 1843 misericordiam
726 1780 882 1843 consecuti
912 1781 995 1854 sunt,
1025 1782 1061 1843 ut
1084 1778 1191 1843 fideles

63 1882 180 1956 assant,
203 1896 303 1961 aquo
326 1886 511 1964 acceperunt
534 1881 681 1964 spiritum
704 1900 764 1946 non
782 1883 915 1963 timoris,
933 1899 991 1965 quo
1007 1900 1190 1964 persequen-

29 1981 150 2046 utibus
185 1983 337 2061 auderent,
371 1983 424 2048 sed
454 1983 582 2048 uirtutis
612 1986 644 2048 et
667 1985 806 2050 caritatis
836 1987 868 2050 et
891 1984 1107 2068 continentiae,
1130 2001 1190 2066 quo

64 2087 180 2149 cuncta
208 2085 373 2162 minantia,
406 2088 519 2150 cuneta
549 2086 726 2162 inuitantia,
757 2091 869 2152 cuncta
901 2087 1073 2151 cruciantia
1100 2104 1191 2169 supa-

63 2190 194 2252 rarent?
216 2187 265 2252 illi
282 2205 354 2272 ergo
376 2190 441 2252 sina
464 2192 588 2272 peccato
612 2189 676 2253 ullo
700 2192 773 2253 data
796 2194 844 2253 est
868 2208 939 2254 sum
963 2208 1024 2272 qua
1046 2188 1190 2253 nonnitus

63 2290 114 2354 ast
136 2290 283 2354 uoluntas
305 2291 411 2370 libera,
436 2297 467 2356 et
490 2310 560 2356 eam
581 2292 655 2357 fecit
677 2293 790 2357 seruire
813 2298 955 2375 peccato;
983 2293 1093 2358 horum
1117 2311 1190 2357 uero

63 2412 137 2459 cum
163 2393 272 2458 fuisset
294 2394 439 2460 uoluntas
461 2414 552 2461 sema
573 2394 704 2478 peceati,
728 2396 859 2461 liberata
880 2398 929 2461 est
949 2414 1005 2478 par
1026 2394 1117 2461 illum
1138 2395 1191 2478 qui

35 2495 163 2561 ndixit:
201 2496 234 2561 si
270 2515 336 2562 uos
377 2497 491 2563 filius
529 2499 780 2581 liberauerit,
818 2500 910 2564 tuna
946 2517 1034 2563 uere
1070 2497 1191 2563 liberi

63 2600 201 2673 uritis,
231 2604 264 2664 et
290 2608 475 2683 acceperunt
504 2603 626 2665 tantam
648 2621 703 2683 per
726 2603 821 2666 istam
844 2602 980 2686 gratiam
1003 2601 1190 2680 libertatem,

63 2704 111 2781 ut,
139 2702 284 2783 quamuis
306 2703 454 2785 quamdiu
478 2703 528 2768 hia
549 2706 661 2769 uiuant
683 2705 822 2787 pugnent
844 2709 953 2769 contra
974 2703 1193 2788 aonaupisaan-

62 2805 127 2869 tias
150 2806 346 2886 peccatorum
371 2807 475 2888 eisque
494 2807 644 2872 nonnulla
660 2807 836 2889 subrepant,
853 2812 978 2890 propter
993 2825 1070 2888 quae
1086 2805 1193 2871 dicant

63 2905 197 2973 cotidie:
229 2906 389 2972 dimitte
418 2908 530 2973 nobis
561 2909 699 2974 debita
720 2914 875 2988 nostra,
898 2929 957 2974 non
980 2910 1084 2974 tamen
1107 2909 1193 2973 ultra

24 3010 209 3075 aser-uiant
237 3013 372 3092 peccato,
397 3013 478 3094 quod
501 3016 547 3077 ast
570 3011 610 3077 ad
633 3017 776 3089 mortem,
800 3013 837 3076 da
859 3031 918 3094 quo
943 3011 1019 3076 diait
1040 3010 1193 3076 Iohannes

64 3112 246 3197 apostolus:
270 3113 330 3178 est
350 3116 556 3194 paccatum
577 3116 621 3180 ad
644 3117 821 3192 mortam,
845 3133 918 3179 non
934 3133 1000 3198 pro
1016 3114 1192 3181 illodiao

63 3217 107 3281 ut
129 3232 169 3281 ro
177 3220 252 3301 gat.
290 3218 328 3282 da
351 3236 410 3300 quo
432 3219 569 3301 peccato,
597 3219 742 3300 quoniam
764 3235 825 3283 non
848 3236 1027 3302 expressum
1049 3220 1105 3295 est,
1122 3235 1192 3299 pos·

168 3420 457 3487 lacrimatas
548 3420 633 3476 1511.
652 3420 768 3478 lirim.
788 3421 845 3488 1,1
940 3420 1029 3475 2010.
1048 3420 1125 3488 8,36

65 3506 101 3561 24
116 3504 262 3571 11111116,
282 3506 315 3561 12
417 3506 451 3561 26
472 3506 588 3572 110.5,
608 3508 640 3562 16

118 3710 336 3779 lparssuarauit
354 3711 381 3765 P
482 3684 590 3766 alitro
609 3711 635 3777 (a
652 3711 717 3765 add.
736 3729 770 3767 m.
788 3715 820 3781 2)
838 3712 865 3768 P
968 3678 1057 3767 ariirio
1077 3712 1111 3778 (it
1127 3711 1192 3765 udat

67 3811 100 3849 ιι
118 3798 150 3865 2)
175 3796 205 3851 P
305 3797 337 3850 11
361 3811 429 3865 quaa
446 3797 672 3853 fuerat-futura
690 3798 756 3853 GP:
787 3814 838 3855 om.
864 3798 890 3852 V
989 3799 1022 3853 12
1045 3797 1094 3851 isti
1115 3797 1192 3853 0¹1³:

68 3882 118 3935 ists
145 3880 184 3938 θ’
287 3882 322 3936 14
347 3882 501 3951 acciperunt
530 3883 555 3938 V
582 3887 736 3953 acceperant
763 3885 791 3938 P
894 3884 927 3938 11
955 3883 1013 3938 ullo
1042 3883 1107 3940 GP:
1136 3882 1194 3937 ulla

72 3963 98 4020 V
198 3966 269 4037 aum]
288 3966 399 4036 qumV
500 3968 532 4022 21
557 3973 713 4038 amapamnt
736 3969 813 4024 P’V:
843 3970 946 4039 accepit
966 3969 1030 4026 01³¹
1133 3971 1193 4021 tan·

67 4088 123 4143 tam
146 4086 200 4144 P¹=
228 4090 346 4142 tamtam
373 4087 399 4141 V
431 4090 540 4144 tantum
565 4089 629 4145 01³¹
733 4090 767 4145 22
789 4090 886 4146 uiuant
910 4090 947 4144 V:
976 4062 1058 4144 uiant
1081 4093 1110 4155 (u
1128 4086 1193 4142 aaa

67 4189 100 4227 n.
118 4176 151 4243 2)
173 4172 230 4229 GP
314 4178 436 4244 pugnant
455 4175 520 4230 GP:
547 4191 596 4231 orn.
621 4177 647 4231 V
734 4176 768 4231 25
786 4181 891 4246 peceato
913 4178 948 4232 V:
974 4178 1082 4247 pearata
1099 4175 1127 4231 P

66 4258 100 4315 as
117 4259 264 4329 psalmon
285 4259 312 4314 V
