2760 4814
284 374 447 445 Excerpta
464 390 501 431 cx
519 392 587 446 opp.
605 376 632 432 S.
650 377 836 447 Augustini
854 377 971 435 eccm.
988 378 1121 436 cccnn.
1200 381 1264 448 979

142 566 300 632 infelicem
320 565 482 644 exclamat,
502 565 634 650 lugendo
651 565 798 650 implorat
814 568 1012 634 consolatoris
1028 568 1188 649 auxilium,
1204 589 1262 637 neo

141 671 291 754 paruulus
324 671 372 734 est
403 669 443 734 ad
476 669 701 736 beatitudinem
737 687 876 735 accessus
915 672 1049 755 cognitio
1072 672 1265 739 infelicitatis

140 792 225 856 suae,
250 777 281 838 et
303 775 369 839 ideo
393 772 501 837 beati
523 774 620 839 etiam
642 773 843 859 lugentes,
876 776 1057 857 quoniam
1079 776 1155 858 ipsi
1178 793 1266 841 con·

140 876 391 942 solabantur.

118 1212 133 1252 a
472 1252 475 1257 ,
621 1162 783 1248 cccliii.

139 1373 187 1420 DE
216 1373 262 1422 EO
292 1373 386 1433 QVOD
416 1372 569 1422 nonssrws
598 1374 668 1420 alu:
699 1372 806 1421 onim
836 1374 1018 1421 PETENTI
1040 1376 1088 1422 ΤΕ
1111 1376 1174 1423 ΒΔ.
1219 1377 1266 1425 Ex

575 1476 694 1525 EODEM
719 1476 832 1525 LIBRO.

184 1613 296 1680 Omni
325 1614 482 1696 petenti
509 1615 562 1689 te,
590 1614 703 1697 inquit,
727 1616 788 1696 da,
810 1633 873 1680 non
896 1617 999 1681 omnia
1021 1616 1151 1698 petenti,
1174 1620 1210 1682 ut
1231 1618 1336 1687 iaaac

139 1719 193 1783 des
215 1716 296 1800 qnod
311 1717 379 1784 dari
401 1718 530 1784 honeste
550 1722 582 1783 et
602 1718 685 1784 iuste
707 1722 821 1803 potest.
852 1718 936 1801 quid,
959 1719 987 1783 si
1003 1719 1085 1783 enim
1101 1719 1264 1801 pecuniam

103 1822 237 1904 repetat,
271 1839 331 1903 qua
363 1823 559 1886 innocentem
588 1825 716 1887 conetur
746 1823 908 1888 occidere?
940 1823 1023 1906 quid,
1056 1822 1083 1886 si
1106 1824 1263 1904 postremo

138 1928 285 2008 stuprum
299 1926 409 2006 petat?
431 1924 538 1990 sedne
561 1925 663 1991 multa
685 1943 861 2009 persequar,
888 1944 967 2008 quae
988 1930 1062 1991 sunt
1083 1923 1262 1989 innumera·

137 2029 224 2105 bilia,
248 2027 279 2094 id
300 2027 435 2112 profecto
457 2027 594 2093 dandum
617 2034 665 2095 est
687 2032 767 2113 quod
789 2047 846 2095 noc
867 2029 927 2093 tibi
950 2047 1006 2094 nec
1028 2026 1121 2094 alteri
1143 2030 1261 2104 noceat,

137 2136 294 2216 quantum
316 2131 390 2196 sciri
413 2131 468 2195 aut
490 2132 573 2196 credi
594 2132 633 2198 ab
656 2132 782 2197 homine
804 2133 917 2215 potest,
941 2136 973 2197 et
994 2131 1044 2197 cui
1066 2131 1149 2197 iuste
1167 2149 1262 2215 nega·

136 2237 220 2300 uaris
242 2236 322 2318 quod
344 2235 433 2316 petit,
449 2234 613 2301 indicanda
628 2236 674 2301 est
689 2238 758 2318 ipsa
773 2234 906 2314 iustitia,
922 2239 1034 2301 utnon
1049 2254 1120 2300 eum
1137 2236 1262 2301 inanem

99 2337 292 2403 redimittas.
329 2337 375 2402 ita
402 2339 487 2403 omni
514 2340 635 2420 petenti
657 2340 690 2403 ts
712 2338 811 2417 dabis,
834 2341 977 2422 quamuis
998 2357 1061 2404 non
1082 2356 1203 2421 semper
1225 2338 1258 2403 id

136 2441 219 2523 qnod
252 2440 333 2522 petit
367 2440 471 2524 dabis3
508 2442 539 2505 et
570 2441 734 2525 aliquando
767 2442 881 2507 melius
915 2440 1033 2524 aliquid
1062 2440 1160 2519 dabis,
1191 2459 1261 2506 cum

135 2548 297 2628 petentem
320 2548 352 2609 te
377 2543 494 2608 iniusta
516 2545 691 2610 correxeris.

180 2664 269 2745 Quod
284 2666 389 2731 autem
411 2667 470 2731 ait:
486 2665 552 2748 qui
575 2666 750 2731 uoluerit
775 2683 793 2730 a
816 2668 853 2729 te
875 2665 1061 2744 mutuari,
1085 2684 1131 2730 ne
1152 2682 1260 2730 auer-

135 2770 249 2835 satus
272 2769 410 2847 fuaris‚
433 2770 472 2834 ad
493 2768 633 2834 animum
656 2767 855 2834 referendum
877 2770 934 2834 est.
964 2768 1133 2834 hilarem
1155 2766 1260 2833 enim

98 2875 311 2941 sedatorem
333 2871 478 2953 diligit
498 2871 606 2937 deus.
635 2875 800 2936 mutuatur
814 2871 921 2936 autem
937 2870 1049 2950 omnis,
1065 2869 1118 2951 qui
1134 2870 1260 2951 accipit,

134 2975 231 3042 etiarn
255 2975 282 3040 si
303 2992 365 3039 non
387 2974 451 3057 ipse
473 2973 630 3039 soluturus
647 2978 704 3038 est.
734 2991 806 3039 cum
820 2974 904 3039 enim
920 2972 1169 3040 misericordibus
1184 2971 1260 3037 deus

135 3079 226 3162 plura
249 3077 403 3157 restituat,
427 3077 527 3142 omnis
550 3075 604 3159 qui
627 3075 814 3141 beneficium
836 3077 975 3160 praestat
997 3076 1183 3141 foeneratur.

237 3315 254 3369 a
272 3313 372 3370 nacon.
390 3314 415 3381 a,
433 3315 451 3367 4
531 3316 548 3368 a
566 3316 604 3380 (et
622 3316 664 3383 re)
683 3314 781 3369 nach.
799 3316 824 3382 a,
842 3315 876 3369 42
958 3315 990 3368 ra
1008 3313 1037 3368 11
1055 3313 1115 3368 cor.
1132 3312 1157 3378 e,
1175 3310 1191 3365 r

167 3538 185 3592 2
203 3537 331 3607 paruulus
348 3538 383 3591 V:
410 3552 507 3604 paruus
522 3536 575 3591 GP
665 3536 682 3589 5
699 3550 759 3604 cap.
771 3534 899 3590 cccxxl
920 3533 980 3597 Gv;
1007 3548 1082 3587 num.
1095 3548 1145 3587 om.
1164 3534 1191 3587 P

133 3625 201 3679 tide
219 3640 250 3678 eo
270 3623 337 3679 GV:
370 3623 417 3677 deo
439 3622 467 3676 P
568 3622 747 3676 sitdominus
772 3622 826 3677 GP
929 3620 1058 3674 leodem
1077 3619 1155 3690 libro]
1174 3620 1258 3677 lribrc

133 3712 192 3778 (eie)
212 3710 244 3764 de
268 3725 386 3763 sermone
408 3709 508 3762 domini
534 3710 562 3761 in
584 3711 674 3762 monte
700 3707 729 3760 P
846 3708 863 3761 9
889 3706 947 3759 dari
975 3706 1010 3760 V:
1046 3706 1108 3758 dare
1137 3706 1192 3761 GP

132 3798 223 3864 potest
247 3796 358 3864 acrspsi:
389 3799 463 3863 potes
491 3793 576 3849 GPV
677 3794 709 3848 13
731 3793 774 3847 cni
791 3795 861 3847 insta
886 3793 936 3848 6³:
966 3791 1041 3846 cuius
1058 3792 1086 3845 te
1106 3791 1160 3847 GP
1187 3794 1258 3861 quod

132 3882 203 3936 inste
226 3880 251 3935 V
