<?xml version="1.0" encoding="UTF-8"?>
<!DOCTYPE html PUBLIC "-//W3C//DTD XHTML 1.0 Transitional//EN"
    "http://www.w3.org/TR/xhtml1/DTD/xhtml1-transitional.dtd">
<html xmlns="http://www.w3.org/1999/xhtml" xml:lang="en" lang="en">
 <head>
  <title>
</title>
<meta http-equiv="Content-Type" content="text/html;charset=utf-8" />
  <meta name='ocr-system' content='tesseract 3.04.00' />
  <meta name='ocr-capabilities' content='ocr_page ocr_carea ocr_par ocr_line ocrx_word'/>
</head>
<body>
  <div class='ocr_page' id='page_1' title='image "./evgippiiexcerpt00kngoog/evgippiiexcerpt00kngoog_1006.png"; bbox 0 0 2760 4814; ppageno 0'>
   <div class='ocr_carea' id='block_1_1' title="bbox 281 309 1185 381">
    <p class='ocr_par' dir='ltr' id='par_1_1' title="bbox 281 309 1185 381">
     <span class='ocr_line' id='line_1_1' title="bbox 281 309 1185 381; baseline 0.01 -18"><span class='ocrx_word' id='word_1_1' title='bbox 281 309 447 379; x_wconf 86' lang='lat' dir='ltr'>Excerpte</span> <span class='ocrx_word' id='word_1_2' title='bbox 464 325 501 364; x_wconf 88' lang='lat' dir='ltr'>ex</span> <span class='ocrx_word' id='word_1_3' title='bbox 517 326 586 381; x_wconf 92' lang='lat' dir='ltr'>opp.</span> <span class='ocrx_word' id='word_1_4' title='bbox 606 310 632 364; x_wconf 86' lang='lat' dir='ltr'>S.</span> <span class='ocrx_word' id='word_1_5' title='bbox 652 311 840 381; x_wconf 78' lang='lat' dir='ltr'>Augustini</span> <span class='ocrx_word' id='word_1_6' title='bbox 864 310 960 368; x_wconf 66' lang='lat' dir='ltr'>otcv.</span> <span class='ocrx_word' id='word_1_7' title='bbox 1121 315 1185 381; x_wconf 86' lang='lat'>983</span> 
     </span>
    </p>
   </div>
   <div class='ocr_carea' id='block_1_2' title="bbox 39 501 1187 1082">
    <p class='ocr_par' dir='ltr' id='par_1_2' title="bbox 57 501 1187 894">
     <span class='ocr_line' id='line_1_2' title="bbox 57 501 1187 583; baseline -0.001 -16"><span class='ocrx_word' id='word_1_8' title='bbox 57 504 180 580; x_wconf 88' lang='lat' dir='ltr'>centur,</span> <span class='ocrx_word' id='word_1_9' title='bbox 203 502 286 566; x_wconf 89' lang='lat' dir='ltr'>sicut</span> <span class='ocrx_word' id='word_1_10' title='bbox 308 504 450 583; x_wconf 88' lang='lat' dir='ltr'>superius</span> <span class='ocrx_word' id='word_1_11' title='bbox 471 503 643 568; x_wconf 88' lang='lat' dir='ltr'>tractatum</span> <span class='ocrx_word' id='word_1_12' title='bbox 666 502 723 567; x_wconf 90' lang='lat' dir='ltr'>est.</span> <span class='ocrx_word' id='word_1_13' title='bbox 758 501 827 568; x_wconf 88' lang='lat' dir='ltr'>laus</span> <span class='ocrx_word' id='word_1_14' title='bbox 851 501 936 567; x_wconf 92' lang='lat' dir='ltr'>enim</span> <span class='ocrx_word' id='word_1_15' title='bbox 956 501 1094 567; x_wconf 86' lang='lat' dir='ltr'>hnmana</span> <span class='ocrx_word' id='word_1_16' title='bbox 1123 520 1187 567; x_wconf 90' lang='lat' dir='ltr'>non</span> 
     </span>
     <span class='ocr_line' id='line_1_3' title="bbox 61 603 1186 687; baseline 0.001 -18"><span class='ocrx_word' id='word_1_17' title='bbox 61 605 169 687; x_wconf 86' lang='lat' dir='ltr'>appeti</span> <span class='ocrx_word' id='word_1_18' title='bbox 197 608 319 669; x_wconf 86' lang='lat' dir='ltr'>erecto</span> <span class='ocrx_word' id='word_1_19' title='bbox 348 605 491 684; x_wconf 77' lang='lat' dir='ltr'>faciente,</span> <span class='ocrx_word' id='word_1_20' title='bbox 526 603 579 670; x_wconf 90' lang='lat' dir='ltr'>sed</span> <span class='ocrx_word' id='word_1_21' title='bbox 608 605 696 687; x_wconf 87' lang='lat' dir='ltr'>sequi</span> <span class='ocrx_word' id='word_1_22' title='bbox 723 603 815 669; x_wconf 89' lang='lat' dir='ltr'>debet</span> <span class='ocrx_word' id='word_1_23' title='bbox 836 608 920 670; x_wconf 86' lang='lat' dir='ltr'>reate</span> <span class='ocrx_word' id='word_1_24' title='bbox 941 603 1117 684; x_wconf 81' lang='lat' dir='ltr'>facientem,</span> <span class='ocrx_word' id='word_1_25' title='bbox 1150 606 1186 670; x_wconf 90' lang='lat' dir='ltr'>ut</span> 
     </span>
     <span class='ocr_line' id='line_1_4' title="bbox 61 705 1187 791; baseline 0.002 -21"><span class='ocrx_word' id='word_1_26' title='bbox 61 705 110 772; x_wconf 92' lang='lat' dir='ltr'>illi</span> <span class='ocrx_word' id='word_1_27' title='bbox 131 706 296 791; x_wconf 86' lang='lat' dir='ltr'>proficiant</span> <span class='ocrx_word' id='word_1_28' title='bbox 316 708 370 790; x_wconf 90' lang='lat' dir='ltr'>qni</span> <span class='ocrx_word' id='word_1_29' title='bbox 392 709 489 773; x_wconf 89' lang='lat' dir='ltr'>etiam</span> <span class='ocrx_word' id='word_1_30' title='bbox 512 707 631 772; x_wconf 84' lang='lat' dir='ltr'>imitari</span> <span class='ocrx_word' id='word_1_31' title='bbox 652 712 778 790; x_wconf 90' lang='lat' dir='ltr'>possunt</span> <span class='ocrx_word' id='word_1_32' title='bbox 801 710 881 789; x_wconf 89' lang='lat' dir='ltr'>qnod</span> <span class='ocrx_word' id='word_1_33' title='bbox 905 707 1043 787; x_wconf 87' lang='lat' dir='ltr'>laudant,</span> <span class='ocrx_word' id='word_1_34' title='bbox 1067 724 1128 772; x_wconf 93' lang='lat' dir='ltr'>non</span> <span class='ocrx_word' id='word_1_35' title='bbox 1150 711 1187 772; x_wconf 86' lang='lat' dir='ltr'>ot</span> 
     </span>
     <span class='ocr_line' id='line_1_5' title="bbox 62 809 1187 894; baseline 0.002 -21"><span class='ocrx_word' id='word_1_36' title='bbox 62 809 114 876; x_wconf 90' lang='lat' dir='ltr'>hic</span> <span class='ocrx_word' id='word_1_37' title='bbox 135 810 225 894; x_wconf 89' lang='lat' dir='ltr'>putet</span> <span class='ocrx_word' id='word_1_38' title='bbox 246 810 365 892; x_wconf 89' lang='lat' dir='ltr'>aliquid</span> <span class='ocrx_word' id='word_1_39' title='bbox 387 828 437 877; x_wconf 91' lang='lat' dir='ltr'>cos</span> <span class='ocrx_word' id='word_1_40' title='bbox 459 810 520 876; x_wconf 90' lang='lat' dir='ltr'>sibi</span> <span class='ocrx_word' id='word_1_41' title='bbox 548 809 691 893; x_wconf 77' lang='lat' dir='ltr'>prodesse</span> <span class='ocrx_word' id='word_1_42' title='bbox 713 829 806 893; x_wconf 90' lang='lat' dir='ltr'>quem</span> <span class='ocrx_word' id='word_1_43' title='bbox 829 810 969 876; x_wconf 85' lang='lat' dir='ltr'>laudent.</span> <span class='ocrx_word' id='word_1_44' title='bbox 999 814 1036 874; x_wconf 90' lang='lat' dir='ltr'>ta</span> <span class='ocrx_word' id='word_1_45' title='bbox 1058 815 1187 875; x_wconf 90' lang='lat' dir='ltr'>antem</span> 
     </span>
    </p>

    <p class='ocr_par' dir='ltr' id='par_1_3' title="bbox 39 912 1187 1082">
     <span class='ocr_line' id='line_1_6' title="bbox 39 912 1187 998; baseline -0.001 -19"><span class='ocrx_word' id='word_1_46' title='bbox 39 914 240 979; x_wconf 78' lang='lat' dir='ltr'>elacionte</span> <span class='ocrx_word' id='word_1_47' title='bbox 270 914 532 998; x_wconf 79' lang='lat' dir='ltr'>elemosynam</span> <span class='ocrx_word' id='word_1_48' title='bbox 561 932 634 979; x_wconf 92' lang='lat' dir='ltr'>non</span> <span class='ocrx_word' id='word_1_49' title='bbox 664 914 766 979; x_wconf 87' lang='lat' dir='ltr'>sciat</span> <span class='ocrx_word' id='word_1_50' title='bbox 787 913 956 979; x_wconf 79' lang='lat' dir='ltr'>sinistre</span> <span class='ocrx_word' id='word_1_51' title='bbox 983 915 1069 991; x_wconf 87' lang='lat' dir='ltr'>tue,</span> <span class='ocrx_word' id='word_1_52' title='bbox 1093 912 1187 995; x_wconf 90' lang='lat' dir='ltr'>quid</span> 
     </span>
     <span class='ocr_line' id='line_1_7' title="bbox 64 1016 473 1082; baseline -0.002 -1"><span class='ocrx_word' id='word_1_53' title='bbox 64 1016 188 1081; x_wconf 79' lang='lat' dir='ltr'>faciet</span> <span class='ocrx_word' id='word_1_54' title='bbox 211 1017 374 1082; x_wconf 84' lang='lat' dir='ltr'>dextera</span> <span class='ocrx_word' id='word_1_55' title='bbox 395 1021 473 1082; x_wconf 87' lang='lat' dir='ltr'>tna.</span> 
     </span>
    </p>
   </div>
   <div class='ocr_carea' id='block_1_3' title="bbox 32 1135 1267 1942">
    <p class='ocr_par' dir='ltr' id='par_1_4' title="bbox 62 1135 1267 1435">
     <span class='ocr_line' id='line_1_8' title="bbox 106 1135 1186 1221; baseline 0 -19"><span class='ocrx_word' id='word_1_56' title='bbox 106 1135 195 1202; x_wconf 85' lang='lat' dir='ltr'>Nihil</span> <span class='ocrx_word' id='word_1_57' title='bbox 218 1137 456 1221; x_wconf 88' lang='lat' dir='ltr'>consequentius</span> <span class='ocrx_word' id='word_1_58' title='bbox 478 1137 605 1203; x_wconf 89' lang='lat' dir='ltr'>sinistre</span> <span class='ocrx_word' id='word_1_59' title='bbox 627 1138 751 1204; x_wconf 87' lang='lat' dir='ltr'>uidetur</span> <span class='ocrx_word' id='word_1_60' title='bbox 772 1137 949 1220; x_wconf 77' lang='lat' dir='ltr'>significare</span> <span class='ocrx_word' id='word_1_61' title='bbox 970 1156 1064 1219; x_wconf 87' lang='lat' dir='ltr'>quam</span> <span class='ocrx_word' id='word_1_62' title='bbox 1086 1138 1186 1220; x_wconf 83' lang='lat' dir='ltr'>ipsam</span> 
     </span>
     <span class='ocr_line' id='line_1_9' title="bbox 63 1239 1186 1326; baseline 0.001 -22"><span class='ocrx_word' id='word_1_63' title='bbox 63 1239 298 1306; x_wconf 78' lang='lat' dir='ltr'>delectationem</span> <span class='ocrx_word' id='word_1_64' title='bbox 320 1242 432 1307; x_wconf 88' lang='lat' dir='ltr'>laudis.</span> <span class='ocrx_word' id='word_1_65' title='bbox 463 1242 571 1307; x_wconf 79' lang='lat' dir='ltr'>dextre</span> <span class='ocrx_word' id='word_1_66' title='bbox 592 1246 698 1307; x_wconf 88' lang='lat' dir='ltr'>eutem</span> <span class='ocrx_word' id='word_1_67' title='bbox 720 1241 877 1326; x_wconf 85' lang='lat' dir='ltr'>significat</span> <span class='ocrx_word' id='word_1_68' title='bbox 898 1241 1105 1305; x_wconf 89' lang='lat' dir='ltr'>intentionem</span> <span class='ocrx_word' id='word_1_69' title='bbox 1125 1240 1186 1305; x_wconf 92' lang='lat' dir='ltr'>im·</span> 
     </span>
     <span class='ocr_line' id='line_1_10' title="bbox 62 1343 1267 1435; baseline -0.005 -28"><span class='ocrx_word' id='word_1_70' title='bbox 62 1343 171 1425; x_wconf 89' lang='lat' dir='ltr'>plendi</span> <span class='ocrx_word' id='word_1_71' title='bbox 207 1349 370 1426; x_wconf 88' lang='lat' dir='ltr'>praecepta</span> <span class='ocrx_word' id='word_1_72' title='bbox 403 1345 519 1410; x_wconf 88' lang='lat' dir='ltr'>diuina.</span> <span class='ocrx_word' id='word_1_73' title='bbox 554 1363 624 1409; x_wconf 90' lang='lat' dir='ltr'>cum</span> <span class='ocrx_word' id='word_1_74' title='bbox 658 1345 764 1427; x_wconf 88' lang='lat' dir='ltr'>itaque</span> <span class='ocrx_word' id='word_1_75' title='bbox 801 1343 1007 1409; x_wconf 88' lang='lat' dir='ltr'>conscientiae</span> <span class='ocrx_word' id='word_1_76' title='bbox 1044 1343 1186 1435; x_wconf 82' lang='lat' dir='ltr'>facientis</span> <span class='ocrx_word' id='word_1_77' title='bbox 1264 1396 1267 1401; x_wconf 90' lang='lat'>.</span> 
     </span>
    </p>

    <p class='ocr_par' dir='ltr' id='par_1_5' title="bbox 32 1445 1187 1942">
     <span class='ocr_line' id='line_1_11' title="bbox 32 1445 1187 1530; baseline 0.001 -19"><span class='ocrx_word' id='word_1_78' title='bbox 32 1447 270 1529; x_wconf 79' lang='lat' dir='ltr'>eelemosynam</span> <span class='ocrx_word' id='word_1_79' title='bbox 299 1450 411 1513; x_wconf 89' lang='lat' dir='ltr'>miscet</span> <span class='ocrx_word' id='word_1_80' title='bbox 439 1468 472 1513; x_wconf 89' lang='lat' dir='ltr'>se</span> <span class='ocrx_word' id='word_1_81' title='bbox 494 1448 645 1530; x_wconf 86' lang='lat' dir='ltr'>appetitio</span> <span class='ocrx_word' id='word_1_82' title='bbox 677 1447 780 1513; x_wconf 91' lang='lat' dir='ltr'>laudis</span> <span class='ocrx_word' id='word_1_83' title='bbox 804 1448 968 1527; x_wconf 87' lang='lat' dir='ltr'>humanae,</span> <span class='ocrx_word' id='word_1_84' title='bbox 998 1445 1034 1510; x_wconf 89' lang='lat' dir='ltr'>fit</span> <span class='ocrx_word' id='word_1_85' title='bbox 1057 1445 1187 1512; x_wconf 89' lang='lat' dir='ltr'>sinistra</span> 
     </span>
     <span class='ocr_line' id='line_1_12' title="bbox 62 1549 1187 1637; baseline -0.002 -22"><span class='ocrx_word' id='word_1_86' title='bbox 62 1551 187 1615; x_wconf 78' lang='lat' dir='ltr'>meseia</span> <span class='ocrx_word' id='word_1_87' title='bbox 197 1550 296 1631; x_wconf 88' lang='lat' dir='ltr'>operis</span> <span class='ocrx_word' id='word_1_88' title='bbox 307 1552 441 1616; x_wconf 84' lang='lat' dir='ltr'>dextrae.</span> <span class='ocrx_word' id='word_1_89' title='bbox 459 1552 578 1615; x_wconf 87' lang='lat' dir='ltr'>nesciat</span> <span class='ocrx_word' id='word_1_90' title='bbox 592 1568 664 1633; x_wconf 83' lang='lat' dir='ltr'>ergo</span> <span class='ocrx_word' id='word_1_91' title='bbox 679 1550 849 1615; x_wconf 87' lang='lat' dir='ltr'>sinistra</span> <span class='ocrx_word' id='word_1_92' title='bbox 864 1557 940 1625; x_wconf 90' lang='lat' dir='ltr'>tue,</span> <span class='ocrx_word' id='word_1_93' title='bbox 956 1551 1048 1633; x_wconf 89' lang='lat' dir='ltr'>quid</span> <span class='ocrx_word' id='word_1_94' title='bbox 1064 1549 1187 1637; x_wconf 77' lang='lat' dir='ltr'>iaciat</span> 
     </span>
     <span class='ocr_line' id='line_1_13' title="bbox 63 1652 1187 1728; baseline -0.001 -10"><span class='ocrx_word' id='word_1_95' title='bbox 63 1654 224 1718; x_wconf 82' lang='lat' dir='ltr'>dextere</span> <span class='ocrx_word' id='word_1_96' title='bbox 246 1655 325 1728; x_wconf 86' lang='lat' dir='ltr'>tua,</span> <span class='ocrx_word' id='word_1_97' title='bbox 348 1653 381 1719; x_wconf 91' lang='lat' dir='ltr'>id</span> <span class='ocrx_word' id='word_1_98' title='bbox 404 1658 468 1718; x_wconf 86' lang='lat' dir='ltr'>est:</span> <span class='ocrx_word' id='word_1_99' title='bbox 492 1672 551 1717; x_wconf 92' lang='lat' dir='ltr'>non</span> <span class='ocrx_word' id='word_1_100' title='bbox 567 1672 600 1718; x_wconf 90' lang='lat' dir='ltr'>se</span> <span class='ocrx_word' id='word_1_101' title='bbox 622 1653 754 1719; x_wconf 86' lang='lat' dir='ltr'>misceat</span> <span class='ocrx_word' id='word_1_102' title='bbox 776 1655 981 1718; x_wconf 86' lang='lat' dir='ltr'>conscientiae</span> <span class='ocrx_word' id='word_1_103' title='bbox 997 1672 1071 1718; x_wconf 86' lang='lat' dir='ltr'>suae</span> <span class='ocrx_word' id='word_1_104' title='bbox 1087 1652 1187 1717; x_wconf 90' lang='lat' dir='ltr'>laudis</span> 
     </span>
     <span class='ocr_line' id='line_1_14' title="bbox 62 1756 1187 1840; baseline 0.001 -21"><span class='ocrx_word' id='word_1_105' title='bbox 62 1757 216 1820; x_wconf 89' lang='lat' dir='ltr'>humanae</span> <span class='ocrx_word' id='word_1_106' title='bbox 228 1756 386 1839; x_wconf 88' lang='lat' dir='ltr'>appetitio,</span> <span class='ocrx_word' id='word_1_107' title='bbox 401 1774 472 1821; x_wconf 89' lang='lat' dir='ltr'>eum</span> <span class='ocrx_word' id='word_1_108' title='bbox 488 1757 666 1840; x_wconf 89' lang='lat' dir='ltr'>elemosyna</span> <span class='ocrx_word' id='word_1_109' title='bbox 679 1756 821 1821; x_wconf 80' lang='lat' dir='ltr'>iacienda</span> <span class='ocrx_word' id='word_1_110' title='bbox 834 1756 976 1820; x_wconf 88' lang='lat' dir='ltr'>diuinum</span> <span class='ocrx_word' id='word_1_111' title='bbox 989 1757 1187 1839; x_wconf 88' lang='lat' dir='ltr'>praeceptum</span> 
     </span>
     <span class='ocr_line' id='line_1_15' title="bbox 63 1858 392 1942; baseline -0.009 -18"><span class='ocrx_word' id='word_1_112' title='bbox 63 1858 227 1924; x_wconf 89' lang='lat' dir='ltr'>contendis</span> <span class='ocrx_word' id='word_1_113' title='bbox 251 1858 392 1942; x_wconf 87' lang='lat' dir='ltr'>implere.</span> 
     </span>
    </p>
   </div>
   <div class='ocr_carea' id='block_1_4' title="bbox 27 1977 1187 2372">
    <p class='ocr_par' dir='ltr' id='par_1_6' title="bbox 27 1977 1187 2372">
     <span class='ocr_line' id='line_1_16' title="bbox 27 1977 1187 2063; baseline 0.005 -26"><span class='ocrx_word' id='word_1_114' title='bbox 27 1998 54 2041; x_wconf 80' lang='grc' dir='ltr'>ιι</span> <span class='ocrx_word' id='word_1_115' title='bbox 107 1977 159 2043; x_wconf 82' lang='lat' dir='ltr'>Vt</span> <span class='ocrx_word' id='word_1_116' title='bbox 186 1977 241 2042; x_wconf 90' lang='lat' dir='ltr'>sit</span> <span class='ocrx_word' id='word_1_117' title='bbox 269 1979 493 2063; x_wconf 90' lang='lat' dir='ltr'>elemosyna</span> <span class='ocrx_word' id='word_1_118' title='bbox 521 1984 585 2044; x_wconf 90' lang='lat' dir='ltr'>tua</span> <span class='ocrx_word' id='word_1_119' title='bbox 618 1981 657 2043; x_wconf 90' lang='lat' dir='ltr'>in</span> <span class='ocrx_word' id='word_1_120' title='bbox 685 1979 930 2045; x_wconf 86' lang='lat' dir='ltr'>abscondito.</span> <span class='ocrx_word' id='word_1_121' title='bbox 971 1978 1046 2062; x_wconf 91' lang='lat' dir='ltr'>qnid</span> <span class='ocrx_word' id='word_1_122' title='bbox 1074 1984 1121 2045; x_wconf 88' lang='lat' dir='ltr'>est</span> <span class='ocrx_word' id='word_1_123' title='bbox 1149 1980 1187 2043; x_wconf 91' lang='lat' dir='ltr'>in</span> 
     </span>
     <span class='ocr_line' id='line_1_17' title="bbox 63 2079 1187 2166; baseline 0 -20"><span class='ocrx_word' id='word_1_124' title='bbox 63 2079 304 2161; x_wconf 88' lang='lat' dir='ltr'>abscondito,</span> <span class='ocrx_word' id='word_1_125' title='bbox 325 2082 385 2148; x_wconf 91' lang='lat' dir='ltr'>nisi</span> <span class='ocrx_word' id='word_1_126' title='bbox 401 2084 431 2147; x_wconf 89' lang='lat' dir='ltr'>in</span> <span class='ocrx_word' id='word_1_127' title='bbox 447 2082 514 2165; x_wconf 89' lang='lat' dir='ltr'>ipsa</span> <span class='ocrx_word' id='word_1_128' title='bbox 529 2086 609 2148; x_wconf 91' lang='lat' dir='ltr'>bona</span> <span class='ocrx_word' id='word_1_129' title='bbox 624 2083 820 2163; x_wconf 86' lang='lat' dir='ltr'>conscientia,</span> <span class='ocrx_word' id='word_1_130' title='bbox 838 2102 915 2166; x_wconf 88' lang='lat' dir='ltr'>quae</span> <span class='ocrx_word' id='word_1_131' title='bbox 930 2081 1074 2147; x_wconf 88' lang='lat' dir='ltr'>humenis</span> <span class='ocrx_word' id='word_1_132' title='bbox 1091 2082 1187 2148; x_wconf 90' lang='lat' dir='ltr'>oculis</span> 
     </span>
     <span class='ocr_line' id='line_1_18' title="bbox 63 2184 1187 2269; baseline 0.001 -20"><span class='ocrx_word' id='word_1_133' title='bbox 63 2184 270 2249; x_wconf 82' lang='lat' dir='ltr'>demonstreri</span> <span class='ocrx_word' id='word_1_134' title='bbox 304 2203 365 2249; x_wconf 92' lang='lat' dir='ltr'>non</span> <span class='ocrx_word' id='word_1_135' title='bbox 397 2187 499 2268; x_wconf 90' lang='lat' dir='ltr'>potest</span> <span class='ocrx_word' id='word_1_136' title='bbox 533 2204 591 2251; x_wconf 91' lang='lat' dir='ltr'>nec</span> <span class='ocrx_word' id='word_1_137' title='bbox 617 2186 721 2251; x_wconf 90' lang='lat' dir='ltr'>uerbis</span> <span class='ocrx_word' id='word_1_138' title='bbox 745 2186 868 2268; x_wconf 87' lang='lat' dir='ltr'>aperiri,</span> <span class='ocrx_word' id='word_1_139' title='bbox 906 2186 1025 2269; x_wconf 87' lang='lat' dir='ltr'>quando</span> <span class='ocrx_word' id='word_1_140' title='bbox 1061 2186 1187 2268; x_wconf 88' lang='lat' dir='ltr'>quidem</span> 
     </span>
     <span class='ocr_line' id='line_1_19' title="bbox 61 2286 1186 2372; baseline 0 -20"><span class='ocrx_word' id='word_1_141' title='bbox 61 2286 160 2352; x_wconf 90' lang='lat' dir='ltr'>multi</span> <span class='ocrx_word' id='word_1_142' title='bbox 193 2288 294 2352; x_wconf 90' lang='lat' dir='ltr'>multa</span> <span class='ocrx_word' id='word_1_143' title='bbox 326 2288 542 2354; x_wconf 83' lang='lat' dir='ltr'>mentientur?</span> <span class='ocrx_word' id='word_1_144' title='bbox 570 2291 759 2372; x_wconf 90' lang='lat' dir='ltr'>quapropter</span> <span class='ocrx_word' id='word_1_145' title='bbox 791 2289 819 2354; x_wconf 92' lang='lat' dir='ltr'>si</span> <span class='ocrx_word' id='word_1_146' title='bbox 855 2289 964 2354; x_wconf 83' lang='lat' dir='ltr'>dextre</span> <span class='ocrx_word' id='word_1_147' title='bbox 996 2288 1186 2353; x_wconf 87' lang='lat' dir='ltr'>intrinsecus</span> 
     </span>
    </p>
   </div>
   <div class='ocr_carea' id='block_1_5' title="bbox 21 2389 1188 2682">
    <p class='ocr_par' dir='ltr' id='par_1_7' title="bbox 21 2389 1188 2682">
     <span class='ocr_line' id='line_1_20' title="bbox 61 2389 1186 2475; baseline 0.001 -20"><span class='ocrx_word' id='word_1_148' title='bbox 61 2391 132 2474; x_wconf 88' lang='lat' dir='ltr'>agit</span> <span class='ocrx_word' id='word_1_149' title='bbox 166 2391 197 2454; x_wconf 92' lang='lat' dir='ltr'>in</span> <span class='ocrx_word' id='word_1_150' title='bbox 230 2389 421 2467; x_wconf 89' lang='lat' dir='ltr'>abscondito,</span> <span class='ocrx_word' id='word_1_151' title='bbox 461 2392 500 2457; x_wconf 91' lang='lat' dir='ltr'>ad</span> <span class='ocrx_word' id='word_1_152' title='bbox 532 2393 693 2457; x_wconf 88' lang='lat' dir='ltr'>sinistram</span> <span class='ocrx_word' id='word_1_153' title='bbox 715 2392 873 2475; x_wconf 90' lang='lat' dir='ltr'>pertinent</span> <span class='ocrx_word' id='word_1_154' title='bbox 901 2393 1051 2457; x_wconf 84' lang='lat' dir='ltr'>exteriora</span> <span class='ocrx_word' id='word_1_155' title='bbox 1073 2391 1186 2474; x_wconf 88' lang='lat' dir='ltr'>omnia,</span> 
     </span>
     <span class='ocr_line' id='line_1_21' title="bbox 21 2493 1188 2580; baseline 0.005 -28"><span class='ocrx_word' id='word_1_156' title='bbox 21 2510 145 2577; x_wconf 63' lang='lat' dir='ltr'>aquae</span> <span class='ocrx_word' id='word_1_157' title='bbox 167 2494 242 2557; x_wconf 89' lang='lat' dir='ltr'>sunt</span> <span class='ocrx_word' id='word_1_158' title='bbox 263 2493 406 2559; x_wconf 82' lang='lat' dir='ltr'>nisitilie</span> <span class='ocrx_word' id='word_1_159' title='bbox 429 2496 461 2560; x_wconf 95' lang='lat' dir='ltr'>et</span> <span class='ocrx_word' id='word_1_160' title='bbox 484 2495 677 2577; x_wconf 86' lang='lat' dir='ltr'>temporalia.</span> <span class='ocrx_word' id='word_1_161' title='bbox 707 2496 749 2561; x_wconf 91' lang='lat' dir='ltr'>sit</span> <span class='ocrx_word' id='word_1_162' title='bbox 773 2515 846 2580; x_wconf 85' lang='lat' dir='ltr'>ergo</span> <span class='ocrx_word' id='word_1_163' title='bbox 876 2494 1055 2579; x_wconf 76' lang='lat' dir='ltr'>elemosyna</span> <span class='ocrx_word' id='word_1_164' title='bbox 1078 2498 1133 2559; x_wconf 85' lang='lat' dir='ltr'>toa</span> <span class='ocrx_word' id='word_1_165' title='bbox 1154 2494 1188 2559; x_wconf 88' lang='lat' dir='ltr'>in</span> 
     </span>
     <span class='ocr_line' id='line_1_22' title="bbox 62 2596 1187 2682; baseline 0.001 -21"><span class='ocrx_word' id='word_1_166' title='bbox 62 2598 132 2678; x_wconf 85' lang='lat' dir='ltr'>ipsa</span> <span class='ocrx_word' id='word_1_167' title='bbox 146 2596 338 2661; x_wconf 89' lang='lat' dir='ltr'>conscientia</span> <span class='ocrx_word' id='word_1_168' title='bbox 353 2600 416 2674; x_wconf 90' lang='lat' dir='ltr'>tua,</span> <span class='ocrx_word' id='word_1_169' title='bbox 440 2597 493 2661; x_wconf 90' lang='lat' dir='ltr'>ubi</span> <span class='ocrx_word' id='word_1_170' title='bbox 509 2598 600 2661; x_wconf 90' lang='lat' dir='ltr'>multi</span> <span class='ocrx_word' id='word_1_171' title='bbox 617 2598 827 2682; x_wconf 89' lang='lat' dir='ltr'>elemosynam</span> <span class='ocrx_word' id='word_1_172' title='bbox 843 2598 964 2663; x_wconf 86' lang='lat' dir='ltr'>faciunt</span> <span class='ocrx_word' id='word_1_173' title='bbox 978 2597 1061 2663; x_wconf 91' lang='lat' dir='ltr'>bona</span> <span class='ocrx_word' id='word_1_174' title='bbox 1075 2597 1187 2663; x_wconf 88' lang='lat' dir='ltr'>nolon·</span> 
     </span>
    </p>
   </div>
   <div class='ocr_carea' id='block_1_6' title="bbox 25 2699 1219 3709">
    <p class='ocr_par' dir='ltr' id='par_1_8' title="bbox 25 2699 1219 3709">
     <span class='ocr_line' id='line_1_23' title="bbox 61 2699 1188 2784; baseline 0.002 -21"><span class='ocrx_word' id='word_1_175' title='bbox 61 2702 141 2775; x_wconf 88' lang='lat' dir='ltr'>tate,</span> <span class='ocrx_word' id='word_1_176' title='bbox 164 2700 260 2765; x_wconf 90' lang='lat' dir='ltr'>etiam</span> <span class='ocrx_word' id='word_1_177' title='bbox 289 2699 316 2763; x_wconf 92' lang='lat' dir='ltr'>si</span> <span class='ocrx_word' id='word_1_178' title='bbox 346 2700 507 2782; x_wconf 87' lang='lat' dir='ltr'>pecuniam</span> <span class='ocrx_word' id='word_1_179' title='bbox 529 2699 581 2765; x_wconf 91' lang='lat' dir='ltr'>uel</span> <span class='ocrx_word' id='word_1_180' title='bbox 609 2700 636 2764; x_wconf 91' lang='lat' dir='ltr'>si</span> <span class='ocrx_word' id='word_1_181' title='bbox 667 2701 742 2784; x_wconf 91' lang='lat' dir='ltr'>quid</span> <span class='ocrx_word' id='word_1_182' title='bbox 773 2703 822 2766; x_wconf 87' lang='lat' dir='ltr'>est</span> <span class='ocrx_word' id='word_1_183' title='bbox 852 2700 949 2778; x_wconf 89' lang='lat' dir='ltr'>aliud,</span> <span class='ocrx_word' id='word_1_184' title='bbox 986 2704 1067 2783; x_wconf 88' lang='lat' dir='ltr'>quod</span> <span class='ocrx_word' id='word_1_185' title='bbox 1104 2702 1188 2783; x_wconf 91' lang='lat' dir='ltr'>inopi</span> 
     </span>
     <span class='ocr_line' id='line_1_24' title="bbox 41 2801 1188 2887; baseline 0.002 -21"><span class='ocrx_word' id='word_1_186' title='bbox 41 2801 260 2887; x_wconf 78' lang='lat' dir='ltr'>&#39;largiendum</span> <span class='ocrx_word' id='word_1_187' title='bbox 288 2804 346 2886; x_wconf 87' lang='lat' dir='ltr'>est,</span> <span class='ocrx_word' id='word_1_188' title='bbox 384 2820 445 2867; x_wconf 91' lang='lat' dir='ltr'>non</span> <span class='ocrx_word' id='word_1_189' title='bbox 475 2803 600 2868; x_wconf 89' lang='lat' dir='ltr'>habent.</span> <span class='ocrx_word' id='word_1_190' title='bbox 643 2802 738 2869; x_wconf 89' lang='lat' dir='ltr'>multi</span> <span class='ocrx_word' id='word_1_191' title='bbox 767 2808 874 2868; x_wconf 90' lang='lat' dir='ltr'>autem</span> <span class='ocrx_word' id='word_1_192' title='bbox 902 2802 978 2867; x_wconf 85' lang='lat' dir='ltr'>foris</span> <span class='ocrx_word' id='word_1_193' title='bbox 1008 2802 1128 2868; x_wconf 83' lang='lat' dir='ltr'>faciunt</span> <span class='ocrx_word' id='word_1_194' title='bbox 1156 2812 1188 2868; x_wconf 91' lang='lat' dir='ltr'>et</span> 
     </span>
     <span class='ocr_line' id='line_1_25' title="bbox 62 2903 1188 2988; baseline 0.002 -20"><span class='ocrx_word' id='word_1_195' title='bbox 62 2903 152 2969; x_wconf 90' lang='lat' dir='ltr'>intus</span> <span class='ocrx_word' id='word_1_196' title='bbox 175 2923 236 2970; x_wconf 92' lang='lat' dir='ltr'>non</span> <span class='ocrx_word' id='word_1_197' title='bbox 259 2905 387 2984; x_wconf 84' lang='lat' dir='ltr'>faciunt,</span> <span class='ocrx_word' id='word_1_198' title='bbox 423 2904 476 2988; x_wconf 87' lang='lat' dir='ltr'>qni</span> <span class='ocrx_word' id='word_1_199' title='bbox 498 2907 551 2971; x_wconf 89' lang='lat' dir='ltr'>nel</span> <span class='ocrx_word' id='word_1_200' title='bbox 581 2906 751 2972; x_wconf 82' lang='lat' dir='ltr'>ambitione</span> <span class='ocrx_word' id='word_1_201' title='bbox 780 2906 833 2971; x_wconf 87' lang='lat' dir='ltr'>uel</span> <span class='ocrx_word' id='word_1_202' title='bbox 855 2907 986 2971; x_wconf 84' lang='lat' dir='ltr'>alienius</span> <span class='ocrx_word' id='word_1_203' title='bbox 1007 2906 1188 2988; x_wconf 88' lang='lat' dir='ltr'>temporalis</span> 
     </span>
     <span class='ocr_line' id='line_1_26' title="bbox 25 3006 1188 3091; baseline 0.001 -19"><span class='ocrx_word' id='word_1_204' title='bbox 25 3008 110 3073; x_wconf 75' lang='lat' dir='ltr'>aerei</span> <span class='ocrx_word' id='word_1_205' title='bbox 132 3006 237 3091; x_wconf 78' lang='lat' dir='ltr'>gretia</span> <span class='ocrx_word' id='word_1_206' title='bbox 260 3008 372 3073; x_wconf 89' lang='lat' dir='ltr'>nolunt</span> <span class='ocrx_word' id='word_1_207' title='bbox 394 3008 608 3073; x_wconf 88' lang='lat' dir='ltr'>misericordes</span> <span class='ocrx_word' id='word_1_208' title='bbox 638 3008 752 3074; x_wconf 88' lang='lat' dir='ltr'>uideri:</span> <span class='ocrx_word' id='word_1_209' title='bbox 783 3009 817 3073; x_wconf 93' lang='lat' dir='ltr'>in</span> <span class='ocrx_word' id='word_1_210' title='bbox 839 3006 952 3091; x_wconf 87' lang='lat' dir='ltr'>quibus</span> <span class='ocrx_word' id='word_1_211' title='bbox 974 3008 1041 3073; x_wconf 89' lang='lat' dir='ltr'>sole</span> <span class='ocrx_word' id='word_1_212' title='bbox 1062 3008 1188 3074; x_wconf 87' lang='lat' dir='ltr'>sinistra</span> 
     </span>
     <span class='ocr_line' id='line_1_27' title="bbox 64 3111 1188 3194; baseline 0.002 -19"><span class='ocrx_word' id='word_1_213' title='bbox 64 3112 188 3193; x_wconf 87' lang='lat' dir='ltr'>operari</span> <span class='ocrx_word' id='word_1_214' title='bbox 211 3111 419 3177; x_wconf 81' lang='lat' dir='ltr'>existimanda</span> <span class='ocrx_word' id='word_1_215' title='bbox 441 3112 499 3176; x_wconf 90' lang='lat' dir='ltr'>est</span> <span class='ocrx_word' id='word_1_216' title='bbox 529 3111 604 3176; x_wconf 87' lang='lat' dir='ltr'>item</span> <span class='ocrx_word' id='word_1_217' title='bbox 620 3112 675 3176; x_wconf 90' lang='lat' dir='ltr'>elii</span> <span class='ocrx_word' id='word_1_218' title='bbox 691 3112 780 3194; x_wconf 89' lang='lat' dir='ltr'>quasi</span> <span class='ocrx_word' id='word_1_219' title='bbox 795 3113 931 3177; x_wconf 89' lang='lat' dir='ltr'>medium</span> <span class='ocrx_word' id='word_1_220' title='bbox 947 3111 1028 3175; x_wconf 88' lang='lat' dir='ltr'>inter</span> <span class='ocrx_word' id='word_1_221' title='bbox 1043 3131 1062 3176; x_wconf 91' lang='lat' dir='ltr'>n</span> <span class='ocrx_word' id='word_1_222' title='bbox 1065 3115 1188 3194; x_wconf 88' lang='lat' dir='ltr'>trosque</span> 
     </span>
     <span class='ocr_line' id='line_1_28' title="bbox 63 3197 1219 3301; baseline -0.002 -22"><span class='ocrx_word' id='word_1_223' title='bbox 63 3214 168 3279; x_wconf 88' lang='lat' dir='ltr'>locum</span> <span class='ocrx_word' id='word_1_224' title='bbox 190 3216 307 3293; x_wconf 89' lang='lat' dir='ltr'>tenent,</span> <span class='ocrx_word' id='word_1_225' title='bbox 330 3216 367 3279; x_wconf 92' lang='lat' dir='ltr'>ut</span> <span class='ocrx_word' id='word_1_226' title='bbox 389 3215 490 3279; x_wconf 91' lang='lat' dir='ltr'>etint</span> <span class='ocrx_word' id='word_1_227' title='bbox 477 3215 625 3294; x_wconf 87' lang='lat' dir='ltr'>tentione,</span> <span class='ocrx_word' id='word_1_228' title='bbox 648 3232 726 3297; x_wconf 87' lang='lat' dir='ltr'>qnae</span> <span class='ocrx_word' id='word_1_229' title='bbox 741 3216 774 3280; x_wconf 92' lang='lat' dir='ltr'>in</span> <span class='ocrx_word' id='word_1_230' title='bbox 790 3197 881 3280; x_wconf 87' lang='lat' dir='ltr'>deum</span> <span class='ocrx_word' id='word_1_231' title='bbox 897 3216 955 3290; x_wconf 88' lang='lat' dir='ltr'>est,</span> <span class='ocrx_word' id='word_1_232' title='bbox 979 3214 1219 3301; x_wconf 74' lang='lat' dir='ltr'>elemosynam</span> 
     </span>
     <span class='ocr_line' id='line_1_29' title="bbox 64 3314 1189 3401; baseline 0.003 -21"><span class='ocrx_word' id='word_1_233' title='bbox 64 3314 187 3381; x_wconf 83' lang='lat' dir='ltr'>faciant</span> <span class='ocrx_word' id='word_1_234' title='bbox 219 3318 381 3382; x_wconf 89' lang='lat' dir='ltr'>ettamen</span> <span class='ocrx_word' id='word_1_235' title='bbox 404 3317 522 3382; x_wconf 90' lang='lat' dir='ltr'>inserat</span> <span class='ocrx_word' id='word_1_236' title='bbox 542 3337 575 3383; x_wconf 89' lang='lat' dir='ltr'>se</span> <span class='ocrx_word' id='word_1_237' title='bbox 599 3318 671 3384; x_wconf 90' lang='lat' dir='ltr'>hnic</span> <span class='ocrx_word' id='word_1_238' title='bbox 694 3322 829 3401; x_wconf 85' lang='lat' dir='ltr'>optimae</span> <span class='ocrx_word' id='word_1_239' title='bbox 856 3316 1014 3383; x_wconf 87' lang='lat' dir='ltr'>uoluntati</span> <span class='ocrx_word' id='word_1_240' title='bbox 1036 3316 1189 3387; x_wconf 89' lang='lat' dir='ltr'>nonnulla</span> 
     </span>
     <span class='ocr_line' id='line_1_30' title="bbox 66 3418 1188 3505; baseline 0 -22"><span class='ocrx_word' id='word_1_241' title='bbox 66 3418 165 3485; x_wconf 87' lang='lat' dir='ltr'>etiam</span> <span class='ocrx_word' id='word_1_242' title='bbox 187 3418 289 3485; x_wconf 89' lang='lat' dir='ltr'>laudis</span> <span class='ocrx_word' id='word_1_243' title='bbox 312 3420 364 3485; x_wconf 90' lang='lat' dir='ltr'>nel</span> <span class='ocrx_word' id='word_1_244' title='bbox 387 3420 536 3502; x_wconf 84' lang='lat' dir='ltr'>cuiusque</span> <span class='ocrx_word' id='word_1_245' title='bbox 558 3420 602 3486; x_wconf 88' lang='lat' dir='ltr'>rei</span> <span class='ocrx_word' id='word_1_246' title='bbox 625 3420 747 3505; x_wconf 80' lang='lat' dir='ltr'>fragilis</span> <span class='ocrx_word' id='word_1_247' title='bbox 770 3440 787 3485; x_wconf 92' lang='lat' dir='ltr'>e</span> <span class='ocrx_word' id='word_1_248' title='bbox 787 3420 1009 3503; x_wconf 84' lang='lat' dir='ltr'>ttemporalis·</span> <span class='ocrx_word' id='word_1_249' title='bbox 1022 3420 1188 3504; x_wconf 84' lang='lat' dir='ltr'>cupiditas.</span> 
     </span>
     <span class='ocr_line' id='line_1_31' title="bbox 27 3521 1189 3607; baseline 0.003 -24"><span class='ocrx_word' id='word_1_250' title='bbox 27 3521 121 3586; x_wconf 73' lang='lat' dir='ltr'>cased</span> <span class='ocrx_word' id='word_1_251' title='bbox 136 3522 280 3588; x_wconf 91' lang='lat' dir='ltr'>dominus</span> <span class='ocrx_word' id='word_1_252' title='bbox 295 3527 401 3588; x_wconf 92' lang='lat' dir='ltr'>noster</span> <span class='ocrx_word' id='word_1_253' title='bbox 415 3524 517 3589; x_wconf 93' lang='lat' dir='ltr'>mnlto</span> <span class='ocrx_word' id='word_1_254' title='bbox 529 3522 746 3589; x_wconf 88' lang='lat' dir='ltr'>uehementius</span> <span class='ocrx_word' id='word_1_255' title='bbox 757 3522 1015 3607; x_wconf 87' lang='lat' dir='ltr'>prohibetsolam</span> <span class='ocrx_word' id='word_1_256' title='bbox 1026 3523 1189 3589; x_wconf 90' lang='lat' dir='ltr'>sinistram</span> 
     </span>
     <span class='ocr_line' id='line_1_32' title="bbox 64 3624 1189 3709; baseline 0.001 -20"><span class='ocrx_word' id='word_1_257' title='bbox 64 3626 184 3707; x_wconf 85' lang='lat' dir='ltr'>operari</span> <span class='ocrx_word' id='word_1_258' title='bbox 214 3625 246 3690; x_wconf 95' lang='lat' dir='ltr'>in</span> <span class='ocrx_word' id='word_1_259' title='bbox 276 3624 375 3705; x_wconf 89' lang='lat' dir='ltr'>nobis,</span> <span class='ocrx_word' id='word_1_260' title='bbox 410 3630 530 3709; x_wconf 91' lang='lat' dir='ltr'>qnando</span> <span class='ocrx_word' id='word_1_261' title='bbox 559 3627 656 3691; x_wconf 89' lang='lat' dir='ltr'>etiam</span> <span class='ocrx_word' id='word_1_262' title='bbox 679 3627 810 3693; x_wconf 87' lang='lat' dir='ltr'>&#39;misceri</span> <span class='ocrx_word' id='word_1_263' title='bbox 838 3645 905 3692; x_wconf 91' lang='lat' dir='ltr'>eam</span> <span class='ocrx_word' id='word_1_264' title='bbox 935 3626 1023 3691; x_wconf 89' lang='lat' dir='ltr'>uetat</span> <span class='ocrx_word' id='word_1_265' title='bbox 1046 3624 1189 3708; x_wconf 88' lang='lat' dir='ltr'>operibus</span> 
     </span>
    </p>
   </div>
   <div class='ocr_carea' id='block_1_7' title="bbox 167 3809 708 3878">
    <p class='ocr_par' dir='ltr' id='par_1_9' title="bbox 167 3809 708 3878">
     <span class='ocr_line' id='line_1_33' title="bbox 167 3809 708 3878; baseline 0.006 -14"><span class='ocrx_word' id='word_1_266' title='bbox 167 3811 185 3864; x_wconf 83' lang='lat'>4</span> <span class='ocrx_word' id='word_1_267' title='bbox 202 3809 301 3864; x_wconf 77' lang='lat' dir='ltr'>neten</span> <span class='ocrx_word' id='word_1_268' title='bbox 319 3811 344 3877; x_wconf 88' lang='lat'>6,</span> <span class='ocrx_word' id='word_1_269' title='bbox 361 3812 379 3865; x_wconf 82' lang='lat'><strong>3</strong></span> <span class='ocrx_word' id='word_1_270' title='bbox 483 3812 515 3865; x_wconf 82' lang='lat'>15</span> <span class='ocrx_word' id='word_1_271' title='bbox 533 3812 631 3866; x_wconf 80' lang='lat' dir='ltr'>naeth.</span> <span class='ocrx_word' id='word_1_272' title='bbox 649 3812 673 3878; x_wconf 81' lang='lat'>6,</span> <span class='ocrx_word' id='word_1_273' title='bbox 691 3813 708 3867; x_wconf 80' lang='lat' dir='ltr'>l</span> 
     </span>
    </p>
   </div>
   <div class='ocr_carea' id='block_1_8' title="bbox 61 3981 1190 4309">
    <p class='ocr_par' dir='ltr' id='par_1_10' title="bbox 61 3981 1190 4309">
     <span class='ocr_line' id='line_1_34' title="bbox 115 3981 1188 4039; baseline -0.004 0"><span class='ocrx_word' id='word_1_274' title='bbox 115 3982 134 4039; x_wconf 84' lang='grc'><strong>8</strong></span> <span class='ocrx_word' id='word_1_275' title='bbox 158 3982 251 4037; x_wconf 82' lang='lat' dir='ltr'>dextre</span> <span class='ocrx_word' id='word_1_276' title='bbox 278 3982 355 4039; x_wconf 81' lang='lat' dir='ltr'>P¹V=</span> <span class='ocrx_word' id='word_1_277' title='bbox 385 3982 492 4038; x_wconf 82' lang='lat' dir='ltr'>dextera</span> <span class='ocrx_word' id='word_1_278' title='bbox 518 3983 557 4038; x_wconf 73' lang='grc' dir='ltr'><em>Ρ</em></span> <span class='ocrx_word' id='word_1_279' title='bbox 661 3984 692 4037; x_wconf 87' lang='grc'>11</span> <span class='ocrx_word' id='word_1_280' title='bbox 717 3983 840 4038; x_wconf 84' lang='lat' dir='ltr'>dexterae</span> <span class='ocrx_word' id='word_1_281' title='bbox 865 3984 904 4039; x_wconf 82' lang='lat' dir='ltr'>P’</span> <span class='ocrx_word' id='word_1_282' title='bbox 1008 3983 1040 4039; x_wconf 82' lang='lat'>12</span> <span class='ocrx_word' id='word_1_283' title='bbox 1067 3997 1130 4038; x_wconf 87' lang='lat' dir='ltr'>suae</span> <span class='ocrx_word' id='word_1_284' title='bbox 1151 3981 1188 4035; x_wconf 85' lang='lat' dir='ltr'>V·</span> 
     </span>
     <span class='ocr_line' id='line_1_35' title="bbox 62 4067 1190 4125; baseline -0.001 -2"><span class='ocrx_word' id='word_1_285' title='bbox 62 4074 126 4124; x_wconf 84' lang='lat' dir='ltr'>tneo</span> <span class='ocrx_word' id='word_1_286' title='bbox 145 4067 201 4125; x_wconf 84' lang='lat' dir='ltr'>GP</span> <span class='ocrx_word' id='word_1_287' title='bbox 302 4069 336 4123; x_wconf 89' lang='lat'>18</span> <span class='ocrx_word' id='word_1_288' title='bbox 353 4069 522 4122; x_wconf 86' lang='lat' dir='ltr'>mentientur</span> <span class='ocrx_word' id='word_1_289' title='bbox 542 4069 596 4122; x_wconf 80' lang='lat' dir='ltr'>GP</span> <span class='ocrx_word' id='word_1_290' title='bbox 697 4067 730 4122; x_wconf 81' lang='lat'>21</span> <span class='ocrx_word' id='word_1_291' title='bbox 749 4068 849 4123; x_wconf 85' lang='lat' dir='ltr'>tnaV.</span> <span class='ocrx_word' id='word_1_292' title='bbox 876 4087 926 4124; x_wconf 82' lang='lat' dir='ltr'>om.</span> <span class='ocrx_word' id='word_1_293' title='bbox 946 4069 1000 4125; x_wconf 79' lang='lat' dir='ltr'>GP</span> <span class='ocrx_word' id='word_1_294' title='bbox 1095 4070 1129 4123; x_wconf 76' lang='lat'>26</span> <span class='ocrx_word' id='word_1_295' title='bbox 1146 4083 1190 4122; x_wconf 86' lang='lat' dir='ltr'>ex·</span> 
     </span>
     <span class='ocr_line' id='line_1_36' title="bbox 61 4153 1190 4223; baseline -0.001 -15"><span class='ocrx_word' id='word_1_296' title='bbox 61 4154 223 4211; x_wconf 77' lang='lat' dir='ltr'>nistimenda</span> <span class='ocrx_word' id='word_1_297' title='bbox 253 4153 280 4209; x_wconf 87' lang='lat' dir='ltr'><strong><em>V</em></strong></span> <span class='ocrx_word' id='word_1_298' title='bbox 379 4155 412 4208; x_wconf 74' lang='lat'>27</span> <span class='ocrx_word' id='word_1_299' title='bbox 439 4153 608 4208; x_wconf 84' lang='lat' dir='ltr'>elemosinam</span> <span class='ocrx_word' id='word_1_300' title='bbox 636 4154 662 4208; x_wconf 85' lang='lat' dir='ltr'><em>V</em></span> <span class='ocrx_word' id='word_1_301' title='bbox 713 4154 796 4211; x_wconf 84' lang='grc'>29</span> <span class='ocrx_word' id='word_1_302' title='bbox 822 4155 950 4223; x_wconf 82' lang='lat' dir='ltr'>cuiusque</span> <span class='ocrx_word' id='word_1_303' title='bbox 981 4154 1045 4210; x_wconf 84' lang='lat' dir='ltr'>GP·</span> <span class='ocrx_word' id='word_1_304' title='bbox 1080 4156 1190 4222; x_wconf 83' lang='lat' dir='ltr'>eiusque</span> 
     </span>
     <span class='ocr_line' id='line_1_37' title="bbox 68 4237 565 4309; baseline 0 -14"><span class='ocrx_word' id='word_1_305' title='bbox 68 4239 96 4295; x_wconf 79' lang='lat' dir='ltr'><strong><em>V</em></strong></span> <span class='ocrx_word' id='word_1_306' title='bbox 193 4239 253 4294; x_wconf 81' lang='lat'>31·</span> <span class='ocrx_word' id='word_1_307' title='bbox 244 4256 274 4293; x_wconf 82' lang='lat' dir='ltr'>nn</span> <span class='ocrx_word' id='word_1_308' title='bbox 292 4237 368 4293; x_wconf 90' lang='lat' dir='ltr'>nobis</span> <span class='ocrx_word' id='word_1_309' title='bbox 387 4240 490 4309; x_wconf 89' lang='lat' dir='ltr'>operari</span> <span class='ocrx_word' id='word_1_310' title='bbox 510 4239 565 4295; x_wconf 81' lang='lat' dir='ltr'>GP</span> 
     </span>
    </p>
   </div>
   <div class='ocr_carea' id='block_1_9' title="bbox 0 0 1390 4814">
    <p class='ocr_par' dir='ltr' id='par_1_11' title="bbox 0 0 1390 4814">
     <span class='ocr_line' id='line_1_38' title="bbox 0 0 1390 4814; baseline 0 0"><span class='ocrx_word' id='word_1_311' title='bbox 0 0 1390 4814; x_wconf 95' lang='lat' dir='ltr'> </span> 
     </span>
    </p>
   </div>
  </div>
 </body>
</html>
