2760 4814
249 331 417 400 Excerpta
433 347 469 385 ex
486 346 556 400 opp.
574 330 599 385 S.
618 329 811 399 Augustini
832 328 1022 384 cccxnvm.
1119 331 1200 402 1099

24 575 31 584 ,
65 521 185 597 uimm,
208 521 242 584 in
258 521 350 585 Anna
372 521 443 601 post
465 519 577 597 uirum,
600 518 633 583 in
648 518 752 584 Maria
773 521 896 600 praeter
917 517 1030 596 uirum,
1054 521 1199 589 liberata

66 625 170 691 Paule
185 627 223 688 ad
243 625 443 705 arguendum,
461 620 588 685 humilis
604 621 637 685 in
652 621 746 686 Petro
761 621 801 685 ad
815 622 1047 706 oboediendum,
1064 623 1199 692 humana

66 729 102 793 in
118 727 297 792 christianis
312 726 351 790 ad
367 725 585 803 confitendum,
603 725 710 789 diuina
723 726 758 788 in
772 724 897 790 Christo
914 727 953 790 ad
969 726 1198 808 ignoscendum.

68 835 123 898 sed
154 831 229 912 quid
259 849 317 915 ego
347 830 385 894 de
416 829 558 893 caritate-
576 827 677 893 maius
708 832 762 893 aut
788 830 914 894 uberius
941 846 1064 911 possum
1088 832 1197 910 dicere,

46 954 166 1019 equam
189 951 266 1017 quae
289 952 345 1015 per
366 951 400 997 os
422 931 554 1013 apostoli
570 931 676 996 laudes
693 931 760 997 eius
776 933 899 996 intonat
914 932 1058 997 dominos
1074 952 1199 1016 supere·
1227 988 1237 1010 ,

70 1038 248 1104 minentem
278 1035 364 1101 uiam
394 1033 639 1099 demonstrantis
670 1039 763 1117 atque
794 1034 942 1100 dicentis:
980 1036 1013 1099 si
1046 1038 1199 1120 linguis

68 1143 270 1207 hominum
302 1140 444 1220 loquar
476 1138 513 1202 et
542 1139 786 1221 angelorum,
819 1138 1038 1203 caritatem
1069 1143 1199 1206 autem

68 1264 143 1311 non
175 1242 350 1321 habeam,
381 1242 519 1306 factus
546 1259 629 1305 sum
661 1244 930 1306 aeramentum
960 1260 1102 1308 sonans
1132 1250 1199 1310 aut

69 1347 291 1431 cymhalum
327 1344 488 1409 tiniens.
533 1349 570 1408 et
606 1344 640 1407 si
672 1345 843 1410 habuero
877 1345 1127 1428 prophetiam
1161 1351 1200 1414 et

34 1451 195 1517 resciero
225 1449 355 1514 omnia
384 1453 634 1513 sacramenta
663 1454 701 1513 et
731 1467 880 1513 omnem
902 1450 1131 1528 scientiam,
1162 1458 1199 1515 et
1271 1485 1274 1492 ·

68 1557 102 1621 si
126 1553 294 1618 habuero
317 1569 465 1617 omnem
486 1551 622 1628 iidem,
645 1552 761 1616 itaut
777 1555 926 1617 montes
942 1553 1198 1630 transferam,

68 1658 284 1723 caritatem
314 1657 444 1720 antem
473 1672 545 1718 non
576 1653 755 1735 habeam,
780 1654 885 1719 nihil
909 1656 1003 1721 mihi
1026 1657 1199 1738 prodest.

72 1762 225 1826 caritas
256 1759 503 1841 magnanima
534 1763 609 1834 est,
640 1759 793 1822 caritas
813 1759 983 1840 benigna
1005 1763 1078 1834 est;
1102 1759 1199 1849 cari·

70 1866 228 1930 hasnon
259 1861 498 1937 aemulatur,
529 1878 602 1925 non
633 1859 720 1942 agit
746 1878 963 1944 perperam,
987 1880 1059 1927 non
1082 1862 1199 1929 infla·

34 1972 154 2046 ntur,
177 1984 251 2031 non
276 1964 576 2042 dehonestatur,
600 1983 671 2029 non
695 1963 853 2046 quaerit
875 1983 974 2046 quae
997 1983 1068 2030 sua
1089 1969 1198 2051 sunt,

24 2087 27 2091 ·
69 2087 145 2136 uon
163 2068 367 2151 irritatur,
390 2066 807 2148 noncogitatmalum,
831 2085 904 2131 nou
919 2069 1200 2151 gaudetsuper

70 2170 345 2254 iniquitatem,
390 2168 613 2253 congaudet
643 2171 790 2234 autem
832 2169 1021 2248 ueritati,
1068 2173 1200 2240 omnia

69 2275 235 2354 tolerat,
259 2275 387 2339 omnia
410 2272 549 2349 credit,
568 2273 696 2338 omnia
712 2276 861 2354 sperat,
887 2273 1015 2337 omnia
1039 2274 1197 2340 suffert.

72 2377 224 2442 caritas
240 2396 446 2458 numquam
461 2377 577 2441 cadit.
601 2379 777 2459 quantaeet
790 2377 874 2441 ista?
891 2376 995 2441 anima
1009 2376 1198 2453 litterarum,

38 2479 253 2564 „prophetiae
269 2481 381 2558 uirtus,
397 2483 663 2545 sacramentorum
675 2481 769 2556 salus,
783 2481 933 2545 scientiae
948 2481 1197 2559 solidamentum,

70 2584 144 2648 fidei
168 2583 297 2664 fructus,
329 2585 460 2649 diuitiae
489 2602 672 2667 pauperum,
695 2586 764 2648 uita
785 2583 997 2649 morientium.
1037 2584 1111 2667 quid
1134 2587 1199 2650 tam

72 2689 308 2770 magnanimum
337 2706 431 2770 quem
461 2706 516 2769 pro
549 2686 654 2769 impiis
686 2688 792 2752 mori?
827 2688 901 2770 quid
935 2691 1001 2751 tam
1031 2688 1199 2771 benignum

70 2809 165 2874 quam
188 2792 219 2855 et
240 2790 381 2856 inimicos
404 2789 558 2874 diligere?
580 2791 646 2856 sola
661 2793 720 2867 eet,
745 2809 839 2872 quam
856 2789 990 2854 felicitas
1013 2790 1116 2854 aliena
1138 2807 1199 2855 non

69 2896 196 2976 premit,
219 2892 374 2975 quianon
398 2894 589 2976 aemulatur3
612 2892 681 2958 sola
699 2895 757 2972 est,
782 2911 875 2975 qnam
897 2892 1035 2956 felicitae
1057 2910 1115 2957 sua
1137 2911 1198 2958 non

39 2994 205 3074 cextollit,
235 2995 310 3078 quia
338 3016 399 3062 non
429 2996 575 3080 inflatur3
606 2997 673 3062 sola
696 3000 754 3075 est,
784 3013 877 3077 quam
901 2993 1091 3059 conscientia
1115 2996 1199 3060 urata

69 3118 131 3164 non
154 3098 275 3183 pungit,
299 3100 372 3182 quia
402 3118 462 3163 non
492 3098 559 3184 agit
588 3117 761 3181 perperam.
800 3099 881 3162 inter
903 3096 1069 3180 obprobria
1091 3116 1199 3163 secura

69 3206 127 3284 est,
165 3201 247 3267 iuter
279 3203 348 3266 odia
385 3201 518 3266 benifica
552 3207 609 3285 est,
646 3201 727 3266 inter
763 3202 825 3266 iras
863 3201 987 3282 placida
1023 3203 1079 3276 est,
1116 3201 1199 3266 inter

70 3305 204 3372 insidiae
243 3303 406 3382 innocens,
450 3305 533 3369 inter
577 3305 758 3387 iniquitates
802 3321 946 3387 gemens,
990 3302 1022 3367 in
1066 3303 1198 3369 ueritate

68 3410 235 3493 respirans.
274 3409 348 3491 quid
370 3408 427 3474 illa
448 3407 561 3473 fortius
599 3426 660 3473 non
691 3407 729 3473 ad
753 3406 976 3486 retribuendas,
1000 3405 1054 3469 sed
1076 3408 1114 3472 ad
1137 3425 1197 3471 non

173 3587 191 3640 6
208 3586 223 3641 1
241 3586 300 3642 Gor.
320 3587 360 3651 13,
381 3587 447 3640 1-8
522 3593 525 3600 “

123 3752 139 3804 1
163 3753 267 3819 praeter
290 3750 362 3821 MQ:
392 3752 500 3820 propter
525 3751 552 3807 G
654 3751 671 3803 2
695 3750 842 3804 humanum
869 3749 893 3820 Q
996 3750 1114 3818 hquam
1133 3762 1198 3816 quas

66 3853 103 3891 a:
133 3851 214 3904 quam
234 3835 321 3907 GMQ
411 3835 534 3906 6uieQ
628 3835 854 3890 9cimbelumG
939 3836 1058 3889 tinniens
1081 3832 1132 3904 OQ

66 3925 99 3976 et
116 3923 141 3975 ai
164 3921 240 3992 MQ:
271 3923 294 3975 ei
316 3922 343 3978 G
447 3921 617 3991 prophetiam
640 3921 684 3976 Μι
703 3923 734 3975 in
751 3937 806 3976 raa.
913 3921 945 3974 lt
967 3921 1065 3974 caritas
1083 3920 1200 3989 benigna

66 4008 144 4077 HQ:
173 4007 288 4076 benigna
303 4008 363 4073 (orn.
382 4007 538 4076 caritas)G
625 4008 657 4061 19
675 4008 730 4061 ista
749 4007 824 4061 GM:
852 4007 880 4058 in
898 4004 997 4075 istaQ
1085 4005 1118 4059 21
1136 4021 1199 4074 pau-

67 4091 236 4164 peroran
326 4094 361 4146 23
378 4093 437 4146 sola
448 4097 490 4147 eet
502 4093 777 4161 quam—aemulatur
788 4090 826 4144 M
829 4110 835 4141 :
863 4107 913 4146 om.
927 4091 979 4162 09
1073 4091 1108 4145 24
1125 4103 1199 4159 prae·

65 4179 123 4234 mit
142 4178 178 4232 Μ
269 4179 303 4234 25
321 4178 492 4247 conscientia]
512 4178 700 4249 cenedenciQ
795 4176 828 4230 27
847 4176 1008 4232 heneficaG
1102 4175 1136 4229 29
1154 4175 1199 4229 red

65 4271 124 4304 rm
151 4263 195 4304 aar
215 4263 239 4304 ο
