2760 4814
286 317 453 387 Excerptu
469 334 505 373 ex
522 334 590 387 opp.
609 320 636 373 S.
654 319 840 388 Augustini
863 318 969 375 cxcn.
1127 320 1191 387 649

64 509 166 591 magis
181 507 334 590 pertinere
352 508 392 573 ed
408 526 513 573 auram
528 509 738 589 speculatorio,
763 526 835 573 eum
850 526 965 586 omnes,
981 509 1035 590 qui
1049 508 1191 573 fidelium

63 613 248 694 competunt
276 613 522 689 sacramentum,
556 611 661 675 omnia
690 629 767 693 quae
797 610 944 676 dieantur
973 611 1124 675 intentius
1159 613 1191 676 et

62 712 229 779 sollicitius
252 715 392 793 audiunt,
416 733 477 780 non
500 715 601 780 tseere
618 718 656 780 de
671 733 777 798 poena,
801 732 895 796 quam
911 715 994 779 male
1009 714 1190 779 uiuentibus

62 819 209 885 (lominus
240 818 455 900 comminatur,
486 836 524 882 ne
551 818 584 881 in
614 820 680 900 ipso
703 816 861 900 baptismo
883 817 929 882 rei
952 818 1017 882 sint
1039 818 1190 898 grauissi-

40 940 187 988 smorum
217 921 392 997 eriminum,
419 938 478 1001 quo
502 922 642 997 ueniunt,
665 924 700 984 ut
723 921 902 985 remittatur
924 926 1028 986 reatus
1049 919 1189 987 omnium

63 1026 271 1109 peecatorum.
312 1025 405 1089 tertia
433 1024 573 1106 quaestio
603 1028 653 1089 est
682 1024 954 1105 periculosissima,
985 1043 1047 1108 qua
1077 1044 1189 1107 parum

63 1128 260 1194 eonsiderata
289 1130 320 1191 et
349 1145 411 1192 non
441 1128 612 1192 seeundum
640 1126 784 1192 diuinum
814 1127 971 1209 eloquium
996 1129 1190 1210 pertractata

62 1235 131 1297 tota
160 1230 217 1295 illa
238 1230 341 1313 opinio
364 1229 444 1294 mihi
472 1230 595 1295 uidetur
618 1232 734 1309 exorta,
765 1230 798 1295 in
821 1248 881 1312 qua
903 1230 1100 1313 promittitur
1121 1249 1189 1295 see·
1260 1232 1263 1237 ’

62 1334 232 1400 lestissime
263 1332 501 1415 turpissimeque
523 1334 711 1411 uiuentibus,
743 1334 840 1399 etiam
863 1335 890 1417 si
913 1353 948 1399 eo
970 1334 1061 1400 modo
1083 1334 1189 1399 uiuere

28 1438 265 1520 roperseuerent
302 1439 334 1500 et
371 1437 589 1501 tantummodo
633 1437 759 1502 erodant
796 1437 830 1502 in
866 1436 1023 1503 Christum
1061 1438 1188 1520 eiusque

61 1543 259 1608 sacrament-a
294 1541 475 1622 percipiant,
514 1558 564 1604 eos
596 1539 636 1604 ad
669 1541 804 1605 salutem
838 1543 997 1623 uitamque
1032 1543 1189 1606 aeternam

61 1663 132 1710 esse
166 1644 322 1725 uenturos,
357 1647 464 1709 eontra
497 1642 726 1726 apertissimam
759 1644 875 1710 domini
904 1645 1103 1723 sententiam,
1137 1645 1190 1725 qui

61 1745 256 1813 desideranti
290 1747 390 1811 uitam
424 1750 584 1811 aeternam
618 1747 791 1830 respondit:
825 1747 858 1812 si
887 1749 947 1813 uis
978 1749 1114 1814 uenire
1144 1748 1189 1812 ad

60 1849 201 1925 uitam,
225 1867 339 1914 serua
361 1850 561 1926 mandata;
585 1854 616 1914 et
638 1853 904 1933 commemorauit,
928 1871 1007 1935 quae
1029 1852 1187 1931 mandata,

30 1954 116 2020 nubi
139 1971 175 2017 eu
196 1951 315 2017 scilieet
337 1956 466 2034 peecata
487 1954 638 2032 uitentur,
666 1953 778 2035 quibus
801 1954 903 2020 neseio
927 1957 1079 2037 quomodo
1103 1954 1188 2019 salus

62 2060 189 2123 aeterna
211 2057 406 2137 promittitur
427 2057 552 2138 propter
574 2056 667 2122 fidem
690 2058 756 2122 sine
779 2055 924 2139 operibus
946 2060 1112 2125 mortuam
1151 2058 1188 2121 de

61 2161 110 2225 his
142 2157 242 2224 tribus
272 2157 504 2241 quaestionibus
535 2159 628 2237 satis,
659 2160 811 2241 quantum
841 2159 999 2241 existimo,
1030 2160 1189 2242 disputaui

62 2260 334 2343 demonstrauique
357 2261 401 2327 sio
423 2261 598 2326 tolerandos
621 2261 654 2326 in
670 2261 797 2327 eeclesia
813 2261 921 2340 malos,
945 2266 1060 2328 utnon
1083 2263 1188 2345 negle-

63 2369 157 2450 gatur
180 2365 391 2430 ecclesiastiea
412 2363 596 2449 disciplina3
618 2365 662 2429 sie
685 2365 895 2431 eateeinandos
918 2382 968 2429 eos
992 2364 1045 2447 qui
1067 2365 1190 2449 baptis·

27 2487 151 2534 samum
184 2470 305 2551 petunt,
338 2472 374 2533 ut
403 2487 464 2533 non
487 2469 589 2534 solum
622 2469 750 2536 audiant
784 2469 877 2552 atque
910 2470 1080 2551 suscipiant
1113 2469 1189 2551 quid

63 2573 198 2647 eredere,
231 2591 339 2637 uerum
372 2572 465 2637 etiam
494 2574 628 2656 qualiter
657 2573 762 2638 uiuere
792 2573 938 2651 debeaut;
976 2572 1022 2638 sie
1044 2571 1187 2654 promitti

62 2674 208 2741 fidelibus
237 2673 339 2739 uitam
367 2677 534 2755 aeternam,
565 2678 600 2740 ut
627 2695 688 2741 non
710 2674 807 2741 stiam
828 2675 998 2758 perfidem
1020 2681 1188 2756 mortuam,

63 2796 140 2861 quae
172 2777 240 2842 sine
274 2776 417 2861 operibus
450 2778 572 2844 seluare
604 2795 664 2844 non
697 2780 810 2862 potest,
844 2781 883 2846 ad
912 2799 982 2846 eam
1004 2798 1037 2845 se
1059 2780 1188 2862 quisque

62 2883 225 2963 peruenire
247 2899 333 2962 posse
357 2882 537 2962 arbitretur,
567 2884 621 2948 sed
643 2902 698 2965 per
724 2883 813 2948 illum
834 2882 927 2949 fidem
950 2884 1080 2969 gratiae,
1110 2902 1189 2966 quae

31 3002 115 3067 rsper
138 2982 337 3050 dilectionem
359 2987 512 3067 operatur.

166 3194 198 3248 13
221 3194 319 3252 neoth.
339 3195 379 3260 19,
399 3196 431 3249 17

113 3390 217 3460 lenm]
235 3405 295 3445 eom
312 3391 339 3445 A
426 3392 526 3462 omnes]
545 3392 669 3448 omniun
753 3393 810 3463 qni]
827 3408 894 3462 quse
907 3392 975 3450 adv
1060 3393 1189 3448 2dieunt

59 3493 77 3533 o
181 3478 324 3545 equestre
348 3477 404 3531 AP
504 3494 558 3547 qua
580 3479 685 3548 parum]
709 3493 824 3547 quarum
844 3478 872 3534 V
971 3478 1045 3549 911]
1067 3494 1094 3533 se
1113 3481 1138 3548 (e
1155 3480 1188 3533 iss

59 3583 126 3650 rus.)
145 3580 174 3635 P
274 3580 308 3636 10
324 3570 498 3651 perseuersnt
514 3569 575 3650 (nrt
589 3581 743 3648 addant)
761 3582 790 3637 P
884 3582 995 3638 eredunt
1013 3582 1109 3638 AGP:
1136 3597 1188 3638 ona.

64 3699 103 3766 m
130 3699 272 3756 mnata
357 3701 465 3758 easta
483 3702 511 3754 A
606 3701 639 3755 14
656 3674 832 3758 comatae
848 3703 877 3758 A
969 3703 1002 3758 15
1019 3718 1051 3758 a
1068 3701 1185 3772 arnseo]

59 3801 105 3842 ess
122 3787 188 3842 lieet
205 3789 233 3841 A
328 3788 362 3843 16
378 3787 552 3857 promittetur
568 3804 588 3843 o
683 3789 715 3843 17
732 3790 870 3845 exsistimo
890 3788 918 3844 V
1012 3791 1045 3846 18
1062 3788 1188 3844 eoeleste·

60 3878 100 3939 (m
116 3877 185 3941 rua.)
203 3873 232 3928 P
338 3873 372 3927 19
394 3873 443 3943 sio]
461 3889 489 3928 se
512 3874 550 3928 P'
579 3873 660 3930 seda
762 3875 963 3932 entheeinnndos
986 3875 1044 3931 PV
1070 3874 1187 3931 usmeti-

59 3959 204 4014 sandosA
232 3957 446 4015 entesirendoso
536 3959 570 4014 21
588 3975 679 4014 uerum
698 3962 820 4030 (aptior
838 3961 1120 4032 eutoorr.m.2)V

56 4045 95 4100 24
111 4060 187 4115 posse
204 4045 340 4113 peruenire
357 4045 399 4101 Po
502 4047 586 4116 poseo]
605 4063 655 4106 om.
674 4046 701 4100 A
