2760 4814
192 310 360 377 Excerpta
377 325 412 362 ex
431 325 499 377 opp.
518 307 544 360 S.
563 306 752 377 Augustini
772 304 982 362 CLXXXVIIII.
1001 304 1076 359 CXC.
1135 308 1198 373 637

66 519 131 584 quo
165 500 272 581 posset
305 497 453 582 extingui,
488 498 730 582 gratularemur,
765 496 791 560 si
818 497 887 580 quis
909 516 977 561 eam
1000 502 1037 563 de
1060 499 1197 582 proximo

65 603 210 669 offerret:
234 603 280 667 ita
302 604 342 681 et,
365 603 392 667 si
408 604 446 666 de
470 607 574 667 nostro
598 603 687 666 faeno
710 602 816 685 aliqua
837 601 956 684 peccati
977 601 1106 665 flamma
1128 618 1197 664 sur·

65 708 146 772 rexit
169 708 200 770 et
215 709 377 789 propterea
395 708 627 783 conturbamur,
650 706 726 771 data
741 709 897 770 occasione
912 703 1196 769 misericordissimi

65 811 169 893 operis
191 813 353 893 tamquam
375 809 412 874 de
435 809 537 874 oblato
554 809 639 882 tonte
659 811 859 893 gaudeamus,
882 811 918 872 ut
934 807 1004 873 inde
1020 808 1098 872 illud
1115 807 1197 888 quod

36 913 220 978 senarserat
242 913 447 995 opprimatur.
480 912 540 976 nisi
564 912 644 977 forte
668 915 733 976 tam
750 911 841 976 stulti
863 928 981 987 sumus,
1005 912 1041 974 ut
1063 910 1197 974 alacrius

64 1017 256 1082 arbitremur
279 1035 348 1080 cum
373 1035 451 1098 pane
475 1017 674 1093 currendum,
699 1034 759 1098 quo
781 1018 925 1079 uentrem
948 1013 1112 1078 esurientis
1135 1013 1197 1076 im-

65 1119 219 1201 pleamus,
243 1138 337 1201 quam
360 1138 429 1183 cum
454 1118 548 1183 uerbo
572 1118 630 1194 dei,
656 1135 715 1200 quo
739 1119 877 1182 mentem
900 1117 1055 1181 studentis
1077 1116 1197 1181 instru-

65 1241 167 1288 amus.
195 1222 256 1285 huc
278 1223 407 1300 accedit,
432 1222 514 1303 quia,
537 1223 564 1286 si
586 1223 802 1286 tantummodo
825 1220 985 1302 prodesset
1007 1220 1064 1284 hoc
1086 1219 1196 1302 lacere,

64 1343 129 1389 non
152 1325 251 1389 facere
274 1327 380 1389 autem
402 1325 480 1388 nihil
503 1327 636 1402 obesset,
668 1323 836 1389 infeliciter
859 1324 892 1413 in
914 1323 1049 1405 periculo
1072 1324 1196 1407 salutis,

24 1456 54 1496 ιο
63 1447 126 1492 non
150 1427 213 1490 iam
236 1428 377 1508 proximi,
402 1427 455 1492 sed
478 1429 600 1492 nostrae
624 1427 763 1492 oblatum
781 1426 955 1491 remedium
973 1444 1196 1509 sperneremus.

63 1551 138 1597 cum
162 1549 234 1595 uero
258 1550 294 1593 ex
317 1548 369 1594 ore
402 1530 520 1595 domini
553 1534 622 1594 tam
652 1531 817 1595 minaciter
851 1532 955 1594 sonet:
990 1548 1106 1594 serne
1136 1549 1197 1593 ne-

29 1662 32 1668 ·
64 1652 181 1717 qnam
204 1636 243 1697 et
265 1634 392 1716 piger,
417 1633 531 1696 dares
549 1635 753 1717 pecuniam
770 1651 890 1698 meam
908 1632 1197 1709 nummolariis,

63 1757 144 1821 qnae
174 1737 303 1801 tandem
334 1735 490 1800 dementia
519 1741 577 1818 est,
608 1737 753 1818 quoniam
784 1738 946 1818 peccatum
977 1739 1120 1800 nostrum
1142 1754 1197 1800 nos

63 1841 168 1923 angit,
190 1840 259 1904 ideo
282 1858 389 1904 rursus
413 1840 494 1903 uelle
517 1857 645 1921 peccare
668 1858 728 1905 non
754 1838 854 1903 dando
877 1839 1040 1923 pecuniam
1064 1839 1197 1905 domini-

27 1965 135 2011 iacam
159 1943 279 2009 uolenti
303 1950 334 2007 et
357 1944 503 2026 petenti?

583 2216 681 2300 CXC.

94 2411 144 2457 Ex
166 2410 287 2456 EODEM
310 2409 421 2456 LIBRO.
456 2409 727 2468 QVEMADMODVII
751 2407 1008 2456 CATECIZANDVS
1031 2408 1082 2456 SIT
1105 2408 1164 2467 QVI

399 2513 490 2559 VVLT
512 2512 608 2559 FIERI
631 2511 865 2560 CHRISTIANVS.

107 2649 169 2715 Sed
191 2649 305 2714 faciam
322 2649 457 2731 aliquem
473 2650 596 2714 uenisse
611 2649 649 2713 ad
666 2668 731 2732 nos,
755 2650 810 2732 qui
826 2651 895 2714 uult
912 2668 978 2715 esse
995 2650 1192 2727 christianus,
1202 2655 1265 2721 208

25 2754 97 2820 acet
121 2754 159 2817 de
183 2772 292 2835 genere
315 2753 439 2834 quidem
462 2752 642 2832 idiotarum,
671 2771 731 2817 non
755 2757 860 2817 tamen
882 2753 1121 2828 rusticanorum,
1144 2753 1196 2817 sed

63 2859 265 2933 urbanorum,
290 2855 397 2937 quales
420 2856 496 2937 aput
514 2853 736 2937 Carthaginem
759 2858 863 2939 plures
879 2857 1007 2938 experiri
1027 2860 1057 2920 te
1074 2875 1197 2921 necesse

170 3079 200 3131 ll
220 3077 317 3130 Ilattia
336 3077 378 3142 25,
396 3077 479 3145 26sq.

116 3284 131 3336 1
145 3282 232 3352 possit
241 3283 285 3336 Po
371 3283 576 3352 gratularemur]
590 3285 617 3336 et
628 3282 825 3351 gratularemur
835 3283 863 3337 P
883 3284 913 3336 et
924 3284 1090 3352 gratulemur
1101 3285 1128 3337 A

63 3383 124 3422 eam
145 3367 187 3437 de]
212 3383 301 3422 orn.o
404 3370 579 3437 proximuso
681 3367 815 3422 2offeret
837 3368 874 3422 Ρι
981 3367 1194 3437 4gaudeamus]

63 3454 259 3508 hauriamuso
362 3454 586 3522 bopprimamur
609 3456 635 3506 A
739 3454 833 3508 stulti·
853 3456 878 3522 (s
895 3458 960 3519 ros.)
982 3454 1010 3507 P
1100 3454 1196 3507 simus

64 3541 149 3596 AP‘o
241 3540 336 3609 6quo]
355 3540 426 3608 qnod
445 3541 473 3594 P
558 3541 704 3594 esurientes
723 3540 759 3595 Ρί
787 3541 980 3594 esurientemo
1073 3539 1195 3595 lmente

62 3630 91 3682 A
195 3626 350 3695 Baccedit]
378 3626 476 3680 accidit
506 3626 533 3680 V
633 3627 666 3696 si]
695 3644 722 3681 se
750 3628 786 3682 Ρ1
889 3625 1074 3681 9inflliciter
1099 3626 1127 3679 A

63 3714 99 3768 10
117 3712 246 3783 proximis
264 3729 280 3767 o
383 3713 416 3766 12
439 3712 526 3782 dares]
545 3712 606 3767 dare
626 3714 752 3766 debueras
770 3731 786 3768 o
890 3712 1080 3766 nummulariis
1099 3712 1127 3766 A

63 3816 262 3872 larsemensis
275 3815 302 3869 V
376 3820 497 3870 nostrum
510 3833 557 3870 nos
569 3817 658 3886 angit]
672 3804 704 3871 nr
717 3817 777 3886 agit
788 3834 805 3871 c
886 3817 920 3869 16
931 3832 990 3884 cop.
1003 3815 1193 3871 CLXXXVIII

65 3903 144 3971 Vpr.
174 3900 304 3957 CXCIA
334 3901 446 3957 CCVIII
471 3903 498 3957 P
527 3902 656 3958 CCVIIII
682 3904 723 3967 (ἡ
750 3920 842 3958 omo
952 3902 983 3957 17
1010 3902 1089 3971 libro]
1117 3902 1136 3955 l.
1163 3901 1196 3955 de

61 3987 258 4044 catechizandis
277 3987 388 4042 rudibus
407 3989 449 4043 Po
539 3988 746 4043 catheciaandus
766 3988 836 4043 P’V
858 3988 1037 4043 catechizatus
1047 3988 1083 4054 (1)
1102 3988 1128 4040 A

63 4073 367 4132 lectissimorum
452 4076 485 4130 19
503 4076 648 4129 cristianus
662 4077 689 4129 P
774 4075 1009 4129 20ideotarumA
1095 4075 1196 4144 tamen]

60 4179 114 4218 om.
132 4161 177 4216 Po
263 4159 295 4214 21
315 4160 476 4216 orbanorum
493 4162 520 4216 A
606 4162 676 4231 apud
690 4162 759 4216 APo
847 4161 1012 4231 cartaginem
1024 4162 1066 4216 Po
1087 4159 1196 4215 kartha-

61 4251 128 4320 gine
144 4249 174 4301 A
259 4247 381 4318 experiri]
401 4248 424 4302 ri
436 4264 505 4303 erus.
518 4249 549 4302 ia
561 4249 601 4315 P;
625 4251 757 4316 expertis
844 4249 882 4318 te]
901 4265 951 4303 om.
968 4249 1007 4314 P;
1031 4250 1128 4303 sunto
