2760 4814
130 297 150 362 2
612 295 774 364 Eugippii

130 487 313 550 auctoritate
336 485 495 549 firmantes
518 486 605 548 tanto
628 485 737 550 maiori
760 483 861 548 studio
878 503 999 567 semper
1018 485 1136 567 ampler

131 590 245 671 quanto
269 588 411 671 ampliori
434 588 547 654 solacio
569 589 618 653 bis
642 607 712 653 usos
736 607 768 652 se
792 587 888 652 fuisse
904 589 1066 652 testantur.
1097 606 1135 651 na

130 697 179 756 tra
201 691 319 755 multos
343 692 447 757 hostes
470 692 621 757 ecclesiae
637 693 820 757 dimicantes
837 695 867 754 et
883 692 1018 755 maxime
1034 694 1136 754 contra

129 796 225 879 palles
258 794 399 859 inimicos
430 797 551 878 gratiae
582 794 631 859 dei
656 795 798 859 doctrina
821 793 884 858 eius
907 795 1053 857 instructi
1077 794 1128 857 uel

130 897 237 963 eadem
252 897 415 962 inlustrati
427 898 529 980 gratia
541 916 662 979 semper
674 899 820 961 exstitere
836 897 985 960 uictores:
1002 897 1091 961 cuius
1107 897 1135 961 ui

130 1003 269 1084 praemia
290 1001 324 1064 in
347 1006 471 1067 tantum
495 1003 630 1068 donante
655 1002 710 1067 deo
734 1004 862 1084 posteris
878 1008 1017 1082 prosunt,
1041 1004 1123 1065 utet

132 1105 284 1190 copiosius
306 1111 437 1190 pascant
460 1111 492 1171 at
515 1106 610 1172 fortes
634 1104 729 1171 armis
753 1104 946 1188 spiritalibus
963 1105 1116 1170 muniant.

130 1210 190 1275 lica
212 1209 238 1273 si
262 1212 385 1292 quidem
408 1210 530 1274 diuinae
553 1209 631 1294 legis
655 1210 828 1291 explanatio
852 1226 913 1272 non
929 1207 1029 1272 solum
1045 1211 1135 1271 esurie

129 1312 277 1378 alimonia
299 1315 352 1378 sed
374 1314 406 1378 et
427 1313 647 1378 dimicantibus
675 1312 809 1377 efficitur
825 1314 994 1376 armatura.
1026 1329 1082 1375 nec
1097 1312 1135 1373 im

130 1415 238 1480 uicarii
272 1415 368 1499 illius,
403 1415 453 1480 oui
483 1418 649 1498 pascendas
679 1435 751 1480 oues
783 1416 926 1479 dominus
950 1434 1001 1479 ore
1024 1414 1135 1497 proprie

131 1519 298 1597 mandauit,
323 1520 559 1601 compastoralis
582 1518 676 1585 offleii
699 1519 817 1584 socium
842 1516 967 1601 copiosa
989 1518 1076 1602 gregi
1100 1515 1135 1580 do

130 1624 167 1687 de
189 1622 289 1704 pratis
312 1622 538 1705 scripturarum
567 1622 682 1706 pabula
701 1627 918 1706 procurantem
935 1621 1123 1705 peramplius

130 1727 216 1803 runt,
248 1744 337 1790 suum
367 1725 529 1790 uerissime
559 1729 706 1810 putantes
740 1729 855 1793 bonum
890 1728 971 1809 quod
1003 1746 1056 1808 per
1086 1724 1133 1787 fra

130 1831 294 1894 scientiam
317 1829 556 1911 gratulabantur
571 1830 750 1905 inuentum,
774 1832 905 1894 scientes
920 1831 1001 1893 hunc
1016 1827 1134 1907 intelle!

130 1930 169 1995 ad
193 1929 379 1995 condiendos
396 1930 515 1994 animos
531 1931 628 1997 salem
644 1932 738 1996 etiam
762 1930 923 2013 pecoribus
946 1930 1134 1995 abiectissim

130 2033 280 2098 futurum.
319 2052 449 2113 quorum
474 2035 613 2099 omnium
636 2053 692 2117 ego
714 2051 840 2116 prorsus
863 2033 1013 2098 abiectior
1033 2052 1068 2097 ex
1084 2033 1135 2097 alie

130 2137 266 2200 eiusdem
302 2136 386 2200 beati
420 2137 480 2201 uiri
514 2137 679 2218 praeclaris
713 2135 858 2218 operibus
888 2155 1041 2219 perpauca
1070 2155 1134 2200 rum

129 2241 263 2322 quodam
287 2241 377 2304 modo
393 2240 618 2323 lambendoque
633 2241 780 2321 decerpsi,
803 2259 881 2323 quaa
898 2239 1130 2324 praestantibus

74 2429 75 2433 Ἰ
131 2346 251 2426 integra
280 2343 433 2425 legeram:
464 2362 537 2410 nam
568 2346 671 2411 omnia
699 2344 788 2409 illius
817 2344 930 2410 babere
953 2344 1003 2407 uel
1025 2344 1134 2408 inueni

130 2447 251 2529 possit?
288 2447 439 2511 nonnulla
472 2465 544 2529 ergo
581 2448 697 2530 legenti
732 2447 809 2512 mihi
842 2451 935 2528 atque
970 2447 1083 2512 habere
1117 2464 1134 2510 o

130 2552 202 2634 quia
234 2550 366 2617 facultas
396 2552 526 2617 minime
556 2552 750 2633 suppetebat,
779 2551 896 2618 idcirco
927 2550 1077 2633 quaedam
1108 2569 1134 2612 ιιι

129 2654 249 2736 ingenti
271 2656 362 2735 prato
385 2653 513 2719 floribus
537 2672 660 2735 asperso
677 2653 862 2720 caelestibus
878 2674 914 2720 ex
929 2654 1081 2718 librorum
1096 2652 1134 2716 eir

132 2759 207 2823 data
229 2759 275 2821 est
297 2757 385 2840 copia
414 2758 503 2840 inops
532 2777 684 2842 aegerque
714 2756 850 2839 conlegi:
881 2757 971 2839 inops
993 2757 1113 2821 scilicet

131 2879 221 2945 aeger
244 2860 369 2934 offensa,
393 2861 447 2925 nel
468 2860 629 2926 informari
651 2863 741 2926 tanta
763 2860 906 2926 doctrina
920 2861 1046 2942 cupiens
1069 2858 1119 2924 uel

130 2965 297 3029 ueritatem
336 2982 469 3046 namque
506 2965 678 3029 sententiae
715 2962 898 3041 Salomonis,
936 2982 997 3046 qua
1034 2963 1098 3027 ait:

129 3067 267 3132 mellis
290 3070 412 3133 uerba
433 3067 690 3150 prudentiae,
715 3069 878 3134 dulcedo
902 3069 1070 3144 animae,
1100 3082 1134 3128 se

130 3190 305 3247 ossuum,
329 3171 363 3236 in
385 3190 477 3254 supra
492 3173 569 3236 dicti
584 3172 645 3237 uiri
660 3171 841 3239 dulcissima
857 3173 889 3235 ct
903 3170 1068 3236 sanissima
1082 3187 1134 3234 eru

129 3276 279 3357 persensi.
318 3293 415 3358 pauca
445 3276 572 3357 proinde
602 3293 678 3357 quae
712 3275 852 3360 congessi
882 3292 942 3339 non
976 3274 1076 3338 solum
1099 3292 1134 3336 m:

131 3399 223 3446 sensu
247 3397 400 3460 censuque
423 3396 492 3442 sum
515 3397 632 3461 pauper
655 3378 708 3443 sed
731 3379 825 3444 etiam
841 3377 891 3442 his
906 3378 960 3460 qui
975 3381 1135 3458 utroquep

132 3486 206 3547 sunt
240 3500 366 3546 munere
399 3482 561 3564 profutura
596 3481 724 3547 confido.
761 3501 834 3546 uam
864 3500 934 3545 oum
961 3481 994 3544 in
1017 3498 1128 3543 manus

230 3655 264 3710 25
285 3655 363 3709 Prou.
383 3655 424 3720 16,
443 3655 477 3709 24

181 3810 356 3882 2ιιιηρ1ἰοιὶ]
381 3810 515 3867 maiorio
618 3823 674 3864 ease
696 3807 744 3863 Go
847 3807 1010 3863 bostesT
1110 3805 1126 3859 5

132 3896 197 3951 G'P
300 3896 331 3950 11
357 3897 385 3949 et
408 3894 512 3964 copiosa
535 3893 640 3972 emta·
734 3894 766 3948 13
789 3893 943 3948 uerissimae
965 3893 991 3945 Τ
1092 3891 1125 3945 18

130 3982 208 4036 modo
237 3998 287 4036 om.
319 3984 363 4035 Go
465 3980 605 4034 lambendo
632 3996 698 4048 quae
727 3982 754 4034 P
768 3997 813 4048 pr.
925 3979 959 4032 20
984 3981 1074 4047 posset
1100 3977 1135 4031 Pr

128 4068 370 4139 a1suparpetebnt
392 4069 427 4122 θ’
524 4067 558 4121 22
576 4067 691 4121 eiusdem
712 4068 769 4123 Pm
863 4067 897 4122 23
914 4064 1037 4120 inobsT
1128 4064 1136 4116 i

128 4154 241 4225 quaeT
326 4155 401 4224 quit
492 4153 525 4207 27
545 4154 644 4211 ossium
666 4154 764 4209 G²P²o
857 4153 1061 4225 superponere

132 4241 211 4296 Ges
228 4243 292 4293 aunt
