2760 4814
139 536 202 603 956
619 533 784 604 Eugippii

141 728 194 792 sod
216 727 263 791 illi
288 726 413 809 quidem
437 725 627 809 generationi
650 724 769 790 sufficit
793 724 831 788 ed
859 723 1152 790 condemnationem
1176 724 1261 790 unius

141 830 247 896 delicti
262 830 388 895 conexio
403 868 445 876 —
460 830 610 912 quidquid
625 829 708 893 eninr
732 830 837 910 postea
859 827 1002 892 homines
1024 846 1062 893 ex
1085 831 1181 895 malie
1203 828 1261 893 suis

141 932 283 1015 operibus
305 933 432 1015 addunt,
457 952 516 997 non
540 934 674 1016 pertinet
699 932 738 995 ad
761 932 849 996 illam
872 932 1122 1013 generationem.
1151 933 1207 999 sed
1228 932 1260 997 ad

141 1038 308 1102 humanam
325 1035 593 1100 conuersationem
609 1069 651 1081 -
667 1035 740 1098 huic
756 1035 861 1098 eutem
878 1034 1109 1117 regenerationi
1125 1055 1190 1102 non
1203 1034 1260 1100 sus·

140 1139 206 1204 ficit
228 1138 308 1204 illud
332 1138 482 1203 delictum
505 1140 722 1201 tantummodo
745 1137 880 1213 soluere,
908 1138 989 1218 quod
1013 1156 1050 1201 ex
1073 1138 1181 1204 Adam
1203 1142 1282 1204 tra-r

138 1241 234 1318 bitur,
258 1241 312 1307 sed
335 1240 483 1323 quidquid
506 1241 600 1305 etiam
622 1246 729 1322 postea
752 1260 788 1304 err
810 1240 925 1323 iniquis
944 1240 1092 1323 operibus
1111 1242 1259 1307 humanae

139 1342 380 1411 conuersationis
396 1345 523 1409 accedit.
545 1345 612 1408 ideo
628 1344 779 1408 iudicium
796 1363 831 1407 er
844 1362 904 1408 uno
916 1345 947 1407 in
962 1344 1256 1417 condemnationem.

139 1451 240 1533 gretia
262 1452 366 1513 autem
397 1465 433 1512 er
460 1446 568 1510 multis
592 1446 712 1512 delictis
735 1447 768 1510 in
792 1447 1056 1514 iustificationem.

182 1568 221 1634 Si
249 1568 351 1633 enim
385 1568 430 1631 ob
460 1568 574 1631 unius
608 1567 799 1632 delictum
835 1586 934 1632 mors
969 1572 1164 1652 regnauit
1196 1592 1256 1655 per

139 1693 266 1748 unum,
282 1691 301 1737 a
316 1688 374 1753 quo
391 1670 504 1735 delicto
522 1671 643 1752 paruuli
660 1689 716 1752 per
731 1671 924 1752 baptismum
940 1673 1115 1753 expiantur,
1138 1675 1280 1739 multon

139 1778 264 1857 magis
293 1776 357 1856 qui
387 1774 673 1838 abundantiam
702 1776 861 1858 gratiae
891 1779 928 1838 et
950 1775 1144 1841 iustitiae
1166 1779 1253 1842 acci·

140 1880 262 1963 piunt,
279 1879 316 1943 in
340 1879 425 1941 uita
447 1878 749 1961 regnabuntper
765 1897 877 1943 unum
895 1878 1025 1942 Iesum
1042 1878 1253 1945 Christ-um:

138 1984 238 2048 multo
269 1980 369 2065 magis
397 1981 503 2064 utique
534 1982 725 2063 regnabunt,
756 1982 829 2063 quia
857 1983 999 2046 aeternae
1023 1984 1109 2047 uitae
1132 2002 1252 2068 regnum

138 2086 209 2167 erit,
234 2104 316 2151 more
339 2086 443 2150 autem
466 2086 497 2148 in
523 2084 566 2148 eie
589 2085 804 2166 temporaliter
824 2086 948 2164 transit,
972 2086 1084 2150 nonin
1102 2092 1252 2152 aeternum

137 2189 290 2272 regnabit.
329 2191 466 2271 itaque
488 2188 595 2253 sieut
618 2207 685 2270 per
707 2188 824 2251 unius
848 2188 1040 2253 delictum
1066 2190 1104 2252 in
1129 2210 1276 2256 omnese

138 2292 310 2357 homines
334 2293 379 2357 ad
403 2291 769 2356 condemnationem
794 2327 833 2337 —
862 2290 898 2354 de
922 2308 983 2372 qua
1005 2292 1251 2358 condemnatione

138 2395 263 2475 paruuli
294 2415 347 2479 per
376 2397 604 2460 sacramentum
628 2396 777 2477 baptismi
801 2395 955 2459 liberandi
982 2396 1055 2458 sunt
1077 2432 1121 2443 —
1144 2399 1251 2462 itaet

139 2518 207 2582 per
237 2501 355 2564 unius
392 2499 733 2563 iustificationem
766 2499 804 2561 in
842 2515 970 2562 omnes
1004 2497 1184 2565 homines
1215 2498 1251 2564 ed

135 2604 475 2669 iustificationem
504 2604 620 2668 uitae.
655 2607 686 2667 et
716 2603 766 2666 bic
793 2620 922 2666 omnes
952 2603 1029 2667 dixit
1052 2605 1086 2666 et
1117 2604 1170 2673 ibi,
1199 2621 1248 2667 non

137 2709 208 2789 quia
230 2726 335 2771 omnes
357 2706 498 2770 homines
521 2707 652 2769 ueniunt
674 2706 713 2769 ad
728 2705 864 2790 gratiam
882 2704 1116 2770 iustificationis
1133 2705 1275 2784 Christis

135 2830 206 2874 eum
234 2813 299 2875 tam
327 2810 420 2874 multi
450 2809 577 2874 alienati
602 2808 640 2874 ab
665 2810 721 2873 illa
751 2810 782 2873 in
806 2814 967 2873 aeternum
996 2812 1179 2892 moriantur,
1206 2810 1248 2872 sed

134 2912 206 2995 quia
228 2932 342 2991 omnes,
367 2913 417 2995 qui
442 2915 644 2977 renascuntur
674 2911 706 2975 in
733 2911 996 2988 iustificationem
1027 2930 1088 2977 non
1120 2915 1181 2977 nisi
1203 2933 1249 2996 per

136 3015 294 3082 Christum
317 3021 530 3094 renascuntur,
554 3016 635 3079 sieut
658 3033 776 3090 omnes,
801 3015 851 3096 qui
876 3020 1045 3079 naseuntur
1064 3015 1097 3078 in
1115 3020 1249 3082 condem-

136 3119 304 3198 nationem,
329 3136 389 3182 non
412 3119 473 3183 nisi
496 3137 550 3202 per
565 3119 667 3183 Adam
689 3120 868 3183 nascuntur.
904 3136 992 3181 nemo
1017 3118 1132 3201 quippe
1155 3120 1247 3186 estin

135 3222 190 3287 illa
218 3223 417 3307 generatione
446 3226 568 3305 praeter
597 3223 714 3300 Adam,
748 3241 837 3287 nemo
867 3221 900 3284 in
930 3222 992 3285 ista
1025 3224 1272 3304 regenerationes

132 3330 254 3407 praeter
282 3327 458 3411 Christum;
493 3328 562 3393 ideo
595 3345 725 3393 omnes
756 3330 788 3390 et
818 3344 956 3391 omnes.
999 3327 1124 3393 eosdem
1154 3333 1247 3393 antero

134 3449 261 3497 omnes
292 3433 386 3496 etiam
415 3432 560 3496 multos
588 3432 693 3511 postea
726 3429 801 3495 dicit
838 3428 1024 3511 adiungens:
1061 3432 1164 3495 sicut
1191 3447 1247 3513 por

132 3534 472 3600 inoboedientiam
500 3535 616 3598 unius
647 3533 817 3598 hominis
847 3539 1073 3614 peccatores
1108 3533 1245 3599 consti·

133 3637 213 3700 tuti
235 3639 325 3702 sunt
347 3638 481 3719 multi,
505 3636 564 3700 sic
587 3639 625 3700 et
648 3638 845 3717 perunius
862 3634 1244 3702 bominisoboedien·

132 3738 229 3803 tiam
253 3740 352 3805 iusti
377 3741 679 3804 constituentur
700 3738 828 3804 multi.
868 3739 920 3820 qni
944 3738 1078 3818 multi,
1103 3742 1164 3806 nisi
1179 3755 1266 3823 queso

131 3839 194 3904 iem
216 3844 307 3925 poulo
329 3849 401 3910 ante
425 3860 558 3909 omues
583 3842 725 3907 dixerat?

231 4028 341 4082 9110111.
360 4032 385 4093 5,
406 4030 436 4084 11
447 4044 503 4098 sqq.

181 4196 215 4252 13
242 4198 334 4267 ntique
363 4199 396 4254 V:
431 4201 526 4270 ntique
552 4200 580 4254 in
606 4200 691 4255 uitam
720 4200 775 4256 GP
876 4202 909 4255 18
934 4200 968 4254 ad
995 4201 1240 4256 iustificationem‘

128 4280 257 4352 homines]
285 4282 350 4339 odd.
377 4284 417 4338 ΡΙ
443 4286 474 4338 io
497 4302 546 4357 mp.
650 4286 682 4339 21
710 4286 745 4339 ab
771 4286 821 4340 ille
848 4287 884 4341 V:
914 4288 994 4341 multi
1022 4286 1056 4341 ab
1083 4290 1134 4343 iila
1159 4288 1184 4343 P

127 4366 160 4420 27
184 4366 255 4421 sicut
283 4369 319 4424 V:
354 4370 514 4423 sicutenim
542 4370 595 4426 GP
696 4373 730 4427 29
752 4375 790 4426 sic
808 4374 835 4425 et
853 4374 1145 4440 per-constituentur
1161 4366 1239 4436 multi]

127 4453 390 4521 cotmprensae
407 4457 488 4510 semet
505 4474 574 4512 eros.
593 4459 623 4512 in
642 4459 669 4513 P
