2760 4814
187 310 252 377 840
669 310 832 381 Eugippii

229 501 310 565 Item
332 498 464 565 scientis
478 498 655 578 definiendi,
670 500 831 566 diuidendi
846 505 940 584 etque
955 500 1110 582 partiendi
1125 519 1318 585 quemqnam

187 603 282 668 etiem
312 602 345 666 in
368 599 461 666 rebus
484 601 569 667 falsis
592 603 773 686 plerumque
795 602 988 682 adhibeatur,
1012 603 1082 686 ipss
1105 608 1217 670 tamon
1239 604 1318 671 fnlse

186 724 248 772 non
263 706 310 770 est
324 723 422 787 neque
437 703 477 770 sb
494 704 669 771 hominibus
685 705 844 789 instituto,
859 709 911 771 sed
927 706 960 771 in
975 726 1078 772 rerum
1095 707 1219 773 ratione
1236 726 1317 773 eom·

186 812 284 892 ports.
313 825 374 872 non
396 808 489 887 onim,
515 808 588 891 quis
610 811 641 874 et
663 807 778 875 fabulis
800 809 863 874 suis
887 829 954 875 eam
976 813 1084 893 poetae
1107 814 1138 874 et
1162 811 1316 894 opinioni·

186 913 244 978 bus
275 913 384 977 erroris
414 913 463 976 sui
492 910 541 977 nel
573 910 644 977 falsi
674 912 850 994 philosophi
881 913 931 979 uel
955 913 1051 978 etism
1073 913 1236 993 haeretiei,
1260 915 1343 980 hoos

186 1015 236 1080 est
262 1016 334 1082 falsi
363 1015 537 1094 christiani,
566 1016 713 1081 adhibere
741 1018 978 1095 oonsnenornnt,
1007 1020 1173 1101 propterea
1202 1016 1314 1084 fulsum

186 1119 235 1185 est
257 1138 355 1202 neque
376 1119 410 1184 in
433 1118 606 1185 definiendo
628 1138 727 1202 neque
749 1119 784 1184 io
807 1118 975 1185 diuidendo
998 1120 1053 1183 ant
1073 1119 1240 1201 partiendo
1257 1122 1313 1188 sli-

187 1222 262 1306 quid
288 1222 555 1305 oompleotendum
577 1241 653 1306 esse,
683 1223 764 1306 qnod
786 1226 825 1289 ed
852 1242 918 1288 rsm
947 1223 1049 1305 ipsam
1077 1241 1139 1289 non
1168 1225 1313 1307 pertinet,

186 1326 242 1391 sut
256 1324 376 1408 aliquid
391 1326 471 1408 quod
492 1326 627 1408 pertinet
644 1327 914 1408 praetereundum.
939 1325 995 1392 hoo
1016 1345 1126 1391 uerum
1142 1332 1205 1403 est,
1220 1328 1312 1394 etiam

184 1429 212 1494 si
235 1447 270 1493 ea
299 1446 376 1510 qnae
403 1427 592 1493 definiuntur
614 1432 669 1493 aut
692 1428 924 1493 distribuuntur
945 1448 1020 1494 uers
1042 1447 1102 1494 non
1125 1429 1204 1497 sint.
1241 1448 1341 1495 nemo

183 1536 215 1598 et
244 1532 347 1612 ipsum
377 1529 490 1595 fulsum
519 1529 677 1610 definitur,
708 1549 780 1596 oum
803 1531 935 1596 dicimus
958 1532 1068 1626 fplsnm
1097 1551 1164 1598 osse
1192 1531 1311 1618 signifi·

183 1632 338 1700 ostionem
371 1634 416 1697 roi
448 1651 510 1698 non
542 1632 588 1699 its
617 1653 651 1698 se
681 1633 833 1712 habentis,
866 1636 904 1699 ut
925 1634 1128 1717 significatur,
1163 1635 1232 1701 sino
1254 1634 1312 1702 ulio

183 1736 415 1818 aliquomodo:
439 1753 518 1818 qnae
543 1735 683 1801 definitio
707 1754 781 1800 uers
809 1740 866 1814 ost,
898 1736 1041 1819 quamuis
1063 1736 1181 1803 falsum
1204 1756 1311 1803 nerum

183 1857 250 1905 esse
278 1857 339 1904 noo
365 1838 472 1921 possit.
516 1856 678 1921 possumus
702 1840 797 1906 etism
828 1839 966 1905 diuidere
994 1841 1131 1906 dieentes
1155 1841 1218 1906 duo
1247 1859 1309 1906 esse

182 1961 295 2027 genera
328 1943 410 2023 salsi,
444 1962 542 2008 nuum
575 1962 682 2008 sorum
712 1961 788 2025 quoe
818 1942 943 2008 omnino
976 1962 1043 2008 osso
1077 1962 1139 2009 non
1172 1944 1337 2028 possuntu

183 2045 318 2110 alterum
350 2064 456 2111 eornm
486 2065 564 2129 quse
594 2064 656 2111 non
685 2048 769 2128 sunt,
799 2047 943 2129 quamuis
970 2064 1038 2110 esse
1068 2047 1201 2128 possint.
1240 2065 1308 2113 nnm

183 2149 236 2232 qni
259 2148 336 2214 dicit
357 2152 477 2231 septem
499 2153 531 2213 et
552 2150 615 2213 tris
637 2148 781 2213 undecim
811 2167 884 2227 esse,
913 2148 946 2213 id
975 2148 1052 2214 dicit
1080 2150 1164 2231 qnod
1187 2150 1308 2215 omnino

183 2271 248 2318 osse
284 2271 346 2318 non
382 2256 493 2335 potest.
537 2252 592 2335 qni
628 2255 735 2317 autem
771 2252 846 2316 dicit
882 2251 1032 2332 kalendis,
1070 2252 1159 2319 uerbi
1199 2251 1305 2338 guntin,

182 2356 333 2421 ianuariis
355 2355 482 2438 pluisse,
507 2354 633 2420 temetsi
656 2355 776 2420 foetum
797 2374 859 2419 non
881 2357 932 2438 sit,
955 2355 988 2419 id
1011 2357 1115 2420 temon
1133 2355 1217 2420 dieit
1232 2355 1305 2439 quod

182 2457 250 2524 fieri
282 2459 427 2540 potuerit.
473 2457 611 2524 definitio
645 2476 717 2540 ergo
747 2459 779 2522 et
808 2457 921 2522 diuisio
944 2457 1095 2523 falsorum
1117 2461 1223 2542 potest
1246 2475 1333 2524 esses

183 2560 356 2641 norissima,
380 2561 523 2643 quamuis
545 2561 624 2627 falsa
646 2560 717 2643 ipsa
739 2562 846 2643 utiquo
868 2579 943 2626 nera
964 2579 1025 2625 non
1047 2564 1119 2626 sint.

669 2851 816 2937 OOLXI.

182 3046 228 3092 VT
249 3045 316 3092 NEC
338 3045 385 3092 Du
407 3043 626 3104 ELOQVENTIA
648 3042 688 3090 SE
711 3042 875 3101 QVISPIAM
896 3041 1029 3105 Ineunt,
1053 3041 1146 3101 stle
1168 3041 1242 3090 NON
1263 3037 1303 3085 VT

182 3147 456 3209 munLLnoAMVS,
475 3147 538 3195 SED
556 3149 601 3194 VT
619 3145 834 3194 mutuum
853 3144 1080 3194 PROFERAMVS
1098 3142 1304 3193 numum

381 3253 428 3299 EX
450 3251 553 3298 LIBRO
576 3251 622 3297 DE
645 3248 819 3295 DOCTRINA
842 3248 1049 3295 CHRISTIANA
1071 3249 1107 3294 11.
1312 3246 1334 3289 ὅ

110 3391 174 3458 286
226 3387 306 3455 Sunt
329 3389 422 3455 etiam
446 3386 597 3470 quaedam
618 3387 783 3468 praecepta
804 3384 955 3449 uberioris
979 3383 1214 3466 disputationis,
1231 3401 1307 3468 quoe

183 3492 246 3558 ism
269 3493 445 3575 eloquentie
466 3491 654 3569 nominatur,
678 3506 757 3573 quoe
779 3487 981 3554 nihilominus
1004 3505 1079 3551 nera
1093 3490 1177 3567 sunt,
1201 3506 1308 3572 qnam·

236 3779 379 3834 lenientis
393 3780 475 3834 GPo:
502 3780 526 3833 si
538 3778 691 3834 soientisV
774 3775 914 3831 diuidendi
928 3775 1011 3830 GPo:
1037 3790 1088 3829 ons
1104 3773 1132 3828 V
1218 3777 1314 3830 deon·

183 3868 327 3922 suernnto
412 3865 446 3919 12
463 3865 633 3935 significetur
648 3864 685 3919 V:
712 3863 943 3933 signifimroturo
1031 3861 1063 3916 13
1081 3859 1247 3917 diffinitioo

184 3952 217 4007 14
234 3951 353 4006 diuidere
373 3951 455 4007 GPe:
486 3951 576 4004 nidere
595 3950 621 4005 V
719 3950 752 4003 16
770 3964 825 4002 esse
842 3947 946 4018 possint
965 3946 1002 4001 V:
1032 3962 1086 3999 non
1103 3948 1210 4015 possint
1227 3965 1246 4003 o

183 4039 217 4093 19
239 4038 377 4093 ismnaniis
400 4041 445 4106 (m.
463 4042 479 4092 1
497 4043 523 4092 et
539 4040 569 4101 2)
591 4037 618 4092 V
716 4037 751 4090 22
773 4052 833 4105 cap.
851 4033 957 4089 CCLXI
975 4049 1009 4087 en·
1026 4032 1165 4118 celim
1183 4050 1256 4090 corr.
1279 4035 1315 4090 V:

184 4125 382 4182 CCLXXVIP
406 4123 593 4180 CCLXXVIII
607 4125 649 4178 Ge
739 4123 975 4191 24intellegomus
988 4123 1048 4188 (om.
1061 4121 1134 4185 nt)v
1228 4121 1316 4192 2501]

183 4260 214 4300 ex
232 4245 322 4302 eodem
344 4245 411 4301 GPo
513 4243 547 4296 2?
565 4243 697 4315 quemuis]
716 4211 857 4312 quamuid'
874 4245 928 4310 (tes
945 4240 1010 4296 add.
1028 4257 1062 4294 m.
1081 4242 1112 4307 2)
1134 4239 1162 4294 V
