2760 4814
211 545 297 612 1040
695 534 861 607 Eusinuii

210 753 250 801 ea
277 751 357 817 quae
384 732 535 814 incipiant
567 748 634 797 esse
662 747 762 813 neque
783 730 994 812 personarent,
1022 728 1181 808 quantum
1204 743 1341 808 perseue-

210 841 317 905 ratura
352 837 478 919 sperata
513 837 600 912 sunt,
637 834 727 917 quasi
763 851 818 915 per
848 829 1078 914 paenitentiam
1113 827 1167 894 dei
1202 828 1340 896 dicuntur

211 940 330 1007 ablata.

662 1136 895 1223 dccxxvii.

210 1332 256 1379 DE
279 1329 324 1378 ΕΟ
346 1329 440 1391 QVOD
463 1330 633 1379 SCRIPTVM
657 1329 734 1377 EST:
768 1328 815 1374 LX
838 1327 941 1375 SVNT
964 1327 1157 1376 REGINAE
1181 1329 1231 1375 ΕΤ
1253 1325 1362 1375 mxl

211 1433 489 1484 coucvssmnlo
525 1434 574 1479 ΕΤ
609 1430 1018 1493 ADVLESCENTVLAE,
1053 1430 1233 1491 Qvnnvm
1266 1429 1339 1478 NON

624 1535 696 1583 EST
721 1535 929 1583 NVMERVS.

135 1658 200 1724 358
253 1655 405 1721 Donatius
429 1673 577 1721 numerus
598 1656 703 1739 potest
723 1654 901 1740 significare
924 1652 1144 1719 uniuersitatis
1169 1652 1337 1719 scientium.

212 1776 290 1842 quae
313 1759 341 1824 si
362 1758 403 1823 ad
425 1758 574 1824 interiora
597 1759 630 1825 et
652 1761 692 1825 ad
713 1758 930 1843 intelligibilia
950 1758 1113 1836 referatur,
1130 1776 1212 1842 quae
1227 1755 1338 1823 senario

211 1879 337 1928 numero
360 1861 589 1946 significantur,
612 1862 649 1927 fit
671 1864 761 1945 quasi
783 1865 882 1929 decies
905 1862 1014 1941 sexies,
1038 1861 1122 1944 quod
1147 1865 1197 1927 est
1225 1860 1294 1940 LX;
1314 1860 1362 1924 sic

210 1966 250 2031 ad
278 1967 403 2031 terrena
433 1967 464 2030 et
487 1966 711 2050 corruptibilia,
735 1985 815 2050 quae
836 1965 995 2033 octonario
1019 1983 1149 2031 numero
1173 1964 1337 2050 significari

211 2068 350 2152 possunt,
380 2067 462 2133 fiunt
491 2068 592 2136 decies
621 2068 729 2155 octies,
759 2068 842 2153 quod
870 2071 918 2135 est
947 2067 1071 2134 LXXX.
1106 2068 1240 2152 reginae
1272 2086 1337 2151 ergo

211 2174 285 2236 sunt
328 2171 451 2237 animae
496 2173 664 2256 regnantes
701 2171 735 2236 in
772 2171 1028 2258 intelligibilibus
1064 2176 1096 2236 et
1133 2171 1335 2256 spiritalibus.

210 2273 410 2354 concubinae,
440 2295 519 2358 quae
546 2278 723 2341 mercedem
753 2275 911 2360 accipiunt
934 2279 1139 2349 terrenorum,
1171 2274 1336 2357 dequibus

210 2377 330 2443 dictum
359 2382 422 2444 est:
452 2380 695 2463 acceperunt
721 2380 937 2444 mercedem
959 2396 1075 2444 suam.
1113 2378 1361 2444 adulescens

210 2480 1335 2566 tulac,quarumnonestnumerus,quarumnonestdetsrmi·

209 2587 286 2649 neta
312 2585 444 2651 scientia
474 2590 507 2651 et
539 2585 672 2651 diuersis
707 2585 907 2667 dogmatibus
936 2584 1109 2668 periclitari
1137 2588 1280 2667 possunt,
1306 2584 1336 2647 nt

209 2706 357 2754 numerus
390 2690 472 2771 quod
504 2689 625 2754 dictum
659 2690 707 2754 est
735 2687 892 2771 significet
920 2693 1038 2753 certam
1070 2686 1103 2752 et
1132 2687 1336 2753 indubitatam

209 2790 476 2857 confirmationem
502 2792 660 2858 scientiae.

525 2981 583 3069 [nn
609 2998 825 3049 reuponrnvs
847 2995 1025 3045 serenans.
1340 2997 1359 3038 a

133 3127 198 3194 359
251 3117 366 3198 Quaeri
386 3120 499 3204 potest,
522 3120 676 3201 quomodo
700 3121 740 3185 ab
757 3120 897 3204 apostolo
912 3119 1010 3186 Paulo
1033 3118 1156 3183 dictum
1171 3119 1230 3184 sit:
1253 3120 1334 3183 ante

208 3223 388 3304 tempora
409 3225 579 3288 aeterna.
603 3222 649 3307 <si
663 3223 746 3289 enim
761 3222 913 3305 te'mpcra,
930 3221 1082 3305 quomodo
1104 3223 1258 3287 aeterna?
1278 3217 1333 3285 nisi

207 3326 288 3392 forte
319 3331 392 3392 ante
414 3328 520 3391 omnia
540 3326 699 3413 tempora)
720 3326 865 3408 intellegi
888 3324 998 3391 uoluit.
1036 3323 1119 3407 quia,
1143 3327 1173 3389 si
1195 3324 1331 3391 dixisset:

207 3432 280 3497 ante
310 3434 459 3513 tempora,
487 3449 586 3513 neque
609 3429 793 3496 addidisset:
818 3433 994 3509 aeterna,
1018 3430 1123 3512 posset
1143 3430 1244 3517 accipi
1265 3430 1330 3493 ants

310 3617 383 3684 obt
401 3617 444 3686 15)
462 3616 540 3672 Ceut.
559 3617 584 3682 6,
602 3618 619 3671 7
723 3619 756 3673 15
773 3615 873 3672 Meton.
892 3616 918 3680 6,
935 3615 953 3668 2
1049 3615 1082 3670 21
1103 3614 1159 3671 Tit.
1179 3618 1203 3683 1,
1219 3616 1238 3671 2

258 3788 272 3841 l
301 3786 435 3856 incipiant
464 3787 500 3841 V:
536 3786 670 3854 incipiunt
697 3786 725 3840 P
860 3788 877 3840 3
903 3787 1026 3856 repobus
1050 3802 1111 3856 cap.
1138 3786 1278 3845 COCXXV
1302 3787 1330 3840 ia

207 3874 263 3931 GP
362 3873 382 3927 4
409 3889 468 3942 cap.
495 3872 696 3928 cccxbvlm
723 3873 749 3927 P
784 3872 897 3929 ccclv
925 3874 952 3930 G
1060 3875 1094 3928 11
1123 3877 1258 3930 octonario
1284 3874 1330 3930 1²²:

205 3959 370 4030 octoginario
389 3959 416 4013 V
437 3960 608 4027 octogenario
626 3958 664 4013 P¹
753 3960 786 4013 14
805 3958 836 4013 de
853 3959 951 4029 quibus
967 3959 1005 4014 V:
1032 3963 1060 4013 et
1078 3958 1228 4029 dequibus
1246 3963 1273 4016 P

205 4045 240 4099 20
261 4062 332 4114 quac
354 4046 451 4100 seclusi
472 4062 523 4100 om.
548 4044 613 4099 MV
720 4061 782 4115 cap.
805 4045 892 4101 cccl,
915 4045 944 4100 P
972 4044 1100 4101 CCCLVI
1124 4045 1151 4102 G
1255 4049 1331 4103 acter-

205 4131 249 4185 nis
269 4131 308 4187 G:
334 4147 386 4186 om.
404 4132 432 4186 P
532 4134 563 4187 21
584 4131 618 4185 ab
637 4131 715 4187 G’P:
741 4148 791 4187 ons.
813 4132 850 4187 G‘
948 4132 983 4186 22
1001 4132 1024 4184 si
1043 4132 1253 4190 enim-omnin
1269 4139 1333 4190 tem·

205 4231 271 4285 pora
293 4234 326 4272 a:
355 4232 406 4271 om.
434 4217 488 4272 GP
589 4218 624 4273 23
646 4223 711 4273 acte
734 4219 860 4288 intellegi
884 4218 949 4274 add.
970 4219 1009 4274 θ’
1032 4219 1063 4273 ia
1079 4236 1147 4290 sap:
1178 4224 1272 4290 eterni

203 4302 278 4372 quie,
296 4304 321 4356 si
338 4319 370 4357 a:
399 4304 477 4372 qussi
497 4304 553 4360 GP
646 4303 681 4358 24
701 4308 791 4374 posset
807 4322 841 4360 o:
870 4307 956 4375 possit
978 4304 1047 4360 G¹P
1075 4310 1107 4360 ut
1125 4308 1215 4375 pessit
1233 4309 1273 4367 θ’

203 4388 289 4459 accipi
316 4391 380 4443 ante
405 4389 535 4459 quaedam
564 4389 615 4446 G':
646 4390 781 4461 accipient
807 4390 945 4462 quende
972 4390 1007 4448 θ’
1044 4392 1203 4463 ancipiente
1225 4395 1337 4468 quadam
