2760 4814
222 111 387 181 Eroerpta
406 129 441 165 ex
458 129 526 181 opp.
544 112 570 164 S.
589 113 778 182 Augustini
797 113 888 168 CXCI.
907 114 1012 169 CXCII.
1117 115 1179 180 647

52 303 284 369 cathedram
306 300 432 385 Moysi
452 301 600 366 sedent.
640 321 736 385 qnae
759 302 898 369 dicunt
920 303 1059 389 facit03
1083 322 1180 387 quae

54 407 185 472 autem
219 403 375 470 faciunt
407 404 538 469 facere
571 406 713 489 nolite;
748 403 887 470 dicunt
916 404 1018 470 enim
1047 409 1085 472 et
1106 425 1181 473 non

54 507 224 574 faciunt
261 524 334 590 ergo
363 506 486 572 institia
515 525 621 572 eorum
651 509 700 572 est
729 509 830 573 dicere
853 510 885 573 et
913 526 973 574 non
1003 508 1110 589 facere,
1145 529 1182 577 ae

55 630 112 694 per
134 611 193 676 hoo
215 612 354 675 nostram
378 629 445 676 esse
460 611 562 675 uoluit
577 610 789 677 abundantem
804 629 898 693 super
919 611 1055 695 illorum,
1079 614 1181 680 dicere

35 720 90 783 set
120 715 230 781 faeere.
272 733 350 797 quae
380 715 407 779 si
437 733 497 779 non
528 714 654 793 fuerint,
690 733 752 779 non
785 713 956 780 intrabitur
990 715 1024 781 in
1049 735 1182 800 regnum

57 821 225 898 caelorum,
247 838 308 884 non
331 819 405 901 quia
426 818 590 901 quisquam
612 817 705 884 debet
726 819 772 884 ita
786 819 902 900 extolli,
925 822 971 898 ut,
995 837 1056 883 non
1079 819 1183 884 dicam

57 924 140 1008 apud
163 923 239 988 alios
261 924 385 1007 iactare,
408 923 463 987 sed
485 924 561 1004 aput
581 941 614 986 se
636 923 739 1004 ipsum
762 923 872 1005 putare
887 921 1001 987 audeat
1015 940 1048 987 se
1070 922 1102 986 in
1124 923 1183 987 hae

57 1030 123 1093 uita
146 1044 213 1091 esse
234 1027 300 1091 sine
323 1029 465 1108 peccat03
488 1024 541 1090 sed
564 1024 626 1088 nisi
648 1026 753 1090 essent
769 1027 919 1108 quaedam
940 1025 988 1090 ita
1002 1024 1123 1109 grauia,
1145 1028 1182 1090 ut

56 1132 153 1196 etiam
175 1129 491 1195 excommunicatione
511 1129 676 1212 plectenda
692 1130 765 1209 sint,
788 1148 850 1196 non
874 1130 993 1215 diceret
1007 1128 1181 1212 apostolus:

28 1234 317 1316 incongregatis
353 1233 465 1299 uobis
499 1236 535 1297 et
569 1251 650 1297 meo
686 1232 837 1315 spiritu
874 1233 1030 1298 tradere
1063 1232 1183 1297 huius

56 1337 162 1402 modi
192 1341 354 1401 satanae
383 1338 423 1402 in
444 1335 655 1400 interitum
677 1337 824 1413 carnis,
846 1337 892 1400 ut
913 1336 1084 1418 spiritus
1106 1336 1184 1402 sal-

56 1458 129 1505 uus
163 1439 220 1504 sit
252 1440 290 1505 in
321 1439 422 1505 diem
455 1438 603 1503 domini
638 1438 737 1503 Iesu.
775 1441 855 1505 unde
888 1439 985 1503 etiam
1018 1439 1111 1504 dicit:
1139 1458 1184 1504 ne

57 1547 216 1628 lugeam
238 1542 385 1608 multos
407 1563 450 1607 ex
472 1543 533 1607 his
559 1542 626 1626 qui
648 1545 738 1606 ante
760 1544 1030 1624 peccauerunt
1051 1545 1088 1610 et
1109 1563 1185 1610 non

58 1650 229 1733 egerunt
250 1645 539 1729 paenitentiam
562 1663 679 1729 super
708 1644 970 1712 immunditia
991 1649 1030 1712 et
1059 1647 1185 1713 forni-

10 1752 235 1830 mcatione‚
257 1768 370 1833 quam
392 1749 611 1832 gesserunt.
642 1747 720 1813 item
741 1748 802 1813 nisi
825 1750 927 1814 essent
948 1751 1100 1832 quaedam
1122 1768 1184 1816 non

60 1872 96 1918 ea
125 1853 306 1919 humilitate
336 1852 545 1936 paenitentiae
574 1852 723 1935 sananda,
753 1851 854 1934 qualis
884 1852 918 1916 in
942 1852 1070 1918 eeclesia
1091 1853 1185 1918 datur

61 1957 104 2022 eis
141 1958 195 2040 qui
231 1956 353 2040 proprie
385 1956 576 2039 paenitentes
608 1957 772 2039 uocantm,
810 1956 865 2021 ssd
898 1954 1083 2039 quibusdam
1116 1973 1185 2020 cor·

62 2060 239 2143 reptionnm
261 2059 506 2139 medicamentis,
529 2076 591 2123 non
613 2059 728 2124 diceret
751 2058 893 2123 dominus
915 2058 999 2141 ipse:
1029 2058 1185 2142 corripe

63 2182 145 2227 enm
168 2162 275 2228 inter
297 2164 336 2227 te
358 2165 396 2226 et
418 2163 548 2244 ipsum
579 2166 633 2247 et,
661 2162 694 2226 si
717 2165 754 2226 to
776 2161 971 2240 audierit,
1003 2160 1186 2227 lucratus

10 2287 48 2329 o
64 2285 100 2331 es
120 2266 289 2332 fratrem
310 2265 431 2331 tunm.
464 2269 620 2347 postremo
642 2264 705 2329 nisi
723 2268 824 2329 essent
842 2265 1003 2347 quaedam,
1026 2264 1093 2329 eine
1116 2262 1185 2346 qui·

63 2369 119 2434 bus
140 2369 217 2434 haec
245 2367 314 2433 uita
342 2385 404 2433 non
432 2369 547 2452 agitur,
578 2386 638 2434 non
663 2367 850 2433 cotidianam
871 2366 1038 2433 medellam
1058 2370 1186 2450 poneret

63 2472 95 2536 in
117 2472 267 2548 oratione,
301 2490 395 2554 qnam
416 2471 529 2550 docuit,
553 2473 589 2536 ut
611 2471 770 2537 dieamus:
799 2471 957 2537 dimitto
986 2469 1096 2536 nobis
1126 2471 1185 2535 de·

64 2575 146 2640 bita
176 2575 325 2653 nostra,
359 2576 467 2641 sicut
496 2580 533 2640 et
563 2593 630 2641 nos
660 2574 905 2640 dimittimus
928 2574 1185 2640 debitoribus

63 2680 219 2746 nostris.

165 2879 300 2936 101001.
318 2882 344 2949 a,
359 2881 425 2950 req.
512 2880 545 2935 12
563 2879 593 2936 11
605 2879 664 2936 cor.
683 2881 725 2945 ιι,
742 2880 774 2934 ιι
864 2881 897 2936 rs
913 2879 1012 2935 man.
1031 2881 1072 2947 rs,
1087 2881 1119 2935 ιι

63 2968 96 3021 aa
113 2967 213 3022 man
231 2968 256 3035 e,
275 2967 308 3022 m

115 3143 128 3196 l
148 3138 303 3196 cathedram
322 3139 460 3194 G²MPV2
488 3137 653 3194 cathedra'A
680 3153 760 3208 snper
771 3136 923 3192 cathedram
936 3137 991 3193 G‘o
1087 3137 1184 3209 Moysi]

64 3228 131 3281 mosi
147 3227 176 3282 A
204 3225 304 3296 moysi.
320 3232 344 3292 (a
362 3229 426 3290 raa)
446 3226 473 3281 G
502 3240 610 3295 moysen
629 3225 694 3280 MV
792 3224 894 3293 dpoet
917 3239 1007 3278 eorum
1029 3240 1082 3280 rus.
1100 3228 1118 3279 4
1135 3225 1187 3280 litt.

63 3312 91 3367 P
190 3310 423 3367 habundantem
446 3308 476 3379 (h
493 3314 559 3378 ras)
582 3310 611 3365 P
709 3313 726 3365 5
750 3310 851 3364 inerint
873 3310 941 3365 AV:
970 3311 1053 3365 fuerit
1075 3311 1119 3366 Po

63 3399 123 3454 o..
139 3399 206 3469 qnia
222 3397 251 3452 P
343 3396 384 3451 ita
401 3396 479 3451 debet
496 3397 568 3452 APo
664 3396 769 3450 talias
785 3396 864 3452 A¹P¹
958 3395 1030 3466 apud
1048 3396 1120 3452 APo

65 3486 95 3541 11
116 3485 156 3557 in]
180 3500 232 3542 ons.
255 3484 284 3541 Ρ
386 3484 419 3538 12
437 3483 507 3539 diem
525 3483 621 3538 P¹Voz
647 3482 690 3537 die
707 3483 773 3538 AP¹
877 3482 910 3538 13
932 3483 1054 3553 luogeam
1074 3487 1102 3545 (n
1119 3484 1187 3550 roe)

62 3572 90 3624 A
210 3570 245 3626 14
270 3569 470 3625 immunditiam
496 3568 533 3624 Ρ1
653 3568 855 3624 fomisotionem
884 3566 912 3621 V
1038 3569 1070 3624 15
1095 3571 1187 3642 quam]

62 3670 142 3726 quem
166 3656 196 3711 A
310 3655 343 3710 17
369 3655 416 3726 eis]
442 3671 486 3710 eos
513 3654 541 3710 V
650 3656 773 3724 propriae
798 3653 907 3711 A¹P¹V
1016 3656 1187 3726 quibusdam]

61 3750 173 3821 quidm
193 3750 221 3808 V
325 3751 518 3807 conectionnm
542 3750 570 3805 P
676 3749 710 3804 18
734 3749 790 3819 ipae
811 3749 935 3805 dominus
956 3750 1028 3805 APe
1129 3767 1189 3807 car·

60 3854 120 3926 ripa
142 3854 171 3909 A
274 3852 307 3909 19
328 3838 381 3908 te⁸⁸
397 3853 487 3923 ipsum
504 3856 545 3922 (et
557 3851 625 3924 *aaa
642 3869 677 3908 oa
695 3854 726 3919 2)
750 3854 778 3906 A
880 3852 1084 3923 lpsum1ipsnm
1101 3854 1188 3910 solum

60 3948 107 4005 Pe
208 3947 316 4017 silom
341 3948 473 4018 te),APo
574 3948 610 4003 20
632 3945 746 4002 tratrm
769 3945 798 4002 P
897 3945 931 4003 21
952 3946 1121 4004 medelamo

57 4034 97 4090 23
113 4032 283 4091 dimittemm
299 4034 328 4090 A
