2760 4814
130 325 193 391 ree
614 316 777 385 ruerem

130 515 244 581 audit
265 532 335 591 me,
360 531 428 596 ego
452 529 525 575 non
547 510 734 575 iudicabo
764 510 891 574 illum.
932 512 1075 575 fortassis
1106 511 1193 575 enim
1215 510 1258 575 ite

130 620 189 683 hoe
211 616 305 682 dixit:
339 633 409 696 ego
439 632 511 678 nen
538 613 719 678 iudicabo
754 613 877 691 illum,
913 612 1179 695 quemadmodum
1202 612 1256 679 ibi:

130 739 203 785 non
227 722 285 782 est
308 736 430 782 meum
453 717 545 782 dure
575 716 697 781 uobis,
736 717 789 781 sed
812 715 888 796 qnid
910 716 962 779 hie
985 717 1158 797 sequitur?
1189 734 1257 782 nen

131 823 232 888 enim
261 821 368 893 neni,
400 820 512 902 inquit,
544 822 585 885 ut
611 820 782 884 indicem
805 818 1002 897 mundum,
1034 819 1101 883 sed
1125 819 1257 884 11111-

130 946 218 991 num
243 925 386 989 faciam
410 924 601 989 mundum.
641 924 752 987 deinde
775 921 919 1005 adiungit
942 923 974 985 et
996 923 1090 987 dicit:
1121 925 1187 1006 qui
1210 938 1283 985 mes

131 1030 285 1114 spernit
314 1030 351 1093 et
380 1047 450 1093 nen
480 1028 627 1110 ancipit
652 1029 772 1092 uerba
793 1044 888 1104 mea,
912 1024 1035 1089 habet
1058 1025 1123 1107 qui
1148 1044 1186 1090 se
1206 1024 1257 1088 iu-

130 1134 246 1199 dicet.
285 1134 334 1196 hie
365 1133 428 1196 iem
462 1129 720 1214 intellegeremus
750 1130 888 1208 patrem,
923 1126 983 1190 nisi
1015 1125 1202 1207 adiungeret
1229 1132 1258 1191 et

130 1236 262 1301 diceret:
286 1233 466 1311 uerbum,
489 1234 587 1316 quod
611 1232 766 1297 loeutus
789 1250 887 1305 sum,
910 1232 1037 1312 ipsum
1059 1228 1258 1295 iudieubit

130 1339 245 1404 illum
268 1336 306 1402 in
330 1337 550 1402 nouissime
572 1337 642 1399 die.
666 1336 740 1416 quid
764 1334 884 1415 igitur?
906 1333 971 1396 ism
987 1349 1045 1396 nee
1067 1331 1156 1397 lilius
1179 1330 1257 1397 indi·

130 1441 224 1517 tebit,
258 1438 331 1519 quia
361 1437 459 1504 dixit:
495 1455 564 1521 ege
593 1454 667 1501 nen
697 1437 882 1501 iudicabo
915 1434 1044 1512 illum,
1081 1438 1286 1517 1111111111

132 1543 187 1606 sed
209 1541 349 1622 uerbum,
373 1540 456 1622 quod
482 1540 604 1606 loeutus
626 1541 675 1604 est
696 1539 803 1604 filins?
833 1539 930 1602 immo
952 1537 1027 1602 audi
1049 1537 1156 1602 adhue
1180 1536 1257 1620 qued

130 1644 285 1727 sequitur:
320 1642 411 1723 quia
443 1662 526 1727 ege,
560 1643 675 1727 inquit,
709 1659 781 1706 nou
812 1660 855 1707 ex
884 1661 941 1706 me
974 1640 1133 1707 loeutus
1164 1660 1256 1719 sum,

131 1746 200 1810 sed
229 1745 302 1810 ille
333 1746 395 1827 qui
426 1746 538 1811 misit
560 1766 616 1811 me
646 1751 775 1827 pater,
806 1744 880 1809 ille
910 1744 1140 1809 mandatum
1163 1744 1257 1809 milri

132 1849 258 1923 dedit,
297 1848 388 1929 quid
425 1849 551 1913 diuam
583 1853 622 1913 et
656 1848 750 1931 quid
783 1848 928 1930 loquar.
967 1850 1004 1911 et
1037 1848 1134 1925 seio,
1175 1850 1258 1932 quia

131 1952 353 2016 mundatum
377 1952 459 2015 eius
488 1953 574 2018 uita
605 1956 764 2017 aeterne
791 1956 858 2016 eet.
896 1969 992 2033 quse
1015 1967 1082 2031 ego
1107 1951 1284 2035 loquetae

129 2054 187 2119 ite
209 2057 252 2119 ut
273 2055 378 2119 dixit
401 2053 494 2117 milri
518 2055 645 2135 peter,
676 2056 732 2118 sie
759 2053 906 2134 loquor.
945 2053 972 2118 ei
995 2070 1069 2135 erge
1093 2071 1155 2118 non
1179 2054 1257 2120 iudi·

130 2162 180 2221 eet
211 2156 306 2239 filius,
337 2157 392 2221 sed
422 2158 566 2234 uerbum,
597 2157 678 2238 qued
706 2158 831 2220 loeutus
862 2159 908 2220 est
935 2155 1030 2235 filins,
1063 2155 1133 2222 idee
1155 2165 1255 2223 autem

130 2261 251 2325 iudicat
266 2262 408 2338 uerbum,
432 2260 514 2342 qued
530 2262 652 2324 loeutus
669 2261 716 2323 est
738 2258 835 2336 lilius,
859 2258 931 2341 quia
953 2276 1118 2324 nonense
1139 2262 1256 2325 loeutus

133 2366 181 2428 est
209 2364 302 2441 lilius,
332 2363 385 2428 sed
417 2364 469 2445 qui
492 2363 581 2427 misit
603 2382 673 2428 eum
697 2364 785 2444 peter
807 2365 991 2428 mandatum
1014 2362 1041 2426 ei
1065 2361 1164 2439 dedit,
1188 2361 1256 2446 qnid

131 2466 216 2531 dieat
238 2468 270 2528 et
299 2465 372 2546 quid
404 2464 565 2547 loquatur:
596 2471 684 2547 puter
714 2465 822 2546 utique
852 2464 978 2543 iudicat,
1009 2465 1098 2529 euius
1129 2465 1280 2533 uerbum:

131 2574 188 2643 est,
219 2567 299 2649 qued
330 2569 453 2632 loeutus
484 2570 532 2633 est
560 2568 654 2646 filius,
688 2570 782 2649 atque
814 2567 919 2649 ipsum
949 2565 1093 2644 uerbum,
1125 2567 1255 2633 uerbum

131 2672 238 2753 patris,
269 2669 353 2734 idem
383 2671 449 2751 ipse
479 2676 527 2735 est
557 2670 650 2736 filius.
689 2690 749 2735 nen
780 2672 862 2735 euim
893 2670 978 2735 aliud
1003 2673 1051 2735 est
1073 2672 1256 2735 mandatnm

131 2774 237 2855 patrie,
261 2772 344 2837 alind
368 2776 499 2839 uerbum
522 2776 636 2857 petris3
672 2793 744 2838 nam
768 2778 801 2837 et
822 2775 983 2839 uerbum
1004 2772 1063 2836 hee
1084 2774 1256 2856 appellauit

131 2881 163 2941 et
186 2875 420 2941 mandatum.
452 2877 613 2941 uideamus
636 2894 719 2959 erge,
742 2896 781 2941 ne
804 2876 883 2940 forte
907 2876 988 2958 quod
1009 2874 1071 2941 ait:
1094 2894 1163 2959 ego
1187 2894 1257 2941 nen

131 2998 172 3043 er
201 2998 257 3044 me
288 2978 448 3043 loeutus
477 2998 574 3057 sum,
609 2980 667 3044 hee
688 2980 832 3063 intellegi
861 2978 1011 3045 uoluerit:
1037 2996 1114 3063 „ego
1138 2998 1200 3046 nen
1223 2994 1296 3045 exse·

32 3086 36 3095 “
129 3103 180 3149 me
204 3085 296 3147 uetus
319 3086 418 3147 sum“.
453 3082 480 3147 si
509 3083 594 3147 enim
625 3086 753 3149 uerbum
783 3084 883 3166 patris
913 3082 1061 3165 loquitur,
1091 3101 1125 3147 se
1154 3084 1257 3166 ipsum

130 3187 276 3268 loquitur,
301 3187 374 3267 qnia
395 3188 462 3268 ipse
485 3187 532 3249 est
554 3186 684 3250 uerbum
707 3188 814 3268 patris.
850 3187 1033 3268 plerumque
1056 3184 1141 3250 enim
1164 3185 1257 3252 dicit:

128 3289 238 3354 dedit
259 3288 352 3354 mihi
376 3292 501 3371 puter3
524 3292 556 3352 in
575 3306 635 3369 que
651 3288 721 3352 uult
744 3288 896 3371 intellegi,
921 3289 1089 3369 quodsum
1113 3289 1258 3373 genuerit

129 3394 229 3474 puter,
251 3393 288 3455 ut
310 3410 372 3456 nen
395 3392 456 3457 iem
481 3394 641 3473 tamquam
665 3391 831 3457 exsistenti
846 3394 878 3456 et
898 3410 960 3455 nen
984 3389 1113 3456 habenti
1138 3390 1257 3457 dederit

230 3560 415 3626 fflmmffi

181 3718 194 3769 1
220 3730 263 3769 me
284 3715 320 3768 V:
350 3716 429 3771 uerba
446 3734 505 3772 mes
525 3718 594 3773 GPe
697 3718 759 3787 non]
779 3734 829 3772 om.
853 3718 887 3771 θ’
991 3716 1107 3770 2111111
1130 3716 1170 3769 V:
1200 3731 1257 3771 eum

127 3816 144 3854 v
230 3801 329 3870 3quid
350 3802 387 3855 V:
411 3818 460 3856 orn.
481 3804 551 3859 GPv
638 3803 917 3873 lintellegerimusn
985 3802 1150 3869 Blequutue
1167 3802 1194 3855 V

127 3886 144 3937 9
171 3886 316 3939 nouissimo
345 3887 388 3943 Ge
494 3891 523 3942 ll
550 3890 649 3957 (1112)
674 3890 800 3959 loquutus
828 3889 855 3944 V
954 3888 1045 3956 immo]
1073 3890 1147 3941 inmo
1176 3906 1192 3943 r

129 3972 162 4025 12
195 3972 300 4025 loeutus
312 3973 494 4027 sum-dicem
506 3975 542 4043 et]
556 3992 606 4029 ont.
618 3992 635 4027 u
731 3976 765 4029 14
783 3974 848 4043 quid
861 3975 954 4043 loquer
972 3975 1007 4027 V:
1025 3972 1130 4041 aliquid
1145 3974 1193 4029 lu

128 4058 160 4111 11
174 4058 226 4125 (18.
238 4057 282 4121 21)
295 4058 421 4127 loquutus
438 4059 463 4112 V
549 4062 579 4114 19
597 4061 672 4115 dedit
685 4061 709 4114 ei
727 4078 744 4115 v
829 4060 861 4113 21
882 4061 990 4114 uerbum
1004 4058 1114 4112 uerbum
1134 4059 1259 4125 (uerbum

127 4158 179 4215 del.
196 4160 272 4227 ut2)
291 4158 326 4213 V:
356 4159 467 4213 uerbum
487 4160 530 4215 Ge
627 4162 660 4215 25
679 4162 808 4229 loquutus
830 4161 854 4215 V
947 4160 1155 4231 deindidem.
1175 4182 1192 4221 e

127 4246 161 4301 29
178 4246 232 4301 iam
250 4248 390 4315 tamquam
408 4247 486 4301 P²V=
516 4250 652 4315 tamquam
674 4248 766 4303 G¹P¹e
795 4254 933 4318 tamquam
951 4249 1004 4301 iem
1024 4247 1063 4304 θ’
