2760 4814
203 535 266 600 984
683 532 846 602 Eusmufi

203 722 356 801 dexterae,
379 724 415 786 ut
436 720 558 786 scilieet
585 741 646 787 non
669 722 759 788 modo
782 722 1001 804 temporalium
1024 739 1132 785 rerum
1155 721 1225 785 sola
1247 720 1327 804 cupi·

203 828 304 892 ditate
327 844 490 892 caueamus
513 827 725 909 elemosynam
748 826 857 903 lacere,
880 825 934 891 sed
957 842 1012 890 nec
1034 825 1082 890 ita
1102 825 1137 888 in
1159 822 1222 889 hoc
1243 842 1326 906 opere

204 931 404 995 attendamus
434 930 537 1007 deum,
571 932 607 994 ut
635 948 702 994 sese
730 930 862 995 misceat
892 930 943 994 uel
966 928 1116 1012 adiungat
1142 927 1324 992 exteriorum

206 1033 357 1115 appetitio
380 1035 622 1098 commodorum.
651 1033 754 1115 agitur
777 1033 860 1098 enim
883 1032 921 1097 de
943 1032 1034 1097 eorde
1057 1032 1222 1108 mundato,
1253 1028 1325 1111 qnod

204 1136 263 1200 nisi
298 1135 392 1200 luerit
425 1135 566 1218 simplex,
599 1138 750 1201 mundum
778 1153 838 1200 non
867 1136 934 1200 erit.
971 1135 1102 1217 simplex
1125 1140 1235 1199 autem
1256 1149 1350 1215 quo-s

204 1242 294 1305 modo
317 1241 385 1319 erit,
407 1241 436 1306 si
452 1242 570 1305 duobus
587 1240 719 1304 dominis
745 1240 861 1304 seruiet
883 1257 938 1303 nec
958 1257 1019 1302 una
1033 1237 1212 1303 intentione
1228 1252 1325 1301 rerum

204 1349 401 1409 aeternarum
424 1344 567 1424 purificat
590 1344 687 1408 aciem
710 1361 809 1424 suam,
839 1342 893 1407 sed
916 1360 983 1407 eam
1007 1341 1189 1407 mortalium
1212 1357 1325 1423 quoqne

204 1446 421 1529 fragiliumque
449 1466 553 1511 rerum
575 1465 679 1512 amore
713 1446 896 1511 obnubilat?
932 1446 986 1509 sit
1008 1462 1079 1528 ergo
1102 1446 1325 1527 elemosyna

204 1550 273 1614 tua
299 1550 338 1614 in
367 1551 614 1625 abscondito,
644 1550 682 1613 et
703 1552 815 1631 pater
843 1554 952 1630 tuus,
985 1547 1051 1630 qui
1074 1549 1184 1612 uidet
1204 1547 1246 1610 in
1269 1543 1325 1609 ab·

205 1653 402 1726 scondito,
426 1652 564 1717 reddet
586 1651 677 1717 tibi:
706 1653 879 1716 rectissime
901 1651 1026 1714 omnino
1050 1654 1082 1714 et
1105 1649 1280 1713 nemesime.
1301 1644 1352 1709 sin

206 1755 291 1820 enirn
314 1757 487 1838 praemium
504 1756 543 1820 ab
560 1773 594 1820 eo
608 1759 767 1838 exspectas
783 1757 836 1837 qui
853 1754 1056 1819 conscientiae
1071 1755 1157 1818 solus
1174 1752 1325 1834 inspector

206 1861 262 1935 est,
288 1857 423 1924 sufficiat
446 1860 505 1924 tibi
528 1862 566 1924 ad
588 1863 824 1941 promerendum
848 1858 1019 1941 praemium
1042 1856 1112 1939 ipsa
1126 1855 1325 1921 conscientia

698 2129 838 2214 CCOVI.

209 2319 276 2368 CVR
293 2320 460 2368 ORANDVM
478 2321 529 2369 SIT
544 2320 613 2369 DEO
630 2320 780 2381 selenus,
800 2321 884 2380 QVID
899 2319 998 2368 NOBIS
1016 2320 1068 2367 SIT
1085 2316 1327 2368 Nsscmssnuml.

584 2426 629 2471 Ex
652 2426 770 2472 EODEM
792 2425 895 2472 LIBRO
917 2426 952 2472 ΙΙ.
1335 2421 1354 2463 1⁵

137 2564 196 2629 331
253 2560 365 2642 Quaeri
399 2562 511 2645 potest,
549 2561 615 2627 siue
649 2561 740 2627 rebus
774 2562 841 2626 siue
863 2559 968 2626 uerbis
990 2559 1140 2624 orandum
1173 2559 1228 2637 sit,
1262 2554 1328 2640 quid

212 2685 288 2749 opus
317 2666 359 2730 sit
388 2668 455 2747 ipsa
484 2664 632 2745 oratione,
669 2666 697 2729 si
734 2665 808 2730 deus
842 2667 902 2730 iam
932 2664 1029 2740 nouit,
1059 2662 1133 2745 quid
1166 2661 1256 2726 nobis
1290 2659 1328 2722 sit

209 2768 427 2847 neceesarium,
461 2767 522 2832 nisi
550 2770 623 2850 quia
656 2768 725 2850 ipsa
757 2767 907 2835 orationis
939 2766 1071 2831 intentio
1102 2781 1154 2828 cor
1188 2766 1327 2828 nostrum

210 2875 334 2936 serenat
371 2874 403 2934 et
439 2874 553 2955 purgat
588 2872 788 2954 capaciusque
816 2870 915 2935 efficit
947 2870 985 2934 ad
1014 2867 1197 2949 excipienda
1228 2862 1328 2929 diuina

210 2992 348 3052 munera,
365 2991 442 3055 quae
450 2973 637 3055 spiritaliter
652 2973 741 3039 nobis
757 2974 973 3039 intunduntur.
989 2990 1049 3037 non
1065 2971 1151 3035 enim
1161 2967 1354 3035 ambitiones·

210 3095 338 3161 precum
366 3094 421 3140 nos
445 3077 569 3141 exaudit
596 3077 681 3155 deus,
709 3076 763 3159 qui
785 3094 905 3157 sempor
926 3078 1054 3157 paratus
1076 3077 1123 3138 est
1147 3074 1223 3139 dare
1244 3086 1328 3136 snam

210 3180 314 3246 lucem
337 3179 425 3244 nobis
453 3197 514 3243 non
536 3179 705 3257 nisibilem,
736 3181 789 3244 sed
819 3177 1058 3261 intellegibilem
1087 3179 1119 3240 et
1149 3174 1327 3258 spiritalem,

211 3285 265 3349 sed
297 3300 352 3349 nos
375 3302 436 3348 non
464 3302 586 3366 semper
612 3283 715 3366 parati
737 3302 844 3348 sumus
866 3281 1015 3365 accipere,
1050 3298 1121 3345 cum
1144 3279 1328 3344 inclinamur

211 3387 245 3452 in
267 3385 372 3452 inania
388 3387 420 3452 et
434 3406 540 3452 rerum
554 3387 771 3469 temporalium
788 3386 960 3468 eupiditate
975 3384 1186 3449 tenebramur.
1209 3383 1327 3465 litargo

212 3491 246 3555 in
269 3489 409 3555 oratione
432 3492 590 3555 conuersio
614 3490 714 3555 cordis
738 3491 777 3556 ad
801 3508 872 3553 oum
895 3489 948 3571 qui
970 3506 1089 3570 semper
1112 3487 1188 3552 dare
1208 3486 1368 3568 paratum

212 3595 270 3671 est,
307 3595 333 3659 si
366 3611 422 3658 nos
456 3593 615 3675 capiamus
643 3593 724 3675 quod
752 3592 881 3671 dederit,
918 3593 950 3656 et
977 3591 1009 3656 in
1039 3591 1107 3672 ipsa
1135 3589 1326 3655 conuersionc

313 3781 330 3835 6
349 3780 382 3834 ci.
402 3778 501 3833 Metto.
519 3779 544 3844 6,
561 3779 596 3832 24
696 3780 714 3832 8
732 3777 829 3832 maun.
847 3778 872 3845 6,
889 3778 906 3831 4

265 3949 279 4002 1
299 3948 406 4002 dextrae
423 3950 478 4004 GP
560 3950 591 4002 ut
607 3946 672 4002 GP:
689 3950 717 4001 et
732 3948 759 4003 V
842 3947 898 4002 sola
909 3948 1097 4016 temporalium
1109 3964 1200 4002 rernm
1216 3945 1268 4001 GP

212 4033 230 4086 4
253 4031 381 4087 mundato
409 4033 444 4088 V:
474 4034 626 4089 mundando
651 4033 706 4089 GP
808 4034 824 4088 6
847 4035 930 4088 seruit
950 4034 1004 4089 GP
1106 4032 1322 4104 strepitumque

218 4117 254 4173 G:
289 4116 428 4185 fragilium
452 4120 491 4174 1²²
526 4119 688 4188 flagitiumq·
715 4120 742 4175 V
773 4120 908 4190 flagitium
932 4120 969 4175 P¹
1072 4119 1219 4173 elemosina
1244 4116 1269 4170 V

215 4218 248 4273 13
265 4216 396 4273 CCCXXI
409 4221 468 4288 (cic)
486 4221 514 4276 P
536 4211 917 4305 fflldclmsslff
1004 4223 1036 4276 14
1053 4221 1168 4291 quurP
1247 4230 1321 4272 necor

214 4337 315 4393 aenum
332 4337 408 4394 nobie
426 4340 463 4395 ait
480 4341 509 4396 P
599 4344 631 4398 15
649 4344 688 4414 ex]
707 4326 774 4429 item
790 4358 821 4398 ex
839 4342 866 4397 P
950 4341 983 4397 21
1003 4358 1078 4396 enam
1091 4341 1155 4398 GP:
1183 4336 1268 4395 rusV

214 4458 249 4513 24
266 4459 295 4514 in
312 4460 403 4515 inania
419 4462 531 4531 scripsi:
559 4463 652 4518 inania
673 4463 699 4518 V
724 4463 754 4517 in
773 4462 827 4517 alia
846 4462 872 4518 θ
901 4462 936 4517 ad
954 4461 1008 4517 ulia
1024 4462 1052 4517 P
