2760 4814
198 295 260 362 608
678 293 844 363 Eugippii

198 488 225 551 si
259 485 422 551 mendacia
455 485 638 560 dixerimus,
674 504 781 550 omnes
815 486 908 552 etiam
942 485 1105 568 parabolae
1137 501 1174 550 ac
1207 485 1333 571 figurae

199 588 471 673 significandarum
494 607 686 672 quarumque
708 608 822 667 rerum,
853 608 930 673 quae
953 608 1014 654 non
1037 588 1076 655 ad
1098 588 1327 672 proprietatem

199 689 396 773 accipiendae
426 691 507 765 eunt,
539 691 590 753 sed
621 691 653 754 in
677 690 720 753 eis
743 688 829 754 alind
852 708 887 754 ex
910 689 972 755 alio
996 692 1043 755 eet
1067 690 1326 776 intellegendum,

199 794 342 859 dicentur
375 810 442 856 esse
474 792 654 876 mendacia;
691 791 773 874 qnod
802 791 885 856 absit
913 794 1047 859 omnino.
1084 813 1158 860 nam
1188 796 1243 877 qui
1266 795 1326 862 boc

199 897 300 980 putat,
330 896 458 977 tropicis
481 895 576 960 etiam
602 900 669 959 tam
690 894 800 960 multis
824 895 1032 961 locutionibus
1055 897 1197 963 omnibns
1220 900 1325 981 potest
1344 916 1360 958 e

199 1002 280 1068 hanc
312 1000 480 1080 importare
514 997 713 1073 calumniam,
747 997 793 1063 ita
815 1000 852 1063 ut
881 999 913 1063 et
944 1000 1012 1080 ipsa
1041 1017 1119 1081 quae
1149 1001 1325 1084 appellatur

200 1102 361 1177 metatore,
392 1103 450 1168 hoc
473 1101 521 1167 est
543 1102 580 1166 de
603 1121 636 1166 re
665 1102 791 1184 propria
812 1105 851 1168 ad
873 1122 938 1167 rem
961 1121 1023 1168 non
1053 1107 1211 1188 propriam
1234 1106 1323 1172 uerbi

200 1208 331 1274 alieuius
361 1207 510 1289 usurpata
537 1205 719 1284 translatio,
755 1207 854 1288 possit
883 1206 947 1270 ista
975 1207 1097 1273 ratione
1124 1208 1323 1274 mendacium

200 1309 385 1392 nuncupari.
424 1327 496 1374 enm
528 1309 613 1374 enim
646 1309 777 1375 dicimus
807 1309 959 1375 fluctuare
993 1312 1130 1395 segetes,
1164 1329 1323 1394 gemmare

200 1417 291 1496 uites,
323 1411 464 1478 floridam
494 1412 699 1490 iuuentutem,
733 1412 858 1479 niueam
888 1414 1047 1489 canitiem,
1079 1415 1187 1496 procul
1219 1415 1353 1494 dubium

199 1519 322 1597 fluctus,
345 1533 493 1600 gemmas,
514 1517 631 1595 florem,
655 1520 758 1582 niuem
782 1518 854 1599 quia
876 1516 909 1581 in
931 1518 979 1582 his
1001 1517 1094 1584 rebus
1116 1537 1178 1585 non
1200 1520 1321 1585 inueni·

201 1642 280 1700 mus,
304 1623 337 1686 in
360 1637 437 1702 qnae
459 1617 537 1684 haec
558 1619 655 1685 uerba
676 1619 801 1685 aliunde
823 1621 1050 1698 transtulimus,
1079 1621 1118 1686 ab
1142 1623 1213 1687 ictis
1236 1640 1323 1687 men·

202 1725 291 1792 dacia
304 1725 507 1808 putabuntur.
532 1726 564 1788 et
579 1724 668 1805 petra
682 1722 824 1789 Christus
840 1729 872 1789 et
888 1741 939 1788 eor
953 1725 1111 1807 lapideum
1127 1724 1323 1792 Iudaeorum.

202 1832 275 1894 item
305 1828 353 1893 leo
376 1824 519 1891 Christus
549 1830 581 1890 et
611 1827 659 1891 leo
682 1826 823 1892 diabolus
846 1829 879 1891 et
903 1827 1146 1893 innumerabilia
1174 1829 1254 1894 talia
1277 1829 1324 1894 di·

202 1936 314 1999 cuntur
340 1948 407 1995 esse
436 1930 604 1996 mendacia.
642 1930 726 2012 qnid,
750 1930 831 2014 qnod
852 1930 928 1997 haee
950 1934 1067 2014 tropica
1089 1931 1206 1997 locutio
1230 1944 1370 2015 usquert

201 2038 239 2103 ad
255 2054 324 2103 eam
346 2035 488 2118 peruenit
502 2053 581 2117 qnae
597 2036 772 2117 appellatur
787 2033 956 2113 antifrasio,
979 2036 1016 2100 nt
1030 2035 1152 2101 dicetur
1166 2034 1325 2102 abundare

201 2141 283 2224 qnod
305 2159 367 2205 non
389 2141 446 2218 est,
472 2139 594 2203 dicatur
616 2139 706 2203 dulae
728 2139 809 2220 quod
825 2139 949 2204 acidum
965 2143 1021 2216 eet,
1044 2139 1143 2219 lucus,
1160 2141 1243 2222 quod
1264 2157 1324 2206 uon

202 2246 313 2321 luceat,
336 2243 461 2320 Parcae,
485 2243 565 2324 quod
582 2259 641 2307 non
662 2243 814 2324 pareant?
836 2242 918 2306 nnde
940 2242 1019 2307 illud
1035 2243 1084 2307 est
1105 2243 1139 2308 in
1163 2244 1326 2327 scripturis

203 2348 335 2413 sanctis:
365 2345 397 2410 si
420 2364 494 2411 non
516 2346 556 2410 in
586 2345 727 2411 faciem
750 2346 1000 2411 benedixerit
1028 2347 1123 2431 tibi;
1154 2349 1234 2431 qnod
1260 2347 1328 2412 dia·

201 2450 290 2517 bolus
312 2450 357 2514 ait
379 2449 503 2516 domino
526 2449 563 2513 de
585 2453 690 2514 saneto
712 2448 777 2527 lob,
807 2453 838 2513 et
860 2448 1057 2534 intellegitur
1082 2448 1367 2535 ,maledixeritm

202 2571 261 2635 qno
284 2553 377 2618 uerbo
401 2555 432 2618 et
447 2551 620 2618 Nabutthei
643 2552 753 2617 fictum
771 2553 886 2618 crimen
903 2571 922 2617 a
937 2553 1201 2618 calumniantibus
1224 2553 1327 2619 nomi·

202 2659 310 2720 natum
339 2656 395 2721 est.
438 2656 554 2720 dictum
581 2656 630 2719 est
652 2656 745 2734 enim,
776 2656 856 2738 quod
879 2655 1071 2721 benedixerit
1091 2657 1167 2739 regi,
1200 2656 1261 2722 hoc
1282 2662 1331 2722 est

203 2758 408 2823 maledixerit.
438 2757 470 2820 bi
492 2776 598 2823 omnes
620 2757 704 2824 modi
726 2757 918 2824 locutionum
941 2759 1103 2825 mendacia
1117 2758 1326 2841 potabuntur,

203 2862 229 2927 si
252 2861 366 2927 locutio
389 2862 440 2926 nel
461 2861 542 2927 aetio
564 2860 697 2944 figurata
719 2861 753 2925 in
768 2862 928 2927 mendacio
944 2862 1155 2944 deputabitur.
1179 2863 1205 2928 si
1221 2870 1328 2929 autem

203 2982 264 3030 non
286 2968 334 3030 est
356 2964 562 3042 mendacium,
592 2964 713 3049 qnando
735 2964 774 3029 ad
804 2964 1051 3048 intellegentiam
1075 2967 1217 3032 ueritatis
1240 2967 1364 3032 aliudne

203 3089 238 3135 ex
262 3069 322 3135 alio
345 3068 556 3154 significantia
576 3069 759 3146 referuntur,
789 3067 928 3150 profecto
959 3088 1020 3135 non
1043 3072 1143 3135 solum
1165 3070 1222 3134 hoo
1246 3070 1328 3152 qnod

203 3173 279 3238 fecit
303 3174 357 3238 eut
378 3173 459 3238 dixit
480 3172 571 3237 Iacob
594 3173 686 3255 patri,
710 3175 747 3236 ut
769 3172 1013 3252 benediceretur,
1041 3175 1094 3238 sed
1117 3192 1216 3255 neque
1247 3173 1328 3239 illud

204 3277 285 3358 quod
307 3275 418 3359 Ioseph
448 3277 534 3341 uelut
564 3274 738 3340 inludendis
769 3274 890 3340 locutus
912 3280 959 3340 eat
981 3274 1142 3352 fratribus,
1166 3293 1224 3340 neo
1248 3279 1329 3358 quod

307 3506 340 3560 13
357 3504 487 3561 utICor.
502 3505 572 3573 10‚4
597 3504 630 3560 cl.
643 3503 737 3559 Erech.
751 3506 793 3569 36,
804 3504 838 3559 26
913 3504 946 3559 14
963 3504 995 3558 ci.
1009 3505 1153 3574 Apoc.5,5
1181 3505 1214 3560 cl.
1227 3505 1242 3560 1
1256 3506 1331 3561 Petr.

203 3591 257 3653 5,8
335 3592 503 3657 1910b.2,5
579 3592 611 3646 21
626 3591 849 3660 cf.111neg.21‚
864 3593 895 3645 13
972 3589 1286 3663 lsscf.Gen.42,7aqq.

257 3804 269 3856 l
289 3803 329 3874 ac]
348 3804 455 3859 om.1’¹
557 3806 574 3860 2
595 3806 657 3876 non]
676 3821 727 3860 om.
746 3804 784 3859 P¹
886 3805 1047 3874 proprietate
1067 3802 1095 3858 V
1192 3804 1334 3861 ddioitur

203 3907 219 3944 c
321 3890 417 3960 lnon]
435 3905 486 3946 cru.
504 3891 543 3946 Ρι
645 3891 726 3947 narba
744 3892 772 3946 P
872 3893 889 3946 9
907 3892 1005 3962 segites
1023 3891 1050 3945 P
1150 3891 1182 3944 14
1199 3889 1334 3948 dicuntur

204 3976 271 4031 PV:
298 3975 454 4031 dicentnrc
554 3978 586 4033 15
605 3977 777 4048 quidquod]
796 3977 954 4047 quioquidc
1050 3976 1082 4030 l‘l
1101 3974 1208 4030 acidum
1226 3977 1281 4043 (oid
1299 3978 1334 4033 in

204 4078 259 4118 rae.
272 4078 336 4116 cm.
348 4064 378 4128 2)
397 4063 424 4117 P
507 4063 541 4118 18
558 4063 664 4134 Parcae]
682 4067 758 4134 p'arcc
776 4065 833 4119 PV
915 4068 1007 4135 parcat
1025 4063 1063 4117 P¹
1149 4061 1182 4116 21
1201 4061 1334 4119 nabuthei

204 4149 246 4206 Po
339 4148 374 4202 22
392 4149 494 4204 dietum
513 4151 565 4219 cst]
584 4167 633 4205 om.
653 4151 690 4205 Ρι
784 4150 818 4205 23
835 4151 878 4205 hi.
900 4152 927 4205 P
952 4150 1027 4204 hilo
1120 4149 1206 4202 omnis
1223 4148 1263 4203 Ρι

204 4235 390 4305 loquutionum
406 4234 432 4288 V
515 4235 550 4288 26
561 4233 610 4291 hoe
627 4236 663 4289 V:
690 4234 718 4289 id
731 4236 774 4290 Po
858 4235 891 4289 27
904 4242 952 4289 ant
964 4235 1041 4289 PW:
1060 4251 1108 4291 om.
1122 4233 1172 4303 P¹;
1199 4237 1229 4289 et
1245 4249 1264 4289 o
