2760 4814
212 516 274 583 818
695 510 861 580 Eueirnii

213 702 420 787 mendacium,
444 705 548 787 potest
576 703 678 768 uideri
700 703 811 767 utilem
840 702 1008 784 aliqnando
1032 719 1100 766 esse
1129 699 1340 784 iniquitatem

213 826 304 872 nemo
327 807 409 872 enirn
432 807 589 872 mentiens
612 806 646 870 in
669 807 808 887 eoquod
831 806 984 869 mentitur
1005 807 1110 869 seruat
1131 802 1248 887 fidem3
1277 820 1341 868 nanu

212 911 272 975 boc
292 909 403 992 utique
425 909 512 989 nnlt,
546 912 583 975 nt
611 910 663 975 cui
692 910 843 974 mentitur
870 909 965 974 fidem
994 908 1053 974 sibi
1083 906 1222 985 babeat,
1254 925 1341 989 quarn

213 1018 319 1080 tamen
349 1015 377 1078 ei
399 1013 578 1079 mentiendo
606 1031 667 1079 non
702 1014 818 1079 seruat.
857 1011 958 1078 omnis
980 1018 1088 1077 autern
1117 1010 1193 1075 fidei
1216 1008 1342 1075 uiolator

211 1117 338 1198 iniquus
354 1121 413 1184 est.
438 1122 493 1182 eut
508 1118 606 1202 igitur
627 1116 779 1199 iniquitas
794 1115 960 1198 aliquando
985 1116 1033 1180 est
1048 1112 1149 1191 utilis,
1174 1113 1259 1196 qnod
1281 1111 1365 1179 fieris

212 1238 274 1285 non
296 1222 411 1303 potest,
440 1224 495 1287 aut
522 1222 721 1287 mendacium
745 1238 865 1301 semper
888 1218 1002 1284 inutile
1030 1218 1086 1283 est.
1125 1216 1181 1282 sed
1207 1216 1341 1301 quisquis

211 1323 245 1388 in
269 1324 430 1407 seripturis
453 1324 540 1388 aliud
562 1325 661 1389 sentit
676 1342 770 1406 quam
792 1324 847 1388 ille
864 1324 917 1405 qui
939 1322 1074 1405 scripsit,
1097 1320 1167 1387 illis
1183 1340 1246 1388 non
1261 1339 1342 1386 men·

212 1427 368 1493 tientibus
391 1427 522 1507 fallitur,
558 1430 611 1494 sed
634 1431 750 1505 tamen,
782 1431 818 1491 ut
840 1426 940 1494 dicere
963 1442 1135 1509 coeperam,
1166 1424 1197 1489 si
1220 1444 1257 1490 ea
1277 1442 1341 1489 sen·

212 1531 313 1595 tentia
336 1530 467 1611 fallitur,
491 1549 551 1612 qua
573 1530 717 1595 aedificet
741 1530 914 1608 caritatem,
931 1548 1010 1612 quae
1024 1527 1097 1593 finis
1113 1529 1276 1612 praecepti
1290 1530 1340 1605 est,

212 1632 259 1697 ita
280 1631 410 1710 fallitur,
432 1650 469 1697 ac
483 1633 511 1697 si
533 1632 699 1715 qnisquam
723 1650 826 1698 errore
846 1635 987 1699 deorsus
1003 1632 1088 1698 uiam
1105 1651 1140 1698 eo
1163 1633 1274 1697 tamen
1293 1648 1363 1713 pero

214 1752 325 1818 agrum
354 1738 481 1819 pergat,
511 1754 571 1818 quo
601 1737 697 1800 etiem
727 1735 780 1799 uia
807 1735 864 1799 illa
886 1733 1038 1818 perducit.
1073 1735 1277 1819 corrigendus
1298 1732 1339 1798 eet

212 1842 320 1902 tamen
344 1840 377 1902 et
398 1857 493 1920 quam
515 1839 558 1902 sit
580 1839 691 1903 utilius
714 1841 798 1903 uiam
821 1856 883 1903 non
901 1840 1042 1903 deserere
1065 1837 1337 1904 demonstrandum

213 1942 271 2020 est,
299 1960 338 2006 ne
362 1942 584 2007 consuetudine
607 1941 754 2007 deuiandi
777 1944 874 2008 etiarn
897 1942 929 2006 in
952 1945 1175 2007 transuersum
1197 1942 1254 2007 aut
1275 1958 1338 2024 per·

212 2063 338 2110 uersum
361 2047 404 2111 irs
429 2046 568 2131 cogatur.

254 2165 431 2230 Asserendo
465 2167 549 2231 enirn
578 2169 692 2231 temere
719 2166 802 2248 quod
832 2166 888 2230 ille
921 2183 982 2230 non
1011 2165 1111 2229 sensit
1139 2182 1236 2246 quem
1258 2160 1362 2245 legite

212 2267 394 2350 plerumque
417 2268 549 2334 incurrit
573 2271 605 2334 in
629 2268 693 2335 alia
722 2287 798 2352 quae
828 2269 876 2334 illi
898 2267 1072 2333 sententiae
1101 2272 1268 2333 conterere
1288 2284 1337 2329 ne·

212 2374 316 2454 queat.
340 2390 417 2455 quae
445 2372 473 2436 si
502 2390 577 2437 uera
604 2373 637 2436 et
658 2377 742 2437 certa
772 2390 838 2437 asse
861 2371 1031 2449 contendit,
1061 2370 1142 2435 illud
1163 2389 1226 2435 non
1249 2367 1357 2453 possit·

212 2493 323 2540 uerum
353 2474 529 2557 essequod
559 2476 698 2540 senserat
727 2474 824 2557 fitque
853 2474 887 2539 in
915 2491 949 2538 eo
972 2474 1075 2540 nescio
1104 2473 1276 2556 quomodo,
1306 2476 1336 2535 ut

213 2576 344 2641 amando
378 2576 571 2641 sententiam
603 2594 694 2641 suam
727 2575 898 2659 scripturae
935 2575 1064 2659 incipiat
1098 2576 1248 2642 offensior
1278 2590 1335 2640 esso

212 2698 306 2762 quam
329 2679 399 2743 sibi.
430 2680 511 2762 quod
540 2679 660 2745 melum
689 2678 716 2743 si
744 2697 867 2761 serpere
895 2680 1014 2758 sinerit,
1045 2680 1207 2746 eucrtotur
1235 2699 1271 2746 ex
1296 2694 1360 2744 eoa

210 2781 380 2864 perfidem
402 2783 486 2846 enirn
503 2781 709 2861 ambulamus,
732 2800 794 2847 non
812 2800 867 2864 per
889 2783 1037 2864 speciem;
1061 2781 1218 2848 titubabit
1239 2784 1334 2849 auten

210 2882 298 2968 fides,
327 2885 356 2948 si
386 2885 565 2951 diuinarum
593 2884 821 2968 scripturarum
850 2885 996 2950 uacoillat
1029 2886 1216 2950 auctoritas.
1255 2900 1335 2969 porro

211 2986 272 3051 fide
302 2986 459 3053 titubante
492 2988 605 3053 caritas
640 2988 735 3053 etiam
768 2987 839 3070 ipsa
866 2988 1048 3069 languescit.
1078 2991 1212 3055 namsi
1241 3009 1260 3057 a
1286 2989 1338 3055 fide

211 3091 341 3173 quisque
357 3091 513 3169 ceciderit,
537 3092 704 3157 ecaritate
719 3091 814 3158 etiarn
834 3110 957 3157 necesse
980 3093 1028 3157 est
1043 3093 1146 3158 cadat.
1174 3110 1241 3160 non
1263 3093 1339 3159 enim

211 3197 316 3276 potest
332 3193 462 3279 diligere
476 3197 558 3277 quod
581 3213 732 3260 essenon
755 3196 863 3261 eredit.
886 3213 975 3280 porro
999 3195 1027 3260 si
1050 3195 1151 3261 credit
1173 3200 1206 3263 et
1230 3197 1368 3280 diligite

210 3297 289 3363 bene
322 3299 441 3382 agendo
478 3301 510 3364 et
546 3298 717 3381 praeceptis
749 3317 873 3364 morum
907 3298 1059 3364 bonorum
1097 3297 1339 3385 obtemperando

212 3399 326 3479 efficit,
355 3404 391 3467 ut
414 3402 512 3467 etiarn
534 3404 640 3483 speret
667 3420 700 3466 se
724 3401 762 3466 ad
785 3401 817 3467 id
840 3403 921 3485 quod
945 3401 1051 3485 diligit
1073 3419 1142 3466 esse
1164 3406 1341 3471 uenturum.

312 3639 604 3706 ffldsswbt

262 3862 294 3918 17
312 3863 451 3918 contendit
467 3862 514 3919 1⁷¹:
541 3863 675 3918 censentit
691 3862 745 3918 GV
762 3866 786 3929 (e
802 3867 882 3929 cm.)
899 3881 916 3919 c
1015 3864 1048 3919 18
1065 3865 1200 3934 quomodo
1217 3866 1255 3921 V:
1282 3882 1344 3936 qno·

209 3947 272 4002 dam
289 3948 400 4004 modov
486 3950 519 4004 19
536 3949 664 4004 offensior
684 3949 723 4004 G:
750 3951 862 4004 offensor
884 3949 923 4005 Vc
1015 3950 1049 4005 20
1066 3953 1202 4007 euertitnr
1223 3953 1279 4009 G¹c

209 4032 243 4088 22
260 4033 394 4104 caeciliatl
413 4033 539 4091 baccillet
562 4035 586 4091 V
614 4035 726 4091 uacillat
746 4035 816 4091 GPo
919 4036 954 4092 24
971 4039 1083 4108 quisque
1101 4036 1170 4093 PV:
1201 4042 1344 4111 quisquam

213 4117 254 4175 Gc
356 4119 392 4175 25
408 4123 433 4175 ei
450 4122 535 4178 credit
557 4122 593 4178 V:
623 4123 647 4177 ai
664 4126 693 4177 et
710 4122 796 4178 credit
817 4122 888 4179 GPo
