2760 4814
364 527 529 596 Excerpta
546 542 582 581 ex
599 543 668 598 opp.
686 527 713 582 S.
730 527 921 596 Augustini
943 527 1063 584 CXXVI.
1212 529 1285 599 465·

158 736 227 799 quae
261 737 323 785 non
352 717 449 784 habet
477 718 581 793 finem,
616 722 659 782 ut.
682 717 773 783 huius
796 717 926 783 miliarii
949 721 1113 801 tamquam
1134 718 1196 785 diei
1218 739 1276 787 no·

156 824 310 889 uissimam
333 808 465 904 partem}
488 840 566 903 quae
588 823 767 887 remanebat
788 839 885 903 usqne
899 824 939 888 ud
953 822 1124 887 terminum
1146 824 1274 904 saeculi,

152 927 235 992 mille
264 934 363 991 annos
386 924 593 1008 appellauerit
615 941 649 988 eo
672 924 820 1006 loquendi
841 925 942 1006 modo,
974 942 1034 1007 qno
1055 942 1130 1006 pars
1152 926 1275 1010 signifi·

151 1034 238 1096 eatur
259 1049 279 1096 a
300 1030 383 1106 toto;
412 1033 467 1094 aut
490 1033 573 1094 certe
596 1028 685 1093 mille
706 1045 802 1093 annos
825 1045 880 1111 pro
902 1026 993 1093 annis
1014 1026 1158 1093 omnibus
1180 1028 1273 1096 huius

131 1133 263 1199 rsaeouli
293 1134 406 1217 posuit,
438 1132 475 1196 ut
503 1131 640 1213 perfeeto
670 1149 797 1196 numero
829 1132 991 1197 notaretur
1021 1131 1092 1212 ipsa
1122 1132 1272 1215 temumris

147 1237 318 1321 plenitudo.
355 1235 548 1301 millenarius
579 1235 695 1319 quippe
723 1252 872 1299 numerus
905 1231 1026 1299 denarii
1048 1234 1170 1300 numeri
1193 1253 1272 1318 qua·

146 1346 272 1408 dratum
288 1340 423 1405 solidum
437 1337 549 1404 reddit
572 1338 678 1403 decem
694 1337 807 1419 quippe
819 1336 918 1401 decies
930 1337 1023 1402 dueta
1037 1337 1120 1401 fiunt
1134 1338 1273 1416 eentum,

146 1463 223 1527 quae
253 1443 318 1508 iam
348 1442 451 1526 figura
479 1440 642 1524 quadrata
665 1441 720 1505 sed
743 1440 836 1522 plana
859 1442 918 1505 est.
956 1442 993 1506 nt
1013 1442 1119 1506 autem
1140 1440 1175 1507 in
1196 1441 1272 1506 alti·

144 1549 251 1613 tudine
283 1549 391 1629 surgat
424 1550 456 1610 et
485 1544 585 1610 solida
614 1544 679 1618 fiat.
708 1563 817 1609 rursus
840 1547 968 1623 eentum
990 1544 1092 1610 deoies
1113 1544 1272 1628 multipli-

116 1652 254 1716 ocantur
278 1654 309 1714 et
332 1650 419 1714 mille
451 1655 534 1713 eunt.
572 1666 661 1730 porro
685 1649 712 1711 si
734 1651 861 1713 centum
891 1650 958 1729 ipsa
987 1667 1043 1730 pro
1064 1647 1272 1715 uniuersitate

144 1754 311 1837 aliquando
333 1753 489 1835 ponuntur
513 1790 550 1802 -
575 1753 665 1834 quale
697 1750 778 1816 illud
801 1757 858 1828 est,
893 1751 974 1833 quod
997 1752 1142 1818 dominus
1164 1753 1271 1818 omnia

143 1875 198 1921 sua
227 1855 402 1922 dimittenti
426 1859 458 1920 et
480 1875 550 1919 eum
574 1856 715 1937 sequenti
746 1856 903 1937 promittit
933 1853 1056 1921 disens:
1090 1857 1272 1939 aooipiet

143 1961 181 2023 in
203 1960 275 2024 hoo
296 1960 451 2023 saeculo
474 1958 719 2040 centuplum
742 1959 824 2041 quod
848 1977 1001 2042 exponens
1019 1958 1155 2041 quodam
1177 1960 1270 2027 modo

143 2061 301 2146 apostolus
324 2063 385 2127 ait:
422 2062 534 2144 quasi
567 2060 668 2127 nihil
702 2060 892 2127 habentes
919 2066 959 2127 et
987 2061 1115 2127 omnia
1144 2065 1270 2144 possi·

115 2168 301 2241 edentes,
335 2164 408 2247 quia
429 2167 462 2229 et
483 2169 557 2228 ante
580 2166 644 2230 iam
665 2165 786 2229 dietum
810 2166 894 2230 erat:
930 2165 1072 2230 fidelis
1095 2164 1270 2232 hominis

144 2272 248 2333 totus
271 2269 439 2333 mundus
460 2266 699 2332 diuitiarum
721 2270 837 2331 est-
853 2272 970 2349 quanto
985 2267 1087 2352 magis
1101 2267 1190 2333 mille
1212 2288 1268 2353 pro

143 2372 346 2436 uniuersitate
362 2373 529 2453 ponuntur,
552 2370 609 2436 ubi
623 2372 672 2436 est
687 2371 829 2436 soliditas
853 2371 951 2453 ipsius
966 2371 1110 2437 denariae
1133 2372 1267 2455 quadra·

143 2477 255 2540 turae?
279 2463 372 2539 'unde
403 2493 460 2541 neo
493 2475 572 2540 illud
603 2475 715 2540 melius
748 2475 946 2558 intellegitur
974 2477 1056 2558 qnod
1084 2475 1118 2540 in
1147 2477 1267 2558 psalmo

142 2576 275 2661 legitur:
321 2595 462 2642 memor
499 2578 576 2644 fuit
612 2579 651 2643 in
689 2580 889 2643 saeculum
928 2579 1165 2644 testamenti
1203 2578 1269 2643 sui

113 2682 267 2766 auerbi,
290 2683 394 2764 quod
418 2682 626 2749 mandauit
648 2684 687 2747 in
709 2681 821 2748 mille
841 2682 1141 2766 generationes,
1163 2681 1195 2745 id
1218 2684 1267 2749 est

140 2784 170 2848 in
192 2802 312 2850 omnes.

179 2905 226 2970 iit
247 2904 362 2971 misit
382 2905 515 2984 illum,
538 2905 651 2988 inquit,
684 2908 722 2971 in
745 2904 937 2989 abyssum.
977 2905 1085 2989 utique
1108 2905 1267 2973 diabolum

138 3009 226 3074 misit
248 3010 283 3075 in
305 3010 464 3093 abyssum,
497 3029 557 3092 quo
587 3013 711 3076 nomine
741 3008 918 3094 significata
948 3013 997 3075 est
1022 3008 1195 3076 multitudo
1216 3008 1266 3074 in·

137 3112 341 3179 numerabilis
372 3115 549 3197 impiorum,
581 3131 713 3197 quorum
743 3115 776 3178 in
807 3113 1008 3197 malignitate
1036 3114 1188 3183 eduorum
1214 3131 1268 3179 eo·

104 3215 265 3281 molosiam
296 3217 346 3283 dei
377 3217 513 3283 multum
545 3217 697 3300 profunda
723 3219 797 3283 sunt
818 3218 920 3298 eorda,
951 3235 1012 3283 non
1034 3217 1107 3300 quia
1128 3217 1173 3282 ibi
1195 3216 1265 3282 dia·

136 3319 225 3383 tolus
240 3322 314 3384 anto
330 3337 390 3385 non
406 3321 482 3398 erat,
505 3322 558 3387 sed
573 3320 641 3386 ideo
663 3321 740 3387 illue
754 3321 871 3386 dieitur
884 3321 1009 3395 missus,
1032 3319 1264 3402 quiaexelusns

133 3440 153 3488 a
187 3421 386 3488 credentibus
422 3424 493 3507 plus
527 3427 629 3507 eoepit
665 3425 777 3506 impios
811 3423 976 3518 possidere.
1025 3422 1098 3505 plus
1130 3440 1264 3505 namque

133 3526 312 3607 possidetur
326 3543 345 3590 a
360 3526 483 3592 diabolo
505 3529 559 3611 qui
582 3546 643 3593 non
665 3527 767 3593 solum
790 3530 837 3593 eet
859 3527 1015 3593 alienatus
1036 3544 1056 3591 a
1075 3529 1132 3592 deo
1153 3543 1264 3591 nerum

240 3748 272 3802 ra
289 3747 388 3804 nette.
408 3747 449 3814 19,
466 3746 501 3802 aa
605 3749 638 3804 14
656 3747 687 3803 11
704 3746 765 3804 cor.
782 3749 808 3815 e,
827 3747 861 3802 10
964 3747 997 3803 15
1018 3734 1099 3803 arou,
1118 3747 1159 3817 ιτ,
1178 3746 1195 3801 o

130 3834 167 3889 19
186 3831 230 3887 ra.
249 3834 307 3900 104,
325 3835 343 3889 a

187 4039 393 4095 laonisaimio
490 4039 979 4110 3appellauerit—milleaunoe10m.
993 4040 1029 4094 T¹
1124 4039 1261 4096 tdenarii

130 4126 186 4181 st:
213 4125 352 4180 danariV
453 4126 547 4181 8iam
574 4128 637 4183 TV:
663 4127 782 4182 etism
884 4126 964 4195 plana
990 4127 1025 4181 T:
1052 4125 1193 4196 pleuaVv

126 4210 339 4268 altitudinemo
435 4212 609 4269 9rursumo
714 4213 746 4268 14
762 4215 791 4267 et
808 4211 1016 4282 omnia-qnia]
1035 4211 1071 4266 1⁸
1086 4213 1120 4268 ta
1134 4228 1192 4268 rus.

125 4299 165 4354 2⁸2
183 4297 461 4368 utique-abyssum]
478 4316 564 4354 omo
666 4299 700 4355 25
717 4301 782 4369 quia
802 4298 883 4355 TVo:
909 4312 963 4366 qua
978 4296 1016 4351 Μ
1117 4302 1180 4354 ante
1198 4299 1257 4356 dia·

126 4385 209 4440 bolus
235 4400 252 4439 v
353 4384 388 4439 26
415 4399 468 4439 non
490 4385 559 4456 erat]
584 4391 698 4443 nouerat
724 4386 761 4440 M
863 4382 929 4438 illue
954 4384 1007 4439 Tor
1035 4383 1105 4440 illud
1129 4384 1195 4441 m

124 4471 163 4526 at
182 4467 362 4540 credentibus]
381 4469 417 4525 T·
432 4471 465 4524 ἀπ
482 4485 537 4525 roe.
639 4476 701 4548 plus
719 4469 998 4542 namque-diabolo]
1015 4484 1101 4528 ma

183 4570 278 4626 v1111.
1121 4571 1157 4628 80
