2760 4814
197 289 260 357 698
682 285 845 354 Eusinrii

198 478 346 543 eontinuo
369 477 508 558 sequitur
531 476 712 558 aemulatio,
742 475 889 556 quoniam
917 475 1065 557 superbie
1087 478 1188 540 mater
1212 475 1262 538 est
1284 471 1335 536 in-

197 581 365 646 uidentiee.

241 699 393 764 Diabolus
416 697 515 781 igitur
538 699 569 761 et
592 697 695 780 angeli
719 696 821 762 einse
842 697 910 761 lnee
926 698 1020 778 etque
1043 695 1164 760 feruore
1187 694 1331 761 eedtetis

198 802 301 868 auersi
336 804 367 866 et
400 801 494 864 nimis
528 801 560 865 in
594 799 773 884 superbiam
805 799 1018 881 inuidiamque
1053 799 1209 881 progressi
1243 798 1331 863 uelut

197 906 328 991 gladiali
359 904 475 970 duritia
505 905 691 988 torpuerunt
714 907 745 967 et
774 904 843 967 ideo
867 922 922 984 per
944 903 1077 986 figuram
1108 907 1273 984 tamquam
1296 901 1360 966 ins

198 1011 343 1092 aquilone
373 1011 541 1091 ponuntur.
579 1005 660 1071 unde
691 1024 762 1070 eum
785 1007 890 1090 generi
914 1005 1049 1070 humano
1071 1004 1212 1071 diabolus
1242 1005 1329 1070 ineu·

197 1111 296 1190 beret,
319 1117 452 1176 uenture
473 1109 575 1194 gratie
597 1108 764 1173 saluatoris
786 1107 903 1173 dicitur
925 1110 956 1171 in
980 1107 1100 1172 cantico
1116 1107 1328 1172 cantieorum:

200 1233 383 1297 exsurge,
408 1213 556 1295 aquilo,
580 1214 618 1276 et
640 1210 748 1289 ueni,
773 1216 925 1291 auster,
955 1214 994 1275 et
1016 1210 1151 1294 perfla
1171 1211 1329 1276 hortum

199 1337 336 1394 meum,
360 1319 398 1381 et
421 1316 552 1381 fluent
573 1318 760 1380 aromata
794 1332 923 1397 exsurge
945 1314 999 1396 qui
1020 1314 1151 1394 irruisti,
1175 1316 1231 1396 qui
1252 1312 1327 1379 sub·

199 1420 276 1484 ditis
299 1419 465 1496 inenrnbis‚
489 1417 542 1499 qui
564 1434 720 1501 possessos
744 1418 874 1498 premis;
910 1435 1047 1499 exsurge,
1076 1418 1113 1481 ut
1134 1436 1154 1482 a
1175 1419 1232 1482 tue
1253 1434 1359 1500 pon-e

198 1522 271 1586 dere
306 1522 436 1585 releuati
473 1523 635 1604 erigentur
664 1538 793 1603 quorum
823 1522 942 1584 animes
975 1518 1143 1602 premendo
1178 1520 1328 1585 euruesti.

198 1625 238 1689 et
259 1627 362 1703 ueni,
387 1630 543 1701 auster,
567 1624 679 1705 inquit,
702 1624 847 1706 spiritum
870 1623 1018 1687 inuocans
1033 1622 1165 1687 flantem
1181 1626 1219 1688 de
1235 1626 1328 1688 meri·

198 1727 249 1792 die
283 1727 411 1790 uelute
439 1728 527 1808 parte
560 1726 681 1792 feruida
714 1730 746 1791 et
778 1726 943 1804 luminosa,
977 1728 1013 1791 ut
1045 1726 1144 1791 fluant
1176 1736 1327 1794 aromate.

200 1830 282 1895 unde
320 1830 480 1910 apostolus
518 1830 614 1894 dicit:
653 1828 803 1895 Christi
842 1830 965 1894 benus
999 1832 1091 1895 oder
1124 1849 1258 1895 sumus
1292 1833 1327 1894 in

198 1934 303 1997 omni
337 1933 434 1998 loeo.
472 1932 545 1997 hine
572 1934 666 1998 etiam
699 1934 813 1997 dieitur
845 1933 876 1996 in
906 1934 1039 2014 quedem
1071 1933 1208 2014 psalmo:
1241 1950 1359 1998 eon-u

198 2045 328 2114 uerte,
352 2036 522 2115 domine,
547 2035 828 2118 captiuitatem
849 2041 1024 2099 nostram
1042 2035 1149 2099 sieut
1172 2041 1327 2100 torrens

197 2138 236 2203 in
261 2139 410 2216 eustr03
446 2139 739 2222 neptiuitetem
769 2138 901 2215 scilieet,
932 2156 993 2219 que
1015 2139 1074 2202 sub
1096 2137 1222 2204 diabulo
1245 2141 1327 2204 tem·

200 2261 295 2325 quern
318 2242 376 2306 sub
399 2242 544 2325 aquilone
573 2243 768 2320 tenebantur,
800 2239 855 2305 ubi
883 2239 1059 2305 abundante
1079 2240 1250 2324 iniquitate
1272 2240 1326 2305 fri·

199 2348 332 2431 guerant
356 2347 388 2410 et
411 2344 543 2428 quodem
567 2345 657 2410 modo
681 2347 931 2429 congeleuerant.
969 2345 1040 2409 bine
1069 2345 1155 2410 enim
1178 2346 1210 2410 et
1232 2365 1325 2410 euan-

200 2447 317 2531 gelium
342 2448 435 2512 dicit:
466 2449 652 2530 quoniam
681 2447 896 2512 abundabit
922 2448 1131 2531 iniquitas,
1161 2447 1356 2531 refrigere

198 2549 277 2615 ecit
300 2549 448 2615 ceritas
472 2551 694 2616 multorum.
725 2554 757 2616 et
775 2569 848 2616 uero
863 2550 959 2616 flante
975 2551 1080 2616 austro
1096 2552 1213 2635 glacies
1228 2553 1323 2616 resol-

198 2653 286 2717 uitur
308 2656 339 2717 et
370 2656 523 2719 turrentes
548 2654 656 2733 fluent,
687 2653 717 2718 id
747 2657 796 2719 est
821 2654 956 2737 peccetis
986 2654 1126 2719 remissis
1158 2655 1266 2738 populi
1287 2654 1323 2717 ad

200 2753 360 2821 Christum
391 2756 521 2822 ueritate
553 2760 752 2822 eoneurrunt.
791 2756 865 2822 hine
897 2764 928 2822 et
963 2756 1040 2822 alibi
1074 2757 1228 2841 seriptum
1263 2765 1323 2822 est⁸

199 2862 304 2926 sicut
327 2860 480 2940 glacies
503 2863 542 2925 in
565 2878 720 2943 sereno,
749 2860 808 2925 ite
830 2860 1042 2925 seluuntnr
1065 2862 1228 2942 peecata
1250 2865 1322 2925 tna

300 3097 419 3154 dcent.
440 3099 466 3161 4,
487 3099 518 3152 16
621 3098 653 3153 14
677 3097 706 3153 11
725 3097 783 3154 Cor.
806 3098 831 3161 2,
858 3098 889 3152 14
900 3114 938 3165 sq.
1042 3099 1075 3152 15
1098 3096 1142 3150 Pe.
1167 3098 1260 3163 125‚4

199 3183 234 3238 20
251 3183 350 3239 Mettb.
369 3184 411 3250 24,
432 3184 463 3238 12
565 3183 599 3237 24
617 3183 697 3238 Eseli.
715 3184 740 3247 3,
760 3184 793 3237 15

250 3404 442 3459 linuidentiee
454 3403 521 3459 AV:
549 3404 697 3459 inuidisse
788 3403 1016 3458 btorbueruntA
1107 3403 1258 3461 ficuremA

198 3490 215 3543 6
237 3490 364 3561 humano]
388 3507 403 3544 ο
426 3507 463 3546 ex
485 3506 529 3544 um
547 3506 616 3546 corr.
639 3491 666 3544 A
771 3490 786 3542 i
809 3491 922 3559 cantico]
945 3490 1048 3543 sentiae
1072 3506 1088 3544 v
1191 3492 1209 3546 8
1232 3508 1325 3561 exurge

198 3577 226 3629 A
334 3577 453 3646 hortum]
480 3581 569 3632 ortum
597 3594 613 3633 v
724 3576 741 3630 9
768 3579 850 3630 fluent
880 3575 904 3628 V
1015 3578 1047 3629 10
1074 3591 1210 3644 possessus
1238 3577 1262 3630 V

197 3662 311 3729 praemis
333 3663 360 3716 V
462 3666 491 3718 ll
517 3664 639 3734 releueti]
659 3663 742 3717 leuati
760 3664 788 3716 A
890 3661 1046 3729 praemando
1069 3663 1095 3716 V
1198 3663 1230 3717 12
1252 3665 1326 3717 inus·

197 3762 260 3801 cens
283 3747 319 3801 V:
347 3765 444 3804 nocens
463 3753 490 3803 A
520 3752 648 3805 innocens
666 3751 770 3819 gratiae
792 3750 861 3804 GPe
963 3749 1047 3803 flente
1065 3751 1093 3803 A
1197 3752 1328 3820 reperte

197 3833 260 3900 (om.
279 3837 306 3901 a)
331 3836 358 3889 A
463 3837 598 3891 luminusa
619 3839 647 3891 A
752 3837 784 3890 16
809 3837 924 3906 terrene]
948 3839 1054 3891 terrens
1077 3837 1106 3890 A
1210 3838 1242 3891 17
1266 3838 1327 3907 que]

198 3933 278 3987 quern
308 3918 333 3972 V
434 3922 467 3976 18
489 3922 665 3977 habundante
688 3926 715 3976 A
818 3922 972 3989 friguerunt
993 3922 1020 3975 V
1119 3920 1154 3975 20
1179 3922 1329 3977 abundauit

197 4042 226 4095 A
316 4042 505 4111 refrigescetu
599 4046 632 4101 21
653 4045 751 4115 glutias
769 4048 813 4099 Au
905 4044 1096 4098 resolbiturV
1191 4046 1226 4100 22
1244 4019 1330 4100 11ηὲ11

198 4130 227 4193 (u
245 4125 309 4180 add.
328 4144 362 4182 m.
377 4130 441 4194 2)e
544 4130 577 4186 24
596 4132 737 4185 uoluuntur
754 4131 834 4185 AVlz
861 4132 1003 4186 ebibuntur
1023 4130 1056 4184 V·
1085 4129 1225 4185 soluentur
1245 4149 1261 4187 e

197 4215 246 4268 tue
265 4216 407 4282 poenes
