2760 4814
204 289 269 358 238
690 285 855 358 sseeiusii

204 483 325 564 quanta
361 478 546 544 auctoritate
585 477 727 543 habenda
758 477 833 560 sint,
870 476 944 560 quia
976 479 1101 560 propter
1140 494 1194 541 nos
1227 476 1336 558 utique

205 584 325 665 scripta
346 584 430 647 sunt.
469 599 540 647 curn
564 598 637 646 uero
666 581 760 647 dicit:
795 580 951 665 figurae
982 582 1141 645 nostrae
1171 577 1337 644 fuerunt

203 685 256 750 et:
278 683 472 768 infigura
494 682 779 766 contingebant
801 681 902 762 illis,
929 681 1067 750 ostendit
1088 681 1153 748 iem
1173 699 1237 747 non
1259 698 1336 765 opus

204 805 272 853 ease
295 791 341 872 ut,
362 806 436 853 cum
458 806 507 853 res
529 786 613 869 ipsas
635 786 820 852 manifestae
839 784 972 869 egimus,
996 783 1166 868 figurarum
1181 804 1336 869 praenun-

205 889 355 956 tiantium
377 888 577 957 celebrationi
599 890 782 954 seruiamus.
819 890 900 955 unde
930 886 1008 953 dicit
1030 887 1091 954 alio
1114 888 1197 955 loco:
1226 906 1336 954 nemo
1357 910 1371 951 a

202 1011 297 1078 ergo
326 1011 392 1059 uos
414 993 567 1059 iudicet
588 993 628 1058 in
650 990 737 1059 cibo
761 991 830 1057 ant
850 995 944 1074 potu
966 992 1034 1057 aut
1055 990 1096 1057 in
1117 993 1229 1075 parte
1252 993 1337 1059 diei

205 1095 305 1164 ieeti
341 1101 410 1162 aut
446 1094 677 1163 neomeniae
713 1095 780 1161 ant
816 1093 1091 1173 sabbatorum,
1135 1092 1236 1179 quod
1274 1100 1336 1162 est

204 1198 344 1266 umbra
369 1184 603 1266 intu'rornm.
639 1195 692 1265 hic
720 1196 817 1265 etiam
845 1217 917 1264 cum
940 1198 1033 1265 dicit:
1068 1217 1181 1265 nemo
1210 1216 1279 1266 uos
1302 1199 1335 1266 in

202 1301 250 1368 eia
276 1302 449 1382 iudicet,
477 1302 617 1368 declarat
646 1319 739 1385 qnam
762 1319 823 1367 non
845 1301 888 1366 sit
910 1319 1035 1368 necesse
1069 1302 1106 1368 ut
1126 1302 1205 1369 haec
1227 1303 1334 1370 obser·

204 1407 319 1473 nentur
333 1405 406 1473 iam.
431 1425 503 1472 eum
519 1405 625 1471 autern
641 1401 731 1471 dicit:
754 1405 854 1488 quod
869 1408 930 1470 eat
946 1405 1078 1472 umbra
1099 1405 1369 1486 futurorum,1o

199 1508 341 1576 ostendit
370 1527 463 1591 quam
495 1508 668 1593 oportuerit
689 1511 726 1574 nt
755 1507 810 1574 illo
839 1509 978 1593 tempore
1001 1507 1251 1590 obseruarentur,
1274 1527 1334 1593 qno

204 1612 267 1679 iate
288 1629 367 1695 quae
389 1611 478 1678 nobis
500 1610 703 1678 manifestata
725 1611 888 1677 eluxerunt
910 1629 963 1695 per
978 1608 1058 1679 talea
1075 1608 1203 1678 umbras
1217 1609 1335 1697 figura·

203 1733 274 1783 rum
296 1714 402 1780 lutura
423 1713 688 1797 preadicebantur.

247 1854 381 1921 Proinde
409 1854 438 1919 si
465 1853 641 1920 Manichaei
670 1855 896 1921 resurrectione
928 1854 1045 1921 domini
1078 1853 1333 1934 instituerentur,

201 1955 292 2023 onius
314 1957 550 2024 resurrectionis
571 1957 636 2023 dies
658 1976 695 2024 er
716 1957 767 2024 die
789 1957 914 2040 quidem
935 1957 1088 2041 passionis
1110 1958 1234 2036 tertius,
1263 1959 1369 2040 postia

200 2059 287 2127 diem
309 2059 416 2125 tamen
437 2059 572 2144 sabbati,
595 2061 655 2127 boo
669 2061 719 2127 eat
739 2062 809 2143 post
830 2061 999 2142 septimum
1016 2064 1143 2127 notanus
1166 2059 1240 2145 duit,
1262 2079 1334 2143 pro·

203 2161 284 2230 teoto
316 2164 525 2248 spoliarentur
553 2164 670 2230 carnali
699 2164 875 2230 uelamento
905 2164 1087 2231 mortalium
1109 2164 1333 2230 desideriorum

200 2266 236 2331 et
255 2267 358 2334 cordis
386 2267 616 2335 circumcisione
645 2269 814 2352 gaudentes
843 2286 905 2334 non
933 2285 1003 2334 earn
1032 2268 1065 2333 iu
1094 2285 1187 2334 earne
1215 2267 1331 2333 adnm·

202 2369 327 2437 bratam
358 2369 584 2456 figuratamque
616 2370 794 2438 deriderent
825 2373 963 2455 tempore
993 2370 1107 2437 ueteris
1136 2371 1331 2450 testamenti,

199 2473 348 2556 quamuis
377 2474 441 2540 iam
469 2476 608 2558 tempore
629 2476 704 2541 noui
732 2475 915 2542 testamenti
936 2474 1004 2541 fieri
1026 2472 1246 2556 obseruariqne
1269 2491 1367 2540 nonae

199 2578 358 2662 cogerent.
394 2578 428 2643 in
456 2594 517 2660 qno
547 2579 631 2643 eninr
661 2577 800 2643 membro
826 2574 1048 2662 congruentius
1071 2575 1237 2660 expoliatio
1260 2595 1330 2643 car·

200 2679 284 2745 nelis
306 2681 339 2746 et
359 2680 502 2745 mortalia
524 2681 788 2764 concupiscentiae
815 2680 968 2765 figuratur
989 2695 1084 2765 quam
1099 2680 1181 2747 unde
1196 2679 1330 2747 carnalis

199 2783 235 2847 et
255 2783 399 2848 mortalis
426 2783 509 2849 ictas
531 2783 690 2850 exoritur?
716 2783 780 2860 aed.
802 2785 884 2850 sicut
903 2785 983 2852 dicit
1003 2783 1179 2868 apostolus,
1201 2785 1331 2853 omnia

199 2886 342 2952 munda
364 2887 532 2953 mundis.

302 3109 429 3165 2100r.
449 3110 525 3175 10,6
626 3110 761 3166 5001000.
780 3110 804 3177 2,
823 3111 856 3165 16
865 3125 905 3178 eq.
1007 3110 1042 3166 23
1060 3111 1114 3165 lit.
1134 3112 1157 3176 1,
1177 3110 1209 3164 15

252 3317 270 3370 3
287 3315 460 3387 contingebat
478 3316 517 3371 D*
615 3315 644 3370 in
661 3322 727 3372 ante
744 3316 801 3371 illia
819 3315 884 3372 add.
902 3316 944 3371 D·
1043 3317 1060 3372 5
1077 3314 1254 3371 celebratione
1271 3333 1327 3372 aer·

198 3417 328 3460 menuae
418 3401 550 3458 diudicit
566 3402 605 3457 D¹
691 3403 721 3456 in
739 3405 803 3472 potn
822 3404 896 3472 (poto
913 3402 963 3473 P¹)
981 3402 1081 3459 DPTe
1173 3402 1328 3458 'ineomoe-

199 3490 258 3543 niae
277 3487 338 3544 ΡΥ
357 3488 507 3543 neominiae
524 3487 554 3542 D
655 3489 673 3544 8
696 3488 749 3559 bic]
774 3489 823 3544 hoc
847 3491 874 3543 e¹
977 3488 994 3545 9
1014 3488 1111 3545 indicit
1126 3489 1169 3544 D¹
1272 3489 1328 3543 iarn

199 3573 561 3631 baeuobseruenturDPTe
653 3574 686 3629 12
698 3573 784 3646 nobis]
797 3574 852 3629 iem
864 3572 941 3629 nobie
957 3575 1030 3647 Tpr.
1057 3573 1259 3631 nobiaiamDu

198 3659 371 3716 manifestate
389 3659 425 3716 P¹
453 3660 596 3715 manifesta
621 3660 668 3718 Do
770 3661 895 3716 luxerunt
912 3659 951 3717 Ρ·
1055 3661 1087 3716 13
1105 3660 1328 3732 praedicabantur

197 3744 272 3801 DPo
366 3745 400 3800 14
416 3745 562 3801 manicheis
581 3748 603 3813 (e
616 3748 681 3817 rae.)
700 3746 729 3803 P
822 3748 854 3804 16
871 3746 929 3804 dies
946 3748 984 3804 Ρ1
1080 3748 1113 3803 11
1131 3747 1328 3819 expoliarentur

197 3827 297 3885 DPTo
383 3831 417 3886 18
433 3829 606 3886 circumsione
624 3831 767 3903 pandentis
782 3831 825 3888 D¹
911 3832 944 3889 19
962 3833 1115 3932 desiderent
1132 3836 1155 3903 (s
1175 3833 1208 3888 ia
1226 3849 1240 3888 r
1256 3849 1327 3889 corr.

198 3947 233 3986 m.
249 3935 278 4000 2)
295 3933 323 3988 P
419 3934 454 3990 20
469 3933 795 4003 quamuis-testamenti
812 3951 862 3992 erra
880 3935 921 3991 1)ι
1021 3938 1053 3993 21
1072 3942 1196 4008 cogerent
1212 3938 1242 4008 (n
1259 3938 1327 3995 edd.

197 4019 335 4089 01211)
436 4019 698 4093 tingueretur
796 4022 831 4077 23
849 4023 981 4079 doetus?
1004 4025 1090 4080 festus
1107 4041 1146 4135 e·
