2760 4814
128 527 191 591 932
611 524 774 595 Busiridi

127 717 264 803 gretiam
291 735 381 782 suam
410 718 443 781 in
472 716 528 782 illo
558 716 645 782 cuiue
674 718 845 782 orationem
876 715 999 782 exaudit
1025 717 1183 799 operatur.
1205 718 1252 781 ni·

127 822 198 886 dete
223 819 330 904 etiam,
352 837 373 884 a
394 818 527 885 ueritate
557 838 651 903 quam
681 820 723 884 sit
754 820 891 885 alienum
923 838 1036 903 negare
1065 820 1252 885 donumdei

128 942 191 990 cese
220 927 486 1006 perseuerantiam
516 942 612 1005 usque
642 924 675 987 in
706 924 800 988 finem
830 924 922 988 huius
953 925 1047 1006 uitae,
1074 940 1146 988 cum
1169 922 1251 987 uitae

126 1027 207 1105 hnic,
237 1026 358 1108 quando
388 1028 532 1109 noluerit,
556 1029 623 1109 ipse
646 1029 700 1093 det
722 1028 831 1092 finem:
855 1046 949 1110 quem
971 1028 996 1090 si
1020 1029 1075 1091 dat
1098 1028 1172 1091 ante
1194 1026 1251 1091 im-

127 1130 298 1194 minentem
320 1131 453 1213 lapsum,
477 1130 554 1196 facit
576 1131 733 1196 hominem
755 1148 951 1212 perseuerare
973 1148 1071 1211 usque
1093 1131 1127 1193 in
1150 1129 1277 1193 finems

127 1232 181 1297 sed
203 1232 377 1297 mirabilior
398 1235 430 1297 et
452 1232 595 1297 fidelibus
619 1233 790 1299 euidentior
812 1233 944 1316 largitas
960 1232 1112 1297 bonitatis
1129 1234 1177 1298 dei
1194 1234 1248 1315 est,

127 1338 208 1418 qnod
230 1337 325 1400 etiam
346 1336 495 1419 paruulis,
519 1337 632 1418 quibus
654 1335 850 1401 oboedientia
872 1353 933 1401 non
956 1340 1004 1402 est
1026 1335 1114 1401 illius
1139 1335 1247 1402 aetatis

125 1440 164 1504 nt
185 1439 282 1523 detur,
306 1439 399 1504 datur
419 1439 497 1503 haec
518 1440 631 1521 gratia.
660 1439 721 1504 ista
742 1438 839 1522 igitur
861 1443 1024 1519 unedone,
1048 1439 1247 1521 quibuscum·

126 1561 185 1624 que
207 1543 282 1608 deus
305 1543 410 1618 donat,
433 1543 539 1625 procul
562 1543 655 1607 dubio
678 1562 711 1607 se
734 1544 923 1608 donaturum
948 1543 1120 1627 praesciuit
1142 1561 1207 1607 esee
1220 1547 1248 1606 et

125 1646 159 1710 in
181 1665 236 1711 sua
257 1646 465 1728 praescientia
479 1645 682 1729 praeparauit.
712 1664 805 1728 quos
829 1665 902 1731 ergo
917 1645 1273 1728 praedestinauit,u

125 1750 232 1830 ipsos
255 1752 293 1812 et
316 1750 493 1824 uocauit,
519 1750 679 1814 uocatione
694 1749 758 1828 illa,
782 1769 876 1833 quam
891 1770 941 1814 me
956 1769 1048 1833 saepe
1063 1767 1246 1816 commemo·

125 1871 193 1917 rare
215 1869 276 1917 non
298 1852 394 1937 piget,
417 1853 455 1916 de
470 1871 532 1936 qua
547 1853 668 1918 dictum
691 1856 753 1919 est:
776 1854 859 1919 sine
881 1854 1141 1938 paenitentia
1162 1856 1246 1919 sunt

125 1957 224 2021 dona
247 1959 283 2019 et
305 1956 463 2020 uocatio
486 1958 554 2021 dei.
593 1975 725 2038 namque
748 1956 780 2020 in
803 1975 859 2022 sua
880 1976 958 2040 qnae
980 1956 1051 2021 falli
1073 1957 1245 2039 mutarique

126 2077 188 2124 non
211 2062 314 2141 potest
336 2060 539 2142 praescientia
561 2078 652 2141 opera
674 2078 730 2124 sua
753 2059 859 2125 futuru
881 2061 1052 2143 disponere,
1076 2062 1109 2126 id
1127 2062 1244 2126 omnino

125 2183 183 2228 nec
205 2164 290 2229 aliud
314 2164 480 2246 quicquum
504 2167 551 2228 est
572 2164 812 2247 praedestinare.
1252 2179 1269 2219 ιε

622 2449 748 2533 00110.

125 2643 220 2703 QVOD
250 2643 408 2706 Paavvnr,
440 2641 469 2687 Sl
499 2641 680 2689 PECCATVM
706 2641 894 2688 ORIGINALE
915 2640 987 2688 NON
1009 2642 1122 2702 ESSET,
1147 2640 1244 2689 NVLLI

125 2744 220 2792 NALO
253 2745 481 2791 TENERENTVR
512 2743 664 2792 OBNOXII.
701 2745 748 2789 Ex
781 2743 884 2791 LIBRO
915 2744 1050 2793 CONTRA
1081 2742 1244 2793 IVLIANVN

619 2846 753 2895 TERTIO.

53 2980 117 3047 315
167 2985 298 3051 Frustra
326 2985 431 3068 itaque
461 2989 552 3068 putas
581 2986 649 3051 ideo
678 2986 711 3050 in
740 2984 880 3068 paruulis
912 3002 974 3049 non
1001 3002 1068 3049 esse
1090 2986 1268 3057 delicturus

127 3090 201 3172 quia
229 3090 295 3154 sine
324 3089 496 3168 uoluntate,
527 3108 605 3171 quae
635 3090 668 3153 in
697 3089 741 3153 eis
764 3090 851 3153 nulla
872 3091 931 3165 est,
959 3105 1110 3154 essenon
1138 3092 1243 3171 potest.

126 3193 183 3257 hoc
212 3193 296 3257 enim
325 3195 409 3258 recte
438 3192 551 3257 dicitur
577 3193 704 3273 propter
726 3191 886 3272 proprium
908 3190 1057 3273 cuiusque
1080 3195 1243 3273 peccatum,

126 3312 186 3361 non
214 3300 341 3380 propter
369 3294 463 3377 primi
488 3295 606 3377 pcccati
628 3294 777 3377 originale
800 3293 991 3378 contagium.
1025 3296 1107 3377 quod
1130 3294 1158 3360 si
1181 3291 1243 3358 nul·

125 3397 193 3463 lum
223 3402 315 3478 esset,
345 3398 484 3481 proiecto
514 3400 601 3465 nullo
630 3399 713 3464 malo
742 3399 869 3480 paruuli
898 3397 1039 3463 oostrieti
1070 3397 1151 3461 nihil
1176 3394 1242 3461 mali

125 3503 176 3568 uel
198 3501 230 3567 in
254 3518 378 3585 corpore
401 3502 452 3567 uel
474 3503 508 3566 in
530 3501 635 3568 anima
657 3501 714 3566 sub
738 3503 828 3567 tanta
850 3502 928 3566 iusti
952 3499 1001 3564 dci
1022 3501 1180 3581 potestate
1194 3511 1268 3581 pat

126 3609 275 3671 tenentur.
319 3607 401 3688 quod
431 3606 536 3672 tamen
566 3611 599 3670 et
620 3606 726 3687 ipsum
749 3625 768 3671 a
789 3605 873 3670 mala
895 3604 1056 3671 uoluntate
1078 3603 1242 3685 primomm

126 3707 288 3774 hominum
317 3711 431 3775 sumsit
459 3709 625 3774 exordium.
668 3709 715 3773 ita
743 3708 806 3773 nisi
837 3707 982 3772 uoluntas
1010 3703 1096 3771 mala
1119 3704 1242 3771 nonest

229 3922 262 3974 10
279 3922 352 3978 Rom.
371 3923 396 3988 8,
416 3923 450 3976 30
553 3920 586 3975 12
604 3920 681 3976 Rom.
701 3921 742 3986 11,
761 3921 795 3974 29

176 4117 194 4170 4
207 4132 284 4186 quem
300 4117 336 4172 V:
354 4133 422 4187 quae
434 4120 462 4172 Ρ
526 4118 659 4173 5labsum
677 4118 702 4172 V
767 4119 852 4173 deese
863 4118 1006 4187 praescidit
1019 4118 1074 4175 GP
1152 4118 1247 4183 recep

125 4202 243 4259 0οΧοκ
255 4203 489 4271 (V1‚utuidetrer‚
502 4208 568 4271 rua.)
585 4204 620 4259 V:
639 4204 880 4261 cccxxvlma’
896 4204 1059 4261 cccvluo
1141 4204 1247 4258 littere

125 4290 184 4345 tum
194 4290 259 4344 odd.
272 4291 309 4344 P’
326 4296 425 4344 utrum.
438 4292 516 4361 cipro
527 4292 659 4361 inspectio
670 4308 760 4348 uacuo
852 4291 1038 4347 1811111117
1128 4290 1163 4345 19
1173 4286 1249 4344 tertie

129 4374 169 4431 V:
196 4392 246 4431 um.
259 4376 287 4430 P
378 4377 412 4430 24
423 4380 491 4430 esset
503 4378 541 4432 P:
567 4383 609 4432 est
624 4379 661 4445 V;
679 4379 727 4434 aed
738 4380 790 4434 uix
801 4379 900 4449 lepitur
994 4378 1071 4431 nullo
1087 4376 1124 4432 V:
1142 4372 1251 4431 111110

126 4462 155 4516 P
221 4460 256 4517 25
267 4461 317 4516 sub
329 4465 405 4517 tanta
418 4462 453 4517 V:
471 4462 638 4519 substantiae
651 4465 679 4519 P
746 4465 779 4519 26
792 4465 938 4532 primorum
953 4463 988 4518 V:
999 4463 1119 4532 priorum
1131 4462 1189 4518 GP
