2760 4814
253 365 417 435 Excerpta
435 381 472 419 ex
489 380 557 434 opp.
576 363 603 418 S.
622 362 812 432 Augustini
835 360 977 417 ccxcln.
1114 360 1179 427 945

97 556 170 621 XII.
196 557 333 641 „Iterum
348 555 557 637 quaerendum
580 552 647 619 est“
671 553 788 635 inquIt:
815 553 987 637 „quomodo
1004 568 1062 617 non
1079 554 1183 633 potest

53 660 145 724 homo
184 677 251 724 esse
287 663 353 723 sine
389 664 525 740 peccato,
562 657 723 722 uoluntate
757 673 795 720 an
828 658 963 720 natura?
1000 656 1026 719 si
1060 657 1180 731 natura,

54 762 218 844 peccatum
253 779 315 825 nou
348 768 412 836 est;
450 761 477 826 si
514 761 686 836 uoluntate,
723 758 869 842 perfacile
901 761 1005 840 potest
1037 759 1181 825 uoluntas

54 866 219 929 uoluntate
241 862 387 929 mutari.“
420 862 653 946 Respondemus
668 862 868 927 admonentes
883 880 952 926 esse
973 862 1182 943 oogItaudum

32 970 173 1049 equanto
204 966 247 1030 sit
280 968 342 1032 ista
373 966 573 1048 praesumtio,
612 983 674 1048 qna
710 966 822 1030 diritur
855 983 916 1029 non
949 966 1049 1029 solum
1083 983 1183 1047 posse,

54 1071 138 1153 quod
171 1070 297 1152 quidem
331 1071 498 1135 adiuuante
529 1069 577 1133 dei
605 1070 708 1151 gratia
740 1068 918 1150 negandum
947 1085 1007 1132 non
1037 1067 1094 1145 est,
1128 1068 1182 1133 sed

55 1173 152 1239 etiam
198 1172 347 1255 perfacile
389 1172 584 1238 uoluntatem
620 1190 709 1254 posse
751 1171 914 1236 uoluntate
949 1172 1076 1248 mutari,
1112 1190 1183 1236 cum

55 1277 141 1341 dicat
167 1277 338 1358 apostolus:
374 1293 459 1341 caro
489 1276 738 1358 concupiscit
767 1277 959 1340 aduersus
988 1275 1183 1356 spiritum

54 1380 94 1445 et
126 1380 302 1461 spiritus
335 1379 524 1443 aduersus
558 1396 730 1453 caruem;
764 1377 857 1442 haec
884 1377 985 1442 enim
1012 1377 1183 1442 inuicem

19 1483 320 1549 roaduersantur
353 1481 448 1559 sibi,
484 1483 527 1546 ut
556 1500 629 1545 non
652 1499 694 1545 ea
717 1499 814 1563 quae
840 1480 969 1545 uultis
1002 1480 1182 1545 laniatis.

55 1601 117 1648 nou
156 1585 240 1649 enim
277 1585 338 1650 ait:
375 1584 470 1648 haec
506 1585 679 1649 inuicem
717 1584 1001 1658 aduersantur‚
1034 1586 1072 1648 ut
1105 1602 1184 1665 quae

55 1686 189 1769 potestis
217 1687 317 1751 facore
348 1688 462 1762 noIItIs,
493 1687 562 1751 sed:
593 1690 634 1750 ut
664 1704 737 1751 nou
760 1703 802 1750 ea
823 1705 919 1767 quae
941 1686 1068 1751 uultis
1090 1686 1184 1751 laci-

56 1792 146 1855 atis.
192 1808 246 1854 cur
276 1808 347 1872 ergo
379 1790 626 1871 ooncupIscentia
649 1790 760 1866 carnis
784 1807 863 1870 quae
885 1789 993 1871 utique
1016 1789 1182 1871 culpabilis

57 1896 152 1973 atque
180 1890 295 1956 uitiosa
322 1895 369 1956 est
398 1891 538 1972 nihilque
564 1895 613 1954 est
634 1890 719 1955 aliud
741 1909 834 1972 quam
857 1891 1042 1956 desiderium
1065 1894 1183 1974 peccati

21 2029 98 2069 ,5-
121 1995 204 2075 quod
226 1995 308 2059 idem
330 1996 488 2077 apostolus
510 1994 670 2077 praecipit,
696 2014 733 2057 ne
755 1997 866 2075 regnet
887 1996 1039 2060 innostro
1056 1997 1182 2061 mortali

56 2116 199 2181 corpore3
230 2098 285 2162 ubi
308 2099 444 2163 ostendit
466 2099 543 2163 satis
566 2116 631 2162 esse
655 2103 759 2162 tamen
782 2096 814 2162 in
837 2104 940 2162 nostro
963 2097 1089 2162 mortali
1112 2116 1180 2162 oor-

57 2220 130 2284 pore
162 2201 243 2283 quod
265 2204 508 2284 permittendum
538 2219 600 2266 uon
627 2203 669 2266 sit
697 2206 732 2267 ut
753 2205 928 2286 regnet-
950 2219 1004 2266 cur
1026 2219 1099 2284 ergo
1121 2202 1184 2268 ista

57 2306 309 2387 coucupiscentia
329 2325 389 2371 non
412 2308 534 2371 mutata
555 2310 602 2370 est
624 2324 662 2370 ea
684 2308 857 2387 uoluntate,
881 2323 973 2387 quam
990 2304 1182 2369 uoluntatem

56 2409 134 2473 satis
165 2408 323 2473 euidenter
354 2408 503 2490 expressit
533 2411 692 2490 apostolus
715 2410 833 2474 dicens:
858 2412 997 2473 utnon
1020 2427 1182 2489 eaquae

25 2512 186 2581 souultis
209 2512 388 2589 faciatis,
411 2514 437 2576 si
461 2512 551 2577 facile
572 2515 676 2593 potest
697 2511 844 2576 uoluntas
867 2512 1030 2576 uoluntate
1046 2512 1185 2576 mutari?

57 2634 114 2681 uec
136 2632 210 2679 sane
232 2614 291 2678 isto
313 2616 403 2679 modo
425 2617 571 2679 naturam
593 2614 660 2678 siue
681 2617 804 2680 animae
826 2614 893 2680 siue
916 2616 1061 2697 corporis
1092 2633 1185 2696 quam

56 2720 133 2783 deus
157 2718 275 2782 creauit
297 2724 328 2782 et
350 2736 427 2800 quae
449 2722 517 2783 tota
539 2719 620 2783 bona
643 2722 701 2798 est,
724 2736 915 2798 accusamus,
938 2719 992 2783 sed
1016 2735 1085 2783 eam
1109 2718 1186 2782 dioi-

57 2838 128 2885 mus
163 2820 285 2902 propria
317 2822 477 2886 uoluntate
511 2821 655 2887 uitiatam
690 2824 755 2886 sinc
788 2822 838 2886 dei
870 2823 972 2906 gratia
1004 2839 1066 2886 nou
1096 2838 1185 2904 posse

56 2922 173 2988 sanari.

23 3054 48 3097 ιθ
99 3024 192 3090 XIII.
226 3024 383 3110 „Iterum“
416 3026 462 3089 ait
493 3026 720 3111 „quaerendum
743 3026 806 3091 est:
837 3027 863 3090 si
886 3046 946 3090 non
969 3030 1071 3109 potest
1093 3026 1185 3090 homo

56 3128 124 3193 sino
147 3132 274 3210 peccato
296 3147 371 3209 esse,
395 3129 481 3193 cuius
503 3130 595 3211 culpa
617 3135 675 3213 esi,
705 3130 841 3210 ipsiusne
863 3129 997 3194 hominis
1020 3148 1058 3193 au
1082 3129 1185 3193 cuius·

56 3230 137 3296 libet
159 3230 313 3297 alterius?
345 3232 371 3296 si
394 3232 492 3313 ipsius
515 3232 658 3310 homiuis
682 3233 833 3315 quomodo
855 3233 947 3314 culpa
968 3232 1104 3296 hominIs
1127 3234 1184 3307 est,

56 3335 83 3399 si
106 3332 166 3398 hoc
187 3352 249 3399 non
270 3335 319 3399 est
341 3336 423 3416 quod
446 3353 511 3399 esse
533 3354 592 3400 uon
617 3335 760 3417 potest?“
785 3335 1017 3419 Respondemus
1033 3336 1101 3400 ideo
1117 3352 1184 3399 esso

160 3502 179 3557 8
195 3502 255 3558 Gal.
273 3505 298 3568 5,
318 3506 349 3558 17
455 3508 488 3561 15
505 3506 538 3560 cl.
556 3507 631 3560 Rom.
651 3507 675 3569 6,
696 3506 728 3560 12

109 3659 123 3711 1
149 3656 206 3712 XII
226 3658 254 3712 P
269 3660 302 3713 s'n
318 3676 384 3728 mp:
414 3659 452 3712 VI
475 3660 501 3713 V
515 3661 548 3713 in
564 3676 614 3729 mp.
718 3660 734 3712 2
758 3676 791 3713 an
811 3661 978 3714 natura-si
996 3661 1136 3714 uoluntate
1157 3660 1184 3715 G

59 3745 96 3799 P:
125 3760 177 3799 ons
205 3743 230 3797 V
330 3746 348 3797 3
375 3745 529 3799 uoluntate·
551 3748 588 3813 (m
611 3748 678 3813 rae.)
702 3746 731 3799 P
831 3747 848 3800 6
873 3762 927 3799 uon
951 3746 984 3799 V:
1016 3762 1066 3799 om.
1089 3746 1117 3800 P

58 3832 74 3885 7
101 3846 178 3901 posse
200 3830 368 3884 uoluntatem
392 3832 490 3885 mutari
512 3833 651 3885 uoluntate
679 3831 706 3885 P
810 3831 842 3886 10
868 3833 920 3886 sibi
947 3832 983 3886 V:
1013 3848 1063 3885 om.
1091 3832 1118 3885 P

61 3950 92 4003 16
116 3956 182 4005 ame
204 3950 252 4005 ubi
274 3949 339 4005 add.
361 3950 397 4005 V:
426 3924 497 4020 ’duod
519 3951 727 4020 permIttendum
750 3968 801 4005 non
826 3952 863 4005 ult
885 3955 917 4005 ut
940 3926 1033 4022 regnet
1139 3952 1185 4007 ubi

58 4040 108 4089 ost.
120 4036 351 4105 satis-corpore]
364 4035 428 4091 add.
444 4038 567 4106 G³oupc
580 4053 652 4092 uere.
740 4038 861 4091 ostendit
872 4038 938 4091 satis
955 4038 990 4093 Vt
1018 4041 1184 4094 satisostcu·

58 4118 100 4173 dit
117 4120 186 4175 G'P
277 4120 316 4190 iu]
335 4137 385 4175 om.
404 4122 440 4175 1)ι
536 4124 568 4177 II
587 4122 845 4192 quod-utregnet
864 4123 931 4178 GP:
958 4140 1008 4177 om.
1028 4124 1054 4177 V
1138 4141 1185 4178 cur

61 4206 126 4261 (We
157 4222 217 4261 cum
235 4206 264 4261 P
347 4208 382 4261 23
399 4209 525 4264 uitiatam
545 4210 611 4264 GP:
642 4208 769 4264 uitiatum
791 4208 817 4261 V
916 4210 951 4265 25
974 4210 1044 4265 XIII
1062 4211 1101 4265 P:
1130 4210 1185 4265 VII

64 4292 89 4345 V
104 4294 135 4346 in
151 4309 202 4362 nep.

109 4394 203 4451 vnn.
1047 4400 1082 4453 60
