2760 4814
129 506 192 573 986
608 504 772 576 Eusiooii

130 710 190 757 non
221 684 295 757 sunt
324 712 342 758 a
375 693 505 758 caritate
528 691 651 758 deflexi.
694 710 767 757 uam
797 692 853 758 deo
885 695 949 760 uoti
979 713 1093 762 sumus
1126 697 1162 762 et
1189 696 1256 763 ante

133 813 238 861 omnes
260 795 473 877 temtationes‚
505 795 559 877 qui
588 795 649 861 soit
680 795 795 877 omnia,
827 800 993 878 antequam
1025 797 1120 863 liant.

179 913 267 994 Quod
290 917 396 998 itaque
417 916 570 999 seriptum
592 917 655 980 est:
686 916 834 982 temtat
861 934 927 982 uos
958 917 1146 983 dominus
1169 920 1254 985 deus

131 1022 271 1099 uester,
297 1022 340 1084 ut
361 1018 478 1102 sciat,
502 1019 534 1082 si
557 1018 736 1103 diligitis
760 1039 853 1103 eum,
877 1020 932 1086 illa
946 1020 1108 1087 looutioue
1123 1024 1254 1106 positum

130 1123 178 1187 est
206 1125 248 1185 ut
278 1120 381 1186 solat
409 1140 464 1205 pro
495 1140 530 1186 eo
560 1122 639 1204 quod
670 1127 732 1187 est:
769 1125 805 1188 ut
833 1124 911 1188 seire
939 1142 994 1189 uos
1029 1123 1140 1204 faeiat,
1178 1125 1278 1191 sieuts

130 1225 212 1291 diem
241 1226 360 1290 laetum
390 1225 533 1300 dicimus,
563 1225 644 1307 quod
674 1225 773 1291 laetos
800 1225 905 1303 laoiat,
934 1230 967 1291 et
991 1226 1094 1310 frigus
1124 1228 1253 1311 pigrum

132 1331 212 1411 quod
242 1328 346 1411 pigros
377 1327 464 1407 lecit,
496 1332 526 1392 et
557 1328 803 1394 innumerabilia
831 1329 923 1394 huius
952 1330 1047 1407 modi,
1078 1349 1164 1412 quae
1192 1330 1254 1394 siue

129 1433 161 1496 in
192 1430 415 1497 consuetudine
449 1432 593 1513 loquendi
623 1431 690 1496 siue
720 1431 751 1496 in
782 1450 921 1497 sermone
949 1432 1115 1497 doctorum
1138 1432 1254 1497 siuein

131 1534 293 1629 seripturis
315 1535 430 1598 sanetis
446 1534 650 1616 reperiuntur.
680 1535 761 1617 quod
781 1552 843 1599 non
858 1534 1079 1618 intellegentes
1095 1536 1253 1612 haeretiei,

132 1637 184 1720 qui
221 1636 318 1702 ueteri
351 1638 537 1702 testamento
575 1638 796 1719 aduersantur,
834 1639 922 1703 uelut
951 1638 1151 1723 ignorantiae
1182 1638 1282 1703 nitioo

130 1742 300 1807 notandum
329 1743 443 1821 putant
473 1760 541 1805 eum
572 1741 610 1805 de
641 1758 699 1822 quo
741 1742 860 1806 dietum
899 1746 961 1806 est:
1001 1744 1157 1807 temtat
1192 1760 1254 1808 uos

129 1844 309 1908 dominus
341 1844 432 1908 deus
471 1845 619 1921 uester,
670 1844 758 1925 quasi
791 1845 825 1908 in
856 1844 1016 1928 euangelio
1053 1846 1093 1910 de
1135 1847 1254 1912 domiuo

129 1947 278 2030 scriptum
307 1964 368 2010 nou
396 1947 454 2012 sit:
488 1945 559 2012 hoo
588 1950 717 2012 autem
751 1947 913 2012 dicebat
944 1952 1130 2014 temtans
1160 1968 1254 2018 eume

130 2068 215 2116 nam
237 2050 322 2132 ipse
345 2049 513 2132 sciebat,
537 2050 626 2131 quid
650 2053 752 2115 esset
770 2052 958 2116 laoturus.
980 2050 1007 2114 si
1024 2051 1113 2115 enim
1130 2054 1255 2117 nouerat

129 2172 181 2219 eor
209 2153 274 2218 eius
299 2172 390 2236 quem
419 2152 585 2237 temtabat,
618 2153 693 2235 quid
721 2156 770 2219 est
799 2154 880 2235 qnod
909 2154 1010 2218 uoluit
1039 2154 1152 2220 uidere
1179 2160 1282 2219 tem-u

131 2256 247 2323 tando?
277 2258 331 2322 sed
367 2257 502 2340 prolecto
536 2256 614 2320 illud
652 2256 770 2322 fantum
808 2262 871 2335 est,
907 2260 943 2322 ut
972 2260 1038 2340 ipsa
1070 2256 1137 2322 sibi
1168 2263 1254 2323 notus

133 2360 221 2425 fieret
259 2361 313 2442 qui
342 2361 535 2427 temtabatur
570 2378 720 2442 suamque
755 2361 998 2443 desperationem
1037 2362 1255 2426 condemnaret

133 2465 282 2529 saturatis
316 2463 417 2529 turbis
446 2465 482 2528 de
510 2481 588 2545 pane
618 2462 747 2544 domini,
780 2463 834 2545 qui
864 2481 915 2527 eas
943 2480 1002 2527 non
1033 2462 1150 2529 habere
1179 2462 1255 2546 quod

130 2567 256 2632 ederent
279 2566 520 2632 existimauerat.

175 2686 245 2752 Non
269 2706 340 2769 ergo
363 2688 415 2752 hie
438 2690 551 2768 oratur,
583 2692 619 2751 ut
641 2705 703 2751 non
725 2688 886 2764 temtetur,
909 2685 963 2750 sed
987 2690 1022 2750 ut
1046 2703 1110 2750 non
1143 2686 1280 2751 infera-a

133 2808 202 2854 mur
230 2792 262 2854 in
291 2791 519 2866 temtationem,
548 2794 706 2873 tamquam
736 2789 763 2853 si
786 2787 951 2872 quispiam,
982 2788 1033 2852 oui
1063 2808 1190 2855 necesse
1210 2788 1253 2852 ast

133 2894 204 2975 igne
226 2893 405 2977 examinari,
431 2911 492 2958 non
512 2897 587 2972 oret,
610 2899 645 2957 ut
663 2894 736 2977 igne
760 2911 819 2958 nou
844 2893 1050 2971 contingatur,
1074 2894 1129 2956 sed
1146 2892 1252 2956 utnon

130 2998 282 3061 exuratur.
301 3014 394 3062 uasa
409 2995 492 3062 enim
510 2996 631 3080 siguli
646 2998 787 3077 probat
802 2994 951 3069 fornax,
968 2992 1153 3059 homines
1169 3009 1251 3059 uero

128 3098 257 3164 iustos
280 3100 468 3164 temtatio
491 3098 784 3164 tribulationis.
809 3096 1009 3179 losephuero
1032 3098 1189 3162 temtatus
1210 3097 1251 3161 est

130 3201 285 3267 inlecebra
300 3203 411 3287 stupri,
434 3201 488 3266 sed
510 3221 569 3267 non
588 3206 634 3267 est
649 3203 794 3268 inductus
810 3202 842 3266 in
858 3200 1087 3267 temtationem.
1118 3201 1276 3266 Susanna*

129 3306 264 3370 temtata
276 3310 333 3385 est,
346 3324 402 3370 neo
416 3305 484 3388 ipsa
495 3305 624 3370 induota
635 3306 687 3370 uel
702 3305 801 3371 inlata
814 3306 845 3369 in
857 3303 1086 3383 temtationem,
1103 3304 1249 3385 multique

129 3409 290 3491 utriusque
307 3426 407 3473 senus.
423 3408 476 3472 sed
492 3408 547 3474 Iob
558 3407 701 3492 maxime,
717 3409 805 3473 ouius
821 3405 1038 3472 admirabilem
1051 3405 1248 3473 stabilitatem

230 3627 567 3695 3(etll)Deut.13,3
670 3627 764 3682 1310.
788 3628 850 3696 6,6
952 3627 987 3682 23
1009 3626 1094 3682 Eooli.
1112 3627 1190 3694 PM>

128 3713 162 3769 24
179 3714 214 3767 cl.
226 3712 292 3768 Gen.
310 3713 353 3779 39,
366 3712 450 3767 7-12
525 3713 560 3767 25
578 3712 611 3767 oi.
624 3712 692 3768 Dan.
712 3714 752 3777 1³,
766 3713 798 3767 19
807 3729 864 3782 sqq.
939 3712 973 3767 2'1
992 3713 1026 3768 ol.
1038 3711 1098 3769 Iob.
1117 3713 1188 3779 1,11

178 3921 196 3974 4
222 3922 310 3974 uester
336 3920 372 3975 V:
407 3922 496 3975 noster
524 3920 552 3975 P
650 3922 667 3975 5
693 3921 764 3975 siout
791 3920 860 3973 diem
891 3920 958 3976 GP:
994 3919 1138 3975 sicutidem
1164 3918 1190 3973 V
1224 4000 1240 4016 ..

128 4021 247 4076 eleetos
266 4020 333 4077 GV:
360 4023 447 4079 laetus
465 4024 493 4079 P
576 4023 658 4078 faeiat
674 4023 708 4079 V:
735 4022 801 4078 facit
815 4022 868 4079 GP
954 4022 1103 4095 rarenter]
1122 4024 1206 4077 uerter
1219 4024 1246 4103 ιιι

128 4142 197 4228 solat
214 4141 365 4212 (debota
385 4145 413 4200 P
510 4147 543 4201 13
561 4146 612 4201 boo
628 4144 665 4202 V:
695 4145 746 4199 hoo
763 4147 805 4199 est
823 4145 851 4199 P
945 4145 977 4199 18
996 4142 1094 4199 hebere
1112 4143 1177 4200 GP:
1204 4141 1244 4195 la-

127 4261 220 4317 borent
235 4263 262 4317 V
354 4266 387 4320 19
404 4266 684 4323 exsistimauerantl'
779 4264 1019 4320 attentetur:
1049 4258 1244 4334 tempteman

127 4347 155 4403 P
248 4348 283 4404 23
300 4350 422 4405 homines
435 4369 498 4409 uero
514 4353 551 4407 V:
578 4355 607 4408 et
618 4351 739 4406 homines
753 4352 781 4407 P
864 4350 899 4406 24
917 4367 978 4406 uero
996 4351 1032 4406 V:
1058 4365 1123 4420 ergo
1137 4349 1190 4406 GP

128 4432 163 4489 26
179 4433 311 4504 multique
332 4436 367 4490 Va
397 4436 529 4507 multique
546 4438 595 4492 alii
617 4437 671 4493 GP
