2760 4814
130 253 213 319 1094
607 247 772 317 Eugippii

129 441 337 506 astutissimas
359 441 499 506 fallacias
521 439 689 522 comparat.
719 457 754 504 ao
777 437 822 516 fit,
845 443 882 503 ut
903 438 1054 514 homines,
1078 457 1159 521 qnos
1183 457 1253 504 non·

130 547 203 610 dum
238 545 373 609 delectat
405 544 605 627 pulchritudo
639 543 779 619 uirtutis,
816 543 877 608 nisi
915 541 1024 625 poenis
1052 561 1071 608 a
1100 541 1254 624 peccando

130 649 354 725 deterreantur,
393 665 471 729 quae
507 647 670 712 uerissime
704 665 759 729 per
793 650 917 712 sanctos
949 649 981 711 et
1013 645 1141 711 diuinos
1173 646 1254 710 uirm

130 752 354 833 praedicantur,
384 755 415 815 et
438 750 519 832 quod
549 751 651 816 celant
678 749 866 828 hominibus,
890 752 945 816 deo
968 750 1063 814 celari
1086 769 1149 817 non
1166 768 1253 832 posse

131 854 337 932 consentiant,
361 854 520 921 difficilius
541 858 706 920 domentur
728 872 823 936 qnam
848 855 939 919 sarae.
979 855 1015 918 nt
1037 855 1147 917 autem
1162 855 1282 917 time-⁵

129 959 200 1023 atur
222 958 306 1036 deus,
331 957 438 1023 diuina
459 957 652 1040 prouidentia
675 958 739 1040 regi
761 958 910 1022 uniuersa
932 957 1184 1040 persuadendum
1199 959 1252 1031 est,

130 1078 191 1124 non
224 1062 291 1125 tam
331 1060 502 1125 rationibus
536 1097 576 1108 -
614 1079 692 1142 quas
735 1060 789 1144 qui
825 1063 929 1142 potest
966 1061 1117 1139 inuenire,
1156 1062 1254 1142 potest

130 1165 225 1229 etiam
259 1167 291 1228 et
324 1164 586 1246 pulchritudinem
613 1163 727 1228 sentire
755 1163 883 1228 uirtutis
911 1200 951 1211 —
983 1182 1078 1245 quam
1108 1163 1254 1244 exemplis

131 1267 183 1331 uel
204 1267 390 1344 recentibus,
414 1269 441 1331 si
464 1286 524 1349 qua
553 1271 729 1344 occurrunt,
752 1265 920 1331 ueletiam
943 1267 981 1331 de
1002 1266 1145 1344 historia,
1167 1268 1201 1331 et
1220 1284 1254 1330 ea

132 1369 265 1434 maxime
287 1388 366 1452 quae
387 1371 457 1452 ipsa
478 1368 585 1435 diuina
606 1369 806 1452 prouidentia
820 1370 1005 1451 procurante
1019 1369 1088 1433 siue
1104 1369 1138 1433 in
1153 1373 1284 1433 ueterem

132 1473 197 1537 siue
220 1474 251 1536 in
274 1489 353 1536 nono
376 1474 563 1537 testamento
587 1473 880 1538 excellentissimam
903 1471 1125 1537 auctoritatem
1149 1473 1253 1555 religi-

131 1577 196 1639 onis
217 1575 347 1659 accepit.
384 1576 480 1641 simul
502 1578 607 1640 autem
631 1576 784 1660 agendum
807 1580 855 1640 est
877 1577 909 1641 et
930 1577 968 1641 de
990 1574 1099 1658 poenis
1114 1578 1254 1658 peccato·

130 1696 200 1742 rum
223 1681 255 1742 et
276 1678 315 1742 de
335 1679 481 1760 praemiis
506 1682 590 1744 recte
617 1679 779 1745 factorum.

173 1797 243 1862 Iam
270 1817 343 1863 uero
371 1817 443 1864 oum
473 1799 579 1882 aliqua
608 1818 671 1865 non
691 1801 842 1883 peccandi
864 1801 1054 1865 consuetudo
1077 1801 1161 1881 quod
1185 1817 1255 1864 one

133 1919 237 1965 rosum
251 1901 424 1983 putabatur
438 1903 530 1968 facile
546 1922 611 1968 esse
628 1903 825 1985 persuaserit,
841 1902 970 1985 incipiat
985 1903 1112 1985 gustari
1128 1903 1254 1968 dulcedo
1264 1927 1285 1966 u

131 2003 257 2085 pietatis
273 2009 304 2068 et
319 2007 526 2071 commendari
540 2005 737 2089 pulchritudo
753 2007 892 2083 uirtutis,
916 2008 952 2069 nt
966 2005 1109 2070 caritatis
1125 2006 1255 2071 libertas

132 2123 205 2186 prae
226 2107 379 2172 seruitute
405 2109 529 2174 timoris
559 2108 703 2173 emineat.
741 2110 819 2173 tuuc
840 2109 905 2173 iarn
933 2107 1184 2190 persuadendum
1212 2111 1256 2172 est

131 2209 273 2276 fidelibus
289 2213 544 2294 praecedentibus
559 2211 803 2296 regenerationis
818 2213 1030 2288 sacramentis,
1054 2229 1135 2295 quae
1152 2229 1256 2276 necea·

131 2331 162 2377 se
189 2315 237 2378 est
258 2314 430 2396 plurimum
458 2316 614 2394 moueant,
645 2316 719 2397 quid
748 2315 871 2380 intersit
899 2314 979 2379 inter
1005 2312 1083 2379 duos
1106 2314 1256 2395 homines,

132 2419 267 2481 ueterem
292 2420 324 2482 et
345 2435 471 2495 nouum,
495 2418 678 2484 exteriorem
700 2421 732 2483 et
752 2417 940 2494 interiorem,
963 2419 1126 2481 terrenum
1142 2418 1174 2482 et
1189 2435 1287 2484 cae-eo

132 2520 250 2598 lestem,
280 2520 311 2584 id
341 2524 389 2585 est
416 2521 499 2585 inter
526 2540 595 2586 eum
620 2522 673 2602 qui
695 2521 776 2586 bona
797 2521 931 2586 carnalia
953 2523 984 2584 et
1008 2519 1203 2602 temporalia,
1226 2525 1256 2584 et

133 2640 206 2686 eum
228 2624 280 2705 qui
303 2623 458 2705 spiritalia
479 2622 512 2686 et
534 2627 658 2688 aeterna
673 2626 820 2703 sectatur,
842 2623 1101 2704 monendumque,
1119 2642 1158 2687 ne
1174 2623 1256 2704 pori·

134 2732 204 2790 tura
227 2724 375 2791 beneficia
397 2726 429 2790 et
450 2726 645 2792 transeuntia
672 2727 871 2809 expectentur
893 2743 912 2790 a
934 2729 999 2804 deo,
1023 2726 1138 2808 quibus
1160 2728 1255 2792 etiam

185 3000 197 3053 1
224 3014 254 3052 eo
272 2998 347 3069 MQ:
377 3015 428 3069 quo
455 2999 481 3054 G
583 3000 702 3054 nondum
719 3001 793 3072 MQ:
824 3001 952 3055 mundum
975 3001 1000 3056 G
1105 3002 1123 3055 2
1142 3001 1253 3055 uirtutes

137 3086 174 3138 θ’
277 3087 294 3138 4
317 3085 396 3139 celari
420 3085 467 3140 M:
497 3085 583 3139 celare
603 3085 655 3156 GQ
755 3087 937 3142 edomantur
961 3086 996 3157 Q¹
1103 3087 1254 3141 linnenire

133 3171 179 3223 M:
209 3170 279 3225 inire
308 3171 334 3226 G
434 3171 563 3237 inuenire,
590 3171 686 3242 potest]
713 3187 763 3227 om.
792 3172 815 3243 Q
928 3173 944 3225 9
971 3165 1014 3225 uel
1038 3170 1123 3226 etiam
1144 3172 1254 3240 adrepet:

130 3273 214 3328 eoram
232 3275 328 3328 noim
356 3275 400 3328 uer
419 3275 470 3345 oo
565 3257 673 3330 ‘'scora
691 3277 737 3345 (ny
755 3275 955 3341 caesara
1059 3275 1200 3329 scens:
1229 3281 1255 3328 a

135 3377 186 3447 oo
289 3377 323 3430 10
345 3365 521 3450 musmo
623 3379 716 3434 osum
741 3378 804 3449 co:
834 3378 898 3434 orna
919 3379 956 3434 no
1055 3379 1142 3433 necem
1162 3377 1189 3432 u

131 3482 252 3534 11noua
273 3480 296 3550 Q
395 3453 644 3537 excellentissimam
662 3481 736 3552 MQ=
766 3482 970 3536 excelsissimam
990 3481 1016 3536 G
1115 3482 1149 3534 14
1165 3480 1255 3549 aliqua

131 3580 183 3618 non
212 3565 323 3636 GMQ²2
359 3567 501 3635 aliquando
532 3567 565 3636 Q¹
683 3568 809 3637 peccandi
837 3568 910 3623 GM:
945 3567 977 3623 de
1003 3565 1136 3635 peccando
1165 3565 1190 3636 Q

133 3669 164 3722 15
176 3670 339 3737 persuaserit
352 3669 435 3740 MQ’:
455 3674 623 3739 persuaserat
636 3671 673 3726 G'
692 3670 861 3739 persuaderet
874 3669 913 3725 G²
930 3668 1050 3737 posuerit
1065 3667 1102 3738 Q¹
1163 3649 1258 3738 μεθ’

132 3754 167 3821 (ri
185 3753 249 3808 add.
268 3773 302 3809 m.
319 3758 350 3821 2)
369 3756 405 3809 Μ
435 3756 589 3824 gustareG
693 3757 724 3809 l'l
743 3771 807 3825 prae
824 3755 897 3824 MQ:
927 3771 975 3823 pro
995 3755 1021 3809 G
1126 3754 1256 3808 munitate

131 3838 236 3893 timoris
250 3841 324 3895 GM:
343 3842 603 3913 seruitutemorisQ
683 3844 736 3896 iam
749 3842 795 3896 M:
814 3841 840 3894 ia
856 3842 879 3911 Q
896 3842 978 3895 etiam
993 3840 1020 3896 G
1105 3840 1138 3894 18
1150 3855 1256 3909 ragone·

130 3925 248 3978 rationes
271 3927 305 3980 G‘
334 3928 621 3998 regenerationibusQ
720 3928 753 3982 19
772 3929 896 3982 moneant
915 3927 982 3996 GQ:
1008 3930 1136 3981 moneant
1154 3927 1191 3981 Μ

130 4009 165 4063 20
182 4011 346 4081 exteriorem]
361 4015 388 4066 et
400 4015 556 4068 exteriorem
578 4014 604 4068 G
696 4015 729 4068 21
748 4013 866 4068 carnalia
883 4011 958 4082 MQ:
984 4012 1144 4066 etcamalia
1163 4011 1190 4066 G

129 4095 404 4233 &monendomum
428 4098 636 4169 mutandamque
664 4099 687 4168 Q
789 4099 832 4168 ne]
860 4114 907 4153 noc
936 4098 959 4166 Q
1061 4097 1096 4151 23
1119 4098 1156 4166 etl
1180 4097 1259 4164 uili)

169 4183 177 4210 ι
