2760 4814
173 304 237 372 518
656 304 819 374 Eugippii

174 512 230 560 seu
253 494 374 559 deserat
395 495 596 577 puniendum,
619 513 740 577 semper
764 494 941 559 misericors
964 500 1021 569 est,
1044 513 1165 576 semper
1188 497 1304 573 iustus,

174 616 296 678 semper
319 598 535 682 omnipotens]

647 819 823 904 oxnllss.

173 1011 341 1072 SEQVITVR
355 1010 537 1059 SE'I'EXTVS.
559 1012 606 1059 DE
620 1010 847 1059 PBOMISSIONE
862 1012 1044 1058 AETERNAE
1059 1012 1305 1061 BEATITVDINIS

289 1116 493 1166 sancronaa
515 1118 558 1163 ET
581 1116 766 1164 PERPETVIS
788 1114 975 1164 svl’Ptlcus
997 1116 1179 1164 IMPIORVE.
1326 1128 1341 1167 5

101 1265 165 1332 160
217 1253 418 1337 Quapropter,
442 1255 478 1318 ut
501 1253 602 1319 cetera
624 1255 689 1317 tam
712 1254 813 1318 multa
834 1255 1035 1334 praeteream,
1059 1255 1141 1318 sicut
1163 1271 1246 1318 nunc
1271 1254 1304 1318 in

172 1354 296 1422 Christo
330 1357 473 1422 uidemus
506 1355 630 1437 impleri
665 1357 746 1438 quod
769 1356 914 1437 promisit
937 1355 1082 1421 Abrahae
1106 1356 1226 1420 dicens:
1261 1355 1302 1419 in

172 1461 320 1525 semine
357 1464 423 1524 tuo
460 1459 747 1525 benedicentur
779 1477 912 1523 omnes
947 1463 1100 1540 gentes,
1138 1459 1185 1523 ite
1218 1458 1303 1540 quod

173 1560 275 1626 eidem
297 1562 411 1626 semini
434 1561 500 1626 eiua
515 1563 659 1646 promisit
681 1561 875 1645 implebitur,
899 1561 952 1627 ubi
969 1561 1014 1628 ait
1029 1580 1083 1644 por
1099 1561 1302 1645 prophetam:

172 1669 386 1748 resurgent
419 1664 488 1746 qui
523 1668 639 1729 erant
673 1663 711 1729 in
746 1665 1026 1743 monumentis,
1061 1667 1094 1729 et
1126 1667 1207 1746 quod
1236 1664 1339 1732 aitzro

171 1767 251 1833 erit
272 1769 424 1833 caelum
446 1786 586 1834 nouum
609 1770 645 1832 et
667 1772 772 1834 terra
795 1786 907 1845 noua,
931 1772 969 1832 et
992 1784 1066 1832 non
1088 1769 1205 1834 erunt
1224 1786 1302 1833 me·

171 1886 296 1935 mores
329 1873 501 1953 priorum
536 1890 604 1936 nec
637 1871 821 1937 ascendet
853 1872 891 1936 in
915 1889 978 1937 cor
1010 1872 1201 1953 ipsorum,
1224 1871 1294 1937 aad

172 1973 378 2040 laetitiam
402 1978 443 2039 et
466 1975 785 2040 exsultationem
814 1976 1025 2039 inueniant
1056 1975 1095 2038 in
1118 1992 1169 2039 ea.
1208 1991 1301 2040 ecce

172 2094 242 2160 ego
265 2077 409 2143 faciam
432 2079 685 2143 Hierusalem
714 2077 1027 2143 exsultationem
1050 2080 1090 2141 ot
1112 2077 1301 2160 populum

173 2200 295 2247 meum
328 2182 546 2260 laetitiam
584 2187 622 2246 et
656 2182 866 2247 exsultabo
899 2180 938 2245 in
971 2181 1226 2246 Hierusalem
1260 2184 1337 2250 eto

172 2284 360 2351 laetabor
388 2288 425 2351 in
456 2287 598 2369 populo
627 2303 727 2368 meo,
759 2288 797 2348 et
822 2284 935 2348 ultra
956 2302 1029 2347 non
1052 2284 1239 2348 audietur
1260 2284 1302 2348 in

173 2389 248 2454 illa
268 2408 340 2454 uon
364 2390 498 2455 fletus.
521 2391 555 2454 et
570 2408 624 2471 per
639 2390 736 2454 aliurn
751 2388 936 2472 prophetam
961 2389 1041 2469 quod
1063 2385 1303 2469 praenuntiabit

173 2491 277 2556 dicens
315 2491 415 2556 eidem
451 2491 631 2575 prophetae:
669 2491 709 2556 in
747 2495 927 2573 tempore
963 2490 1037 2556 illo
1074 2491 1304 2556 saluabitur

173 2594 337 2675 populus
366 2597 456 2659 tuus
486 2595 629 2678 omnis,
664 2595 728 2678 qui
758 2594 944 2660 iuuentus
967 2595 1096 2660 fuerit
1118 2593 1302 2675 scriptus

173 2696 212 2760 iu
234 2695 352 2775 libro,
375 2701 413 2761 et
431 2698 548 2762 multi
566 2697 850 2763 dormientium
869 2698 908 2763 iu
926 2703 1057 2762 terrae
1079 2696 1243 2779 puluere
1259 2727 1342 2765 -ao

172 2798 250 2877 siue,
275 2801 310 2864 ut
338 2800 466 2882 quuidam
496 2802 695 2883 interpretati
718 2804 801 2883 suut,
832 2818 977 2884 aggere
1000 2834 1041 2848 -
1064 2806 1303 2883 exsurgent,

173 2903 211 2969 hi
244 2902 282 2967 in
317 2904 438 2967 uitam
469 2908 670 2970 aeternam
703 2907 741 2969 et
772 2903 810 2968 hi
839 2905 879 2968 in
913 2902 1172 2986 opprobrium
1200 2905 1239 2968 et
1262 2903 1302 2967 in

173 3005 451 3072 confusionem
484 3011 699 3072 aeternam.
737 3012 768 3071 et
797 3007 860 3072 alio
890 3008 957 3072 loco
987 3026 1043 3089 per
1074 3008 1205 3071 eundem
1228 3023 1304 3089 pro·

173 3108 315 3191 phetam:
348 3109 550 3194 accipient
580 3129 744 3194 regnum
779 3112 911 3175 sancti
945 3111 1141 3176 altissimi
1170 3111 1210 3174 et
1240 3109 1305 3176 ob·

174 3212 363 3279 tinebant
384 3212 492 3278 illud
514 3232 635 3298 usque
665 3217 705 3279 in
728 3214 930 3279 saeculum
953 3214 990 3279 et
1012 3232 1135 3296 usquo
1157 3213 1195 3277 in
1219 3230 1341 3282 sao-as

277 3401 507 3469 lGen.22,18
610 3402 644 3456 10
670 3400 714 3456 Es.
736 3401 778 3467 26,
804 3401 836 3457 la
940 3401 972 3455 11
1000 3400 1044 3455 Ea.
1068 3401 1109 3465 65,
1133 3400 1233 3469 llaqq.

175 3487 208 3542 18
226 3487 293 3541 Dan.
312 3488 352 3553 12,
372 3488 436 3558 laq.
539 3488 574 3543 24
592 3489 659 3544 Dan.
678 3489 702 3554 ’1,
722 3489 754 3544 18

227 3657 320 3725 laen]
344 3657 438 3711 alueo
541 3656 646 3712 deserat
669 3658 735 3713 PT:
763 3659 854 3714 odoret
873 3657 910 3713 (3¹
938 3657 1025 3712 oderIt
1045 3659 1098 3714 G²c
1201 3659 1307 3728 beap.

172 3740 248 3797 CLII
268 3741 294 3796 Τ
318 3742 402 3798 CLXI
421 3744 490 3799 aco
575 3744 732 3814 deequitur
749 3749 869 3799 setertus
887 3744 961 3798 MVz
989 3761 1039 3798 om.
1060 3745 1156 3800 GPTo
1243 3762 1307 3814 pro·

174 3828 308 3897 missione]
327 3829 449 3897 pmsioac
468 3837 491 3893 (s
504 3832 569 3898 ros.)
591 3831 616 3885 T
700 3832 717 3885 5
734 3833 887 3901 implorum]
907 3846 937 3884 ex
950 3831 1041 3885 eodem
1054 3831 1122 3886 libro
1140 3830 1220 3886 xm
1239 3833 1308 3888 odd.

174 3913 270 3969 GPTo
355 3914 469 3983 8quod·
487 3917 513 3971 Τ
595 3916 627 3970 12
640 3917 811 3971 aseendente
829 3917 996 3970 ascendatP
1082 3917 1115 3970 13
1127 3931 1159 3969 ea
1174 3916 1227 3970 To:
1246 3934 1307 3972 eam

173 3999 239 4054 MV
324 4002 354 4055 11
372 4002 421 4056 illa
435 4002 498 4057 TV:
526 4019 584 4058 eac
670 4002 1237 4070 20dormientium(uom.2c'nroa.)2'

174 4086 354 4155 pulueremT
448 4089 480 4143 21
501 4089 685 4157 interpraetati
705 4089 773 4144 Νι)
873 4090 907 4142 22
927 4090 953 4143 ia
975 4089 1059 4142 ultam
1079 4092 1140 4157 (om.
1160 4088 1235 4151 hbe

172 4173 464 4245 ethIin-sctornam]
483 4192 567 4230 om
664 4174 698 4227 23
716 4175 770 4229 alio
789 4175 852 4231 TV:
880 4175 1007 4228 inaliov
1106 4173 1141 4227 24
1158 4173 1309 4243 accipient

173 4266 202 4327 (s
212 4262 280 4330 rao.)
296 4261 322 4315 Τ
413 4262 447 4317 25
459 4263 527 4318 illud
543 4261 595 4315 Vc:
614 4257 689 4311 aliud
704 4260 729 4314 Τ
819 4266 848 4316 et
859 4277 943 4330 usqua
953 4263 982 4315 in
995 4260 1139 4330 sacculum]
1152 4275 1234 4314 omo
