2760 4814
206 300 273 366 574
691 295 852 364 nugrppu

208 489 336 564 senta,
359 487 433 551 hora
457 487 517 551 diei
538 487 634 552 tertia
655 486 757 551 uelint
779 487 932 572 intellegi,
954 507 1015 570 qna
1037 488 1117 553 sedit
1135 488 1261 554 Pilatus
1284 508 1341 574 pro

206 590 367 668 tribunali,
399 593 435 654 ut
458 589 568 654 eadem
597 590 692 654 tertia
718 589 874 672 completa
905 592 1058 669 uideatur,
1090 595 1212 673 quaudo
1234 595 1341 660 cruci·

207 693 286 759 fixus
310 697 367 771 est,
398 694 491 775 atque
521 690 577 757 illo
607 692 671 757 iam
693 693 845 776 pendente
875 693 909 758 in
938 693 1023 776 ligno
1047 693 1127 759 aliae
1154 698 1218 759 tres
1242 694 1341 763 horae

206 797 352 881 peractae
373 796 446 873 sint,
470 797 501 860 et
523 794 693 860 reddiderit
714 795 878 879 spiritum3
910 801 945 861 nt
968 798 1007 861 ab
1030 814 1066 861 ea
1087 796 1172 877 hora,
1196 816 1261 880 qua
1283 799 1341 864 de-

209 902 335 966 functus
358 903 414 978 est,
439 897 472 962 id
494 901 543 963 ost
561 897 621 963 disi
637 903 733 982 sexta,
756 900 902 965 tenebrae
917 900 1026 966 herent
1041 921 1137 984 usqne
1152 901 1193 967 ad
1209 920 1339 968 nonam.
1361 927 1373 966 s

207 1005 318 1071 dicunt
347 1005 430 1068 enim
459 1002 510 1067 die
532 1001 658 1085 quidem
687 1002 753 1079 illo,
784 1021 878 1085 quem
905 1003 970 1069 dies
993 1003 1117 1070 sabbati
1140 1005 1339 1090 sequebatur,

207 1124 395 1191 parasceuen
418 1105 515 1171 fuisse
536 1104 670 1187 paschae
693 1105 890 1186 Iudaeorum,
913 1107 995 1190 quod
1017 1109 1056 1173 ab
1078 1108 1182 1173 eodem
1206 1108 1339 1174 sabbato

208 1211 384 1293 inciperent
416 1228 534 1292 azyma,
571 1208 625 1273 sed
657 1211 763 1274 tamen
797 1229 907 1275 uerum
935 1212 1058 1293 pascha,
1092 1212 1173 1294 quod
1207 1210 1274 1277 iam
1303 1213 1340 1277 in

207 1315 349 1399 passione
372 1312 492 1378 domini
514 1312 692 1397 gerebatur,
717 1332 779 1378 non
794 1313 992 1392 Iudaeorum,
1015 1317 1068 1381 sed
1091 1313 1340 1380 christianorum

204 1417 342 1499 coepisse
366 1416 553 1499 praeparari,
584 1417 616 1482 id
643 1419 692 1482 est
721 1435 909 1501 parasceuen
940 1416 1052 1483 habere
1074 1418 1112 1484 ab
1135 1418 1212 1483 hora
1233 1418 1374 1485 noctisue

207 1539 297 1600 nona,
320 1520 388 1584 ideo
411 1520 492 1602 quod
515 1519 659 1584 dominns
683 1537 701 1584 a
726 1520 849 1586 Iudaeis
872 1520 1057 1585 occidendus
1080 1522 1337 1605 praeparabatur.

205 1641 371 1708 parasceue
394 1624 506 1705 quippe
529 1624 758 1705 interpretatur
778 1623 984 1705 praeparatio.
1016 1622 1055 1688 ab
1079 1623 1136 1688 illa
1157 1642 1232 1709 ergo
1255 1643 1339 1691 nona

207 1729 283 1793 hora
304 1726 405 1792 noctis
428 1743 525 1808 usque
540 1727 578 1790 ad
594 1726 660 1791 eins
683 1725 913 1792 crucifixionem
928 1727 1064 1792 occurrit
1077 1727 1152 1792 hora
1166 1744 1338 1809 parasceue

206 1831 294 1897 serm
316 1833 485 1895 secundnm
507 1828 679 1894 Iohannem
703 1832 735 1895 et
757 1831 832 1895 hora
855 1829 917 1895 diei
940 1833 1035 1895 tertia
1056 1830 1225 1896 secundum
1248 1829 1338 1897 Mar·

205 1952 290 2018 cnm,
319 1937 354 1998 ut
381 1951 441 1998 non
464 1932 588 1998 Marcus
620 1932 729 1998 horam
757 1933 847 1998 illam
876 1936 1070 1999 recordatam
1099 1933 1374 2016 recapitulandoa

206 2036 505 2113 commemorarent
521 2055 582 2120 qua
596 2036 814 2102 clamaberunt
828 2035 950 2102 Iudaei:
975 2055 1040 2102 cru
1051 2036 1185 2121 ciliga,
1209 2039 1337 2103 crnci-

206 2141 223 2205 f
228 2142 307 2226 ige,
331 2144 384 2207 sed
400 2157 468 2205 eam
491 2140 595 2224 potins
619 2139 726 2205 horam
749 2141 876 2205 tertiam
893 2140 1015 2218 dixerit,
1040 2158 1100 2223 qua
1118 2139 1264 2206 dominus
1287 2142 1338 2205 ost

205 2244 371 2311 crucifixus
404 2246 437 2309 in
471 2243 565 2328 ligno.
606 2246 676 2326 quis
708 2242 807 2309 fidelis
842 2261 901 2309 non
938 2242 1045 2309 faueat
1078 2243 1152 2308 huic
1185 2244 1336 2309 solutioni

204 2348 410 2431 quaestionis,
443 2349 472 2413 si
494 2347 584 2413 modo
614 2349 715 2432 possit
746 2346 858 2430 aliquis
890 2347 1041 2414 articulus
1073 2346 1171 2413 conici
1193 2345 1232 2411 ab
1256 2347 1338 2413 hora

205 2470 287 2516 nona
309 2452 421 2529 noetis,
450 2452 531 2516 unde
554 2451 691 2535 coepisse
713 2469 899 2534 parasceuen
920 2450 1053 2535 paschae
1075 2451 1207 2534 nostrae,
1230 2450 1264 2516 id
1286 2460 1373 2520 osteo

204 2556 471 2637 praeparationem
500 2553 611 2620 mortis
635 2552 764 2635 Christi,
792 2558 999 2639 congruenter
1026 2554 1274 2639 intellegamus?
1305 2554 1337 2617 si

201 2657 291 2721 enim
313 2656 452 2722 dicamus
475 2675 543 2721 eam
561 2657 706 2740 coepisse,
730 2658 854 2740 quando
870 2677 889 2723 a
904 2656 1026 2723 Indaeis
1050 2655 1261 2740 apprehensus
1284 2661 1336 2722 est

205 2762 359 2844 dominus,
394 2762 493 2827 adhuc
526 2763 627 2828 noctis
659 2765 777 2846 primas
800 2764 905 2847 partes
935 2766 1040 2847 erant3
1078 2763 1114 2842 si,
1147 2760 1270 2845 quando
1294 2764 1336 2828 ed

202 2865 334 2931 domum
368 2864 536 2946 perductus
569 2870 618 2931 ost
652 2868 747 2932 soceri
770 2864 917 2948 Caiphae,
952 2865 1007 2931 ubi
1036 2867 1068 2932 et
1096 2865 1221 2931 auditus
1245 2868 1337 2932 esta

203 2968 398 3054 principibus
420 2970 624 3045 sacerdotum,
648 2968 749 3035 adhue
771 2970 874 3053 gallus
896 2988 958 3035 non
978 2970 1166 3049 cantauerat,
1191 2969 1275 3050 quod
1297 2986 1373 3036 exse

309 3153 498 3222 161o.19‚e
533 3153 566 3209 of.
582 3154 664 3212 Marc.
684 3155 724 3223 15,
743 3155 777 3210 14

258 3325 274 3378 1
292 3323 386 3378 horam
405 3324 430 3379 d.
450 3326 559 3380 tertiam
577 3342 593 3379 v
696 3325 759 3396 diei]
781 3325 825 3380 die
846 3326 872 3380 V
888 3326 935 3392 (cf.
950 3343 979 3396 p.
1000 3331 1061 3393 150,
1080 3330 1126 3394 25)
1229 3327 1335 3382 uellent

204 3413 244 3468 Ρι
346 3411 483 3482 desdam]
502 3428 558 3466 eam
578 3411 649 3466 diem
667 3412 695 3468 A
790 3412 917 3468 nedeatur
934 3415 962 3468 A
1063 3412 1265 3483 31110]1111Ρ

203 3499 361 3567 pendentem
384 3500 412 3553 A
441 3497 569 3568 pendenti
592 3499 649 3554 P¹o
756 3498 927 3554 tradiderit
952 3500 1010 3555 AV
1119 3500 1334 3569 lparassceueu

203 3587 232 3640 A
334 3585 433 3655 pascha
450 3587 477 3652 (a
494 3586 583 3639 altero
600 3601 636 3640 coo
653 3600 667 3638 e
683 3587 764 3652 corr.)
783 3585 812 3640 P
910 3587 1036 3640 8aaima
1053 3586 1118 3640 labri
1220 3586 1336 3654 poascba

203 3669 234 3737 (h
251 3672 318 3737 rae.)
337 3670 366 3724 P
465 3672 497 3724 11
523 3669 580 3726 ideo
603 3671 640 3725 V:
669 3670 697 3724 in
721 3686 751 3725 eo
774 3671 846 3727 APc
950 3673 983 3727 12
1005 3673 1213 3740 interpraetatur
1235 3674 1264 3727 A

201 3754 263 3823 illa]
283 3754 330 3808 illo
348 3754 375 3808 A
478 3756 512 3810 15
535 3756 672 3811 recordata
689 3758 717 3811 A
819 3757 1029 3827 recapitulando]
1048 3758 1277 3828 recapitulandam
1295 3758 1335 3815 1³¹

203 3838 393 3908 recapitularet
415 3844 504 3894 tamen
529 3841 728 3911 recapitulando
750 3859 766 3896 o
870 3843 904 3898 16
926 3859 979 3913 qna
1002 3848 1030 3910 (a
1047 3860 1081 3898 coc
1098 3860 1112 3897 e
1129 3849 1210 3911 corr.)
1235 3845 1266 3898 P

200 3926 321 3980 alteram
339 3925 464 3997 crucifige
487 3943 537 3981 om.
561 3927 604 3983 Po
707 3929 738 3982 11
763 3930 852 3998 potius
874 3929 908 3983 V:
940 3945 1048 3998 prorsus
1071 3931 1143 3986 APo
1247 3933 1336 3988 cruci·

202 4011 271 4066 fixus
288 4014 365 4067 esto
458 4013 491 4067 18
508 4013 572 4069 huic
589 4014 680 4069 100001
697 4015 768 4069 APo
860 4015 893 4069 19
910 4015 935 4069 si
952 4015 1038 4086 modo]
1057 4017 1174 4074 immeo
1260 4020 1336 4088 posit

206 4109 234 4188 11
317 4132 352 4186 10
365 4096 497 4202 perissa
581 4135 614 4189 21
634 4135 669 4202 si]
689 4137 759 4189 sico
851 4135 886 4190 21
897 4135 1133 4205 adpraehensusA
1219 4137 1256 4195 23
1274 4158 1336 4211 par·

201 4237 240 4292 tis
258 4237 296 4292 Ρι
398 4238 433 4292 24
449 4221 528 4294 00001·Ι
546 4239 567 4309 (1
584 4237 648 4293 cdd.
666 4256 700 4294 m.
720 4243 750 4308 2)
769 4240 797 4296 P
898 4241 931 4295 25
950 4241 1112 4311 principiboe
1129 4243 1157 4296 A
