2760 4814
359 552 526 622 Excerpts
543 568 580 608 ex
597 568 668 624 opp.
686 553 714 610 S.
731 553 924 623 Augustini
945 552 1047 610 LXIII.
1207 556 1271 623 317

133 748 193 812 cst
216 742 414 825 iusipiens
436 758 499 806 cor
522 758 667 826 eorum;
691 742 869 809 dicentes
891 762 932 810 se
954 762 1041 810 esse
1062 745 1266 828 sapientes

132 847 260 916 stulti
292 845 393 913 iacti
426 850 536 929 sunt,
570 849 609 912 et
640 846 901 913 mutauerant
935 849 1110 934 gloriam
1142 848 1270 915 incor-

133 950 357 1037 ruptibilis
378 951 442 1018 dei
464 952 502 1016 in
526 949 840 1016 similitudinem
861 952 1049 1036 imaginis
1070 953 1270 1035 corrupti·

133 1055 236 1122 biIIs
258 1054 435 1121 hominis
457 1057 495 1120 et
516 1054 726 1120 uolucrum
749 1057 789 1121 et
809 1055 1109 1139 quadrupedum
1130 1056 1172 1121 et
1192 1073 1270 1121 ser·

114 1158 332 1242 apentium.
367 1177 403 1223 cr
425 1159 485 1224 hac
505 1160 594 1241 quasi
616 1159 772 1241 sapientia
794 1159 856 1224 iste
877 1157 999 1226 uitulus
1020 1177 1143 1238 aureus,
1165 1159 1270 1243 qualia

133 1261 281 1328 solebant
303 1262 530 1347 Aegyptiorum
560 1265 655 1329 otiam
687 1262 748 1345 ipsi
773 1262 924 1346 primates
947 1263 981 1328 et
1003 1263 1163 1345 tamquam
1186 1261 1269 1328 docti

133 1365 277 1431 homiues
308 1369 436 1433 adorare
466 1367 624 1451 figmenta.
662 1367 721 1432 hoc
751 1384 825 1452 ergo
853 1366 955 1432 uitulo
985 1365 1197 1449 significatum
1220 1369 1269 1433 est

134 1489 226 1536 omne
250 1488 373 1553 corpus,
397 1470 430 1536 id
453 1474 500 1536 est
523 1472 625 1536 omnis
647 1471 779 1536 societas
802 1470 971 1554 gentilium
993 1469 1160 1536 idolatrIae
1180 1470 1269 1537 ‹ledi-

133 1577 248 1639 tornm.
282 1573 363 1639 hanc
385 1575 571 1660 sacrilegam
592 1575 775 1641 societatem
788 1574 938 1641 ,dominns
954 1572 1098 1641 Christus
1119 1571 1174 1640 illo
1197 1573 1269 1656 igue

105 1677 301 1762 rocomhnrit,
326 1678 448 1761 dequo
471 1678 504 1743 in
526 1680 687 1763 euangelio
713 1679 807 1746 dicit:
838 1680 967 1762 ignem
988 1679 1084 1744 ueni
1106 1677 1268 1743 mittere

132 1781 172 1846 in
195 1787 366 1860 terram,
398 1786 444 1861 ut,
476 1782 622 1865 qnoniam
645 1801 706 1848 non
729 1782 779 1849 est
801 1783 855 1865 qui
877 1800 911 1847 se
932 1781 1103 1849 abscondat
1124 1800 1143 1846 s
1165 1781 1268 1846 calore

134 1885 211 1964 rins,
234 1883 311 1950 ium
333 1885 368 1949 in
390 1902 462 1950 eum
484 1885 613 1951 credunt
634 1889 754 1969 gentos,
777 1886 852 1969 igue
873 1884 1002 1951 uirtutis
1025 1885 1092 1951 eius
1114 1884 1268 1951 diabolica

134 1988 164 2052 in
187 1987 235 2052 cis
259 1986 363 2053 forma
376 1988 528 2053 soluatur.
558 1989 662 2055 totum
677 1987 788 2055 deiude
803 2006 914 2073 corpus
936 1988 1017 2053 illud
1032 1987 1265 2066 comminuitur,

133 2090 163 2156 id
187 2091 239 2156 est
262 2091 301 2156 ah
324 2092 381 2158 illa
402 2092 504 2157 melae
522 2093 761 2175 conspirationis
776 2091 961 2158 conflatione
983 2092 1151 2158 discissum
1172 2093 1268 2159 uerbo

108 2195 280 2261 nocuistis
313 2195 501 2262 humiliatur
527 2200 559 2262 et
581 2200 809 2263 comminutum
839 2196 873 2261 in
903 2215 1017 2279 uquam
1045 2196 1197 2274 mittitur,
1231 2198 1267 2261 ut

133 2317 183 2364 eos
207 2298 404 2382 Israhelitae,
433 2299 466 2365 id
489 2302 537 2365 est
558 2300 712 2384 euangelii
733 2298 972 2384 praedicatores,
996 2317 1032 2364 ex
1055 2299 1211 2382 baptismo
1234 2299 1266 2364 iu

133 2422 191 2470 sna
213 2404 364 2482 membra,
388 2404 446 2470 hoc
467 2408 516 2470 est
537 2403 571 2470 in
594 2422 707 2486 corpus
729 2404 928 2480 dominicum,
951 2403 1150 2468 transierant.
1188 2417 1266 2483 quo·

133 2528 204 2574 rum
219 2506 461 2573 israhelitarum
476 2507 570 2573 Petro
584 2510 622 2573 ie
644 2508 721 2590 ipsis
744 2505 890 2591 gentihus
908 2505 1029 2571 dictum
1050 2509 1115 2571 est:
1138 2508 1267 2570 macte

133 2617 171 2677 et
192 2610 395 2677 manduca.
433 2611 462 2675 si
493 2613 627 2676 macta
648 2611 686 2676 et
707 2612 923 2687 manduca,
952 2626 1046 2691 qnare
1068 2626 1129 2673 non
1151 2609 1265 2674 etiam:
1308 2590 1320 2617 '

106 2715 262 2780 »concide
284 2714 318 2779 et
337 2714 434 2779 hibe?
456 2713 502 2779 ita
524 2713 582 2779 illo
602 2714 722 2780 uitulus
736 2732 793 2796 per
814 2714 919 2798 ignem
937 2711 997 2777 zeli
1012 2711 1045 2777 et
1059 2712 1160 2777 aciem
1174 2711 1264 2777 uerbi

133 2822 165 2883 et
185 2836 303 2901 squam
334 2816 485 2902 baptismi
517 2818 556 2884 ah
583 2820 628 2884 eis
656 2818 761 2902 potius
795 2835 872 2901 quos
903 2815 1068 2882 ahsorbere
1096 2816 1266 2881 conabatur

133 2923 299 3005 absorptus
322 2922 379 2986 est.

173 3024 210 3092 Si
233 3041 308 3109 ergo
339 3024 414 3090 haec
440 3043 560 3109 quoque
589 3026 658 3092 loca
685 3025 921 3110 scripturarum,
953 3024 1124 3108 dequibus
1148 3023 1265 3089 eisdem

133 3129 300 3212 scripturis
323 3128 557 3194 calumniantur
578 3128 735 3207 haeretici,
758 3129 955 3212 perscrutsta
969 3131 1001 3192 et
1016 3128 1152 3210 quodam
1174 3127 1265 3193 morlo

108 3231 327 3315 sinterrogata
349 3234 466 3313 quanto
488 3232 637 3297 uidentur
656 3230 846 3315 obscuriora,
868 3233 959 3297 tauto
980 3230 1210 3297 mirabiliorum
1232 3229 1265 3295 in

135 3352 167 3399 se
196 3333 419 3418 mysteriorum
448 3334 610 3401 thesauros
640 3336 740 3402 latere
772 3337 977 3419 respondent:
1016 3337 1133 3418 quanto
1163 3333 1265 3417 magis

238 3539 273 3593 10
289 3537 353 3592 huc.
373 3537 413 3603 12,
431 3538 466 3592 49
571 3539 601 3594 11
621 3539 655 3593 cl.
673 3538 717 3594 Ps.
737 3539 813 3607 18,7
919 3540 951 3594 18
969 3539 1028 3593 Act.
1048 3539 1089 3604 10,
1109 3538 1141 3592 13

186 3728 197 3781 1
218 3743 247 3781 se
266 3744 317 3783 om.
339 3726 373 3781 T'
477 3726 608 3795 sapientis
625 3725 656 3779 D
755 3725 1004 3781 armmuanerunt
1022 3725 1121 3782 DPI’c
1225 3726 1266 3781 in·

137 3813 322 3885 corruptibiles
339 3812 380 3867 D*
478 3813 495 3866 3
512 3810 694 3867 similitudine
711 3812 751 3875 D¹
846 3813 979 3882 imagines
996 3812 1036 3867 D¹
1134 3813 1152 3867 h
1169 3810 1265 3882 quales

137 3898 173 3952 D¹
276 3901 294 3955 6
317 3901 412 3969 ipseo
513 3897 639 3968 primatis
656 3899 699 3953 D¹
728 3898 893 3968 primatesc
995 3900 1012 3953 1
1034 3886 1152 3954 hominis
1173 3900 1200 3954 V

138 3986 250 4043 uitulum
264 3986 290 4039 V
370 3985 404 4042 10
414 3985 558 4057 comburit]
572 3988 709 4041 concurret
721 3984 759 4040 Ρ1
838 3986 870 4041 11
884 3986 1086 4056 utletilludD
1164 3986 1197 4041 12
1210 3988 1266 4042 uir·

138 4072 204 4125 tutes
220 4070 260 4126 Ρ·
367 4071 400 4125 13
422 4071 469 4140 eis]
488 4071 546 4126 eius
570 4070 596 4125 Τ
696 4071 729 4129 14
752 4072 824 4126 mala
840 4071 1046 4140 conspirationes
1064 4071 1100 4129 Ρι
1204 4089 1265 4128 con-

138 4152 249 4211 tritoni·
261 4155 304 4212 D·
391 4156 535 4212 discessum
549 4156 595 4212 Do
678 4158 765 4217 uerbtl
777 4157 806 4212 P
889 4158 924 4213 lh
940 4159 1056 4228 aqnsI'
1141 4159 1173 4215 16
1191 4176 1265 4229 prse-

139 4238 257 4299 iiestoris
272 4242 316 4298 D¹
414 4243 447 4297 11
464 4242 634 4306 trenslershit
651 4269 668 4311 υ
768 4244 804 4300 20
818 4242 939 4299 concide·
950 4249 975 4314 (t
985 4248 1053 4310 rar.)
1066 4243 1094 4298 P
1191 4245 1266 4299 hibet

140 4323 173 4378 P·
256 4327 311 4401 its]
324 4328 365 4382 its
376 4327 443 4383 etP
527 4331 766 4406 et-upfbjmm
852 4330 1108 4400 iliquouubsturl’
1173 4330 1266 4386 iirb-

141 4416 220 4468 sortus
244 4412 377 4471 D'PTV
401 4413 526 4469 shsnrtns
548 4416 588 4472 D¹
687 4430 728 4496 23
757 4422 797 4477 si·
824 4422 849 4487 (c
870 4420 939 4487 ras.)
966 4419 995 4473 P
1095 4417 1134 4475 at
1157 4417 1266 4490 quanto]

141 4501 235 4565 omnio
253 4502 293 4557 P·
319 4502 456 4571 quantu
549 4504 582 4565 16
598 4524 728 4609 themu,
749 4506 793 4570 υἱ
