<?xml version="1.0" encoding="UTF-8"?>
<!DOCTYPE html PUBLIC "-//W3C//DTD XHTML 1.0 Transitional//EN"
    "http://www.w3.org/TR/xhtml1/DTD/xhtml1-transitional.dtd">
<html xmlns="http://www.w3.org/1999/xhtml" xml:lang="en" lang="en">
 <head>
  <title>
</title>
<meta http-equiv="Content-Type" content="text/html;charset=utf-8" />
  <meta name='ocr-system' content='tesseract 3.04.00' />
  <meta name='ocr-capabilities' content='ocr_page ocr_carea ocr_par ocr_line ocrx_word'/>
</head>
<body>
  <div class='ocr_page' id='page_1' title='image "./evgippiiexcerpt00kngoog/evgippiiexcerpt00kngoog_0722.png"; bbox 0 0 2760 4814; ppageno 0'>
   <div class='ocr_carea' id='block_1_1' title="bbox 270 299 1204 372">
    <p class='ocr_par' dir='ltr' id='par_1_1' title="bbox 270 299 1204 372">
     <span class='ocr_line' id='line_1_1' title="bbox 270 299 1204 372; baseline 0.01 -20"><span class='ocrx_word' id='word_1_1' title='bbox 270 299 434 369; x_wconf 81' lang='lat' dir='ltr'>Excerpta</span> <span class='ocrx_word' id='word_1_2' title='bbox 452 316 486 355; x_wconf 87' lang='lat' dir='ltr'>er</span> <span class='ocrx_word' id='word_1_3' title='bbox 504 317 574 371; x_wconf 89' lang='lat' dir='ltr'>opp.</span> <span class='ocrx_word' id='word_1_4' title='bbox 594 301 620 358; x_wconf 86' lang='lat' dir='ltr'>S.</span> <span class='ocrx_word' id='word_1_5' title='bbox 638 301 825 370; x_wconf 80' lang='lat' dir='ltr'>Augustini</span> <span class='ocrx_word' id='word_1_6' title='bbox 844 300 1007 357; x_wconf 84' lang='lat' dir='ltr'>ccxvnll.</span> <span class='ocrx_word' id='word_1_7' title='bbox 1140 304 1204 372; x_wconf 82' lang='lat'>699</span> 
     </span>
    </p>
   </div>
   <div class='ocr_carea' id='block_1_2' title="bbox 29 489 1206 2536">
    <p class='ocr_par' dir='ltr' id='par_1_2' title="bbox 68 489 1206 879">
     <span class='ocr_line' id='line_1_2' title="bbox 116 489 1203 575; baseline 0.004 -21"><span class='ocrx_word' id='word_1_8' title='bbox 116 489 250 555; x_wconf 81' lang='lat' dir='ltr'>Proinde</span> <span class='ocrx_word' id='word_1_9' title='bbox 280 489 442 555; x_wconf 88' lang='lat' dir='ltr'>rationalis</span> <span class='ocrx_word' id='word_1_10' title='bbox 466 493 607 555; x_wconf 89' lang='lat' dir='ltr'>creatura</span> <span class='ocrx_word' id='word_1_11' title='bbox 636 492 703 556; x_wconf 90' lang='lat' dir='ltr'>siue</span> <span class='ocrx_word' id='word_1_12' title='bbox 726 491 759 555; x_wconf 91' lang='lat' dir='ltr'>in</span> <span class='ocrx_word' id='word_1_13' title='bbox 782 492 922 575; x_wconf 83' lang='lat' dir='ltr'>angelico</span> <span class='ocrx_word' id='word_1_14' title='bbox 945 492 1060 574; x_wconf 92' lang='lat' dir='ltr'>spiritu</span> <span class='ocrx_word' id='word_1_15' title='bbox 1081 493 1147 558; x_wconf 88' lang='lat' dir='ltr'>sine</span> <span class='ocrx_word' id='word_1_16' title='bbox 1169 494 1203 558; x_wconf 91' lang='lat' dir='ltr'>in</span> 
     </span>
     <span class='ocr_line' id='line_1_3' title="bbox 69 592 1206 677; baseline 0.004 -20"><span class='ocrx_word' id='word_1_17' title='bbox 69 593 179 658; x_wconf 86' lang='lat' dir='ltr'>anima</span> <span class='ocrx_word' id='word_1_18' title='bbox 208 592 346 659; x_wconf 90' lang='lat' dir='ltr'>bumana</span> <span class='ocrx_word' id='word_1_19' title='bbox 375 594 421 658; x_wconf 91' lang='lat' dir='ltr'>ita</span> <span class='ocrx_word' id='word_1_20' title='bbox 450 593 532 659; x_wconf 85' lang='lat' dir='ltr'>lacta</span> <span class='ocrx_word' id='word_1_21' title='bbox 558 597 616 670; x_wconf 90' lang='lat' dir='ltr'>est,</span> <span class='ocrx_word' id='word_1_22' title='bbox 648 597 684 658; x_wconf 91' lang='lat' dir='ltr'>ut</span> <span class='ocrx_word' id='word_1_23' title='bbox 707 595 766 659; x_wconf 91' lang='lat' dir='ltr'>sibi</span> <span class='ocrx_word' id='word_1_24' title='bbox 790 595 856 677; x_wconf 89' lang='lat' dir='ltr'>ipsa</span> <span class='ocrx_word' id='word_1_25' title='bbox 878 593 1004 671; x_wconf 89' lang='lat' dir='ltr'>bonum,</span> <span class='ocrx_word' id='word_1_26' title='bbox 1028 613 1088 677; x_wconf 93' lang='lat' dir='ltr'>quo</span> <span class='ocrx_word' id='word_1_27' title='bbox 1111 597 1206 661; x_wconf 87' lang='lat' dir='ltr'>beata</span> 
     </span>
     <span class='ocr_line' id='line_1_4' title="bbox 68 695 1202 781; baseline 0.002 -20"><span class='ocrx_word' id='word_1_28' title='bbox 68 695 138 773; x_wconf 87' lang='lat' dir='ltr'>fiat,</span> <span class='ocrx_word' id='word_1_29' title='bbox 170 715 234 762; x_wconf 89' lang='lat' dir='ltr'>esse</span> <span class='ocrx_word' id='word_1_30' title='bbox 264 714 325 761; x_wconf 91' lang='lat' dir='ltr'>uon</span> <span class='ocrx_word' id='word_1_31' title='bbox 354 695 463 781; x_wconf 79' lang='lat' dir='ltr'>possit,</span> <span class='ocrx_word' id='word_1_32' title='bbox 494 697 558 774; x_wconf 87' lang='lat' dir='ltr'>sed,</span> <span class='ocrx_word' id='word_1_33' title='bbox 583 696 778 763; x_wconf 75' lang='lat' dir='ltr'>mutabilitas</span> <span class='ocrx_word' id='word_1_34' title='bbox 800 696 866 762; x_wconf 89' lang='lat' dir='ltr'>eius</span> <span class='ocrx_word' id='word_1_35' title='bbox 889 698 915 762; x_wconf 93' lang='lat' dir='ltr'>si</span> <span class='ocrx_word' id='word_1_36' title='bbox 939 702 1141 764; x_wconf 87' lang='lat' dir='ltr'>conuertatur</span> <span class='ocrx_word' id='word_1_37' title='bbox 1163 699 1202 765; x_wconf 93' lang='lat' dir='ltr'>ad</span> 
     </span>
     <span class='ocr_line' id='line_1_5' title="bbox 70 798 1204 879; baseline 0.001 -13"><span class='ocrx_word' id='word_1_38' title='bbox 70 800 331 867; x_wconf 76' lang='lat' dir='ltr'>incommutabile</span> <span class='ocrx_word' id='word_1_39' title='bbox 361 800 487 878; x_wconf 86' lang='lat' dir='ltr'>bonum,</span> <span class='ocrx_word' id='word_1_40' title='bbox 517 798 572 864; x_wconf 89' lang='lat' dir='ltr'>fiat</span> <span class='ocrx_word' id='word_1_41' title='bbox 596 799 701 876; x_wconf 80' lang='lat' dir='ltr'>beata3</span> <span class='ocrx_word' id='word_1_42' title='bbox 733 800 865 865; x_wconf 88' lang='lat' dir='ltr'>undosi</span> <span class='ocrx_word' id='word_1_43' title='bbox 887 804 1059 879; x_wconf 87' lang='lat' dir='ltr'>auertatur,</span> <span class='ocrx_word' id='word_1_44' title='bbox 1090 803 1204 867; x_wconf 89' lang='lat' dir='ltr'>misera</span> 
     </span>
    </p>

    <p class='ocr_par' dir='ltr' id='par_1_3' title="bbox 29 903 1205 2536">
     <span class='ocr_line' id='line_1_6' title="bbox 45 903 1202 972; baseline 0 -4"><span class='ocrx_word' id='word_1_45' title='bbox 45 907 130 970; x_wconf 80' lang='lat' dir='ltr'>sest.</span> <span class='ocrx_word' id='word_1_46' title='bbox 169 903 288 968; x_wconf 88' lang='lat' dir='ltr'>auersio</span> <span class='ocrx_word' id='word_1_47' title='bbox 323 904 389 968; x_wconf 91' lang='lat' dir='ltr'>eius</span> <span class='ocrx_word' id='word_1_48' title='bbox 421 903 536 969; x_wconf 91' lang='lat' dir='ltr'>uitium</span> <span class='ocrx_word' id='word_1_49' title='bbox 570 903 636 968; x_wconf 86' lang='lat' dir='ltr'>eius</span> <span class='ocrx_word' id='word_1_50' title='bbox 666 906 698 967; x_wconf 92' lang='lat' dir='ltr'>et</span> <span class='ocrx_word' id='word_1_51' title='bbox 728 904 888 969; x_wconf 89' lang='lat' dir='ltr'>conuersio</span> <span class='ocrx_word' id='word_1_52' title='bbox 918 904 1021 970; x_wconf 91' lang='lat' dir='ltr'>uirtus</span> <span class='ocrx_word' id='word_1_53' title='bbox 1052 904 1120 970; x_wconf 89' lang='lat' dir='ltr'>sius</span> <span class='ocrx_word' id='word_1_54' title='bbox 1144 910 1202 972; x_wconf 91' lang='lat' dir='ltr'>est.</span> 
     </span>
     <span class='ocr_line' id='line_1_7' title="bbox 71 1006 1202 1090; baseline 0 -18"><span class='ocrx_word' id='word_1_55' title='bbox 71 1010 189 1073; x_wconf 90' lang='lat' dir='ltr'>natura</span> <span class='ocrx_word' id='word_1_56' title='bbox 211 1026 284 1089; x_wconf 84' lang='lat' dir='ltr'>ergo</span> <span class='ocrx_word' id='word_1_57' title='bbox 306 1025 368 1071; x_wconf 91' lang='lat' dir='ltr'>nou</span> <span class='ocrx_word' id='word_1_58' title='bbox 390 1007 439 1071; x_wconf 89' lang='lat' dir='ltr'>est</span> <span class='ocrx_word' id='word_1_59' title='bbox 461 1006 556 1090; x_wconf 89' lang='lat' dir='ltr'>mala,</span> <span class='ocrx_word' id='word_1_60' title='bbox 580 1007 653 1087; x_wconf 90' lang='lat' dir='ltr'>quia</span> <span class='ocrx_word' id='word_1_61' title='bbox 675 1009 818 1072; x_wconf 90' lang='lat' dir='ltr'>creatura</span> <span class='ocrx_word' id='word_1_62' title='bbox 840 1006 972 1089; x_wconf 86' lang='lat' dir='ltr'>spiritus</span> <span class='ocrx_word' id='word_1_63' title='bbox 996 1008 1082 1073; x_wconf 90' lang='lat' dir='ltr'>uitae</span> <span class='ocrx_word' id='word_1_64' title='bbox 1104 1010 1202 1074; x_wconf 92' lang='lat' dir='ltr'>ratio·</span> 
     </span>
     <span class='ocr_line' id='line_1_8' title="bbox 71 1108 1202 1195; baseline 0.001 -19"><span class='ocrx_word' id='word_1_65' title='bbox 71 1111 157 1177; x_wconf 90' lang='lat' dir='ltr'>nalis</span> <span class='ocrx_word' id='word_1_66' title='bbox 179 1110 274 1175; x_wconf 89' lang='lat' dir='ltr'>etiam</span> <span class='ocrx_word' id='word_1_67' title='bbox 296 1109 421 1191; x_wconf 89' lang='lat' dir='ltr'>priuata</span> <span class='ocrx_word' id='word_1_68' title='bbox 443 1108 535 1187; x_wconf 89' lang='lat' dir='ltr'>bono,</span> <span class='ocrx_word' id='word_1_69' title='bbox 568 1109 656 1174; x_wconf 89' lang='lat' dir='ltr'>cuius</span> <span class='ocrx_word' id='word_1_70' title='bbox 678 1109 918 1192; x_wconf 74' lang='lat' dir='ltr'>participatione</span> <span class='ocrx_word' id='word_1_71' title='bbox 940 1108 1146 1195; x_wconf 87' lang='lat' dir='ltr'>beatificatur,</span> <span class='ocrx_word' id='word_1_72' title='bbox 1169 1112 1202 1177; x_wconf 93' lang='lat' dir='ltr'>id</span> 
     </span>
     <span class='ocr_line' id='line_1_9' title="bbox 72 1200 1202 1296; baseline -0.001 -17"><span class='ocrx_word' id='word_1_73' title='bbox 72 1216 122 1279; x_wconf 90' lang='lat' dir='ltr'>est</span> <span class='ocrx_word' id='word_1_74' title='bbox 152 1215 247 1278; x_wconf 88' lang='lat' dir='ltr'>etiam</span> <span class='ocrx_word' id='word_1_75' title='bbox 276 1213 401 1290; x_wconf 86' lang='lat' dir='ltr'>uitiosa,</span> <span class='ocrx_word' id='word_1_76' title='bbox 433 1200 543 1277; x_wconf 83' lang='lat' dir='ltr'>melior&#39;</span> <span class='ocrx_word' id='word_1_77' title='bbox 567 1216 615 1277; x_wconf 88' lang='lat' dir='ltr'>est</span> <span class='ocrx_word' id='word_1_78' title='bbox 643 1230 779 1294; x_wconf 89' lang='lat' dir='ltr'>corpore,</span> <span class='ocrx_word' id='word_1_79' title='bbox 811 1216 891 1296; x_wconf 89' lang='lat' dir='ltr'>quod</span> <span class='ocrx_word' id='word_1_80' title='bbox 915 1232 1074 1277; x_wconf 92' lang='lat' dir='ltr'>summum</span> <span class='ocrx_word' id='word_1_81' title='bbox 1099 1215 1147 1279; x_wconf 89' lang='lat' dir='ltr'>est</span> <span class='ocrx_word' id='word_1_82' title='bbox 1168 1214 1202 1278; x_wconf 94' lang='lat' dir='ltr'>in</span> 
     </span>
     <span class='ocr_line' id='line_1_10' title="bbox 72 1315 1205 1400; baseline 0 -18"><span class='ocrx_word' id='word_1_83' title='bbox 72 1315 265 1398; x_wconf 85' lang='lat' dir='ltr'>corporibus,</span> <span class='ocrx_word' id='word_1_84' title='bbox 289 1316 321 1381; x_wconf 93' lang='lat' dir='ltr'>id</span> <span class='ocrx_word' id='word_1_85' title='bbox 344 1318 393 1380; x_wconf 85' lang='lat' dir='ltr'>est</span> <span class='ocrx_word' id='word_1_86' title='bbox 415 1316 474 1382; x_wconf 92' lang='lat' dir='ltr'>hac</span> <span class='ocrx_word' id='word_1_87' title='bbox 496 1316 577 1394; x_wconf 88' lang='lat' dir='ltr'>luce,</span> <span class='ocrx_word' id='word_1_88' title='bbox 608 1334 686 1399; x_wconf 88' lang='lat' dir='ltr'>quas</span> <span class='ocrx_word' id='word_1_89' title='bbox 709 1317 846 1382; x_wconf 85' lang='lat' dir='ltr'>sentitur</span> <span class='ocrx_word' id='word_1_90' title='bbox 868 1316 966 1382; x_wconf 89' lang='lat' dir='ltr'>oculis</span> <span class='ocrx_word' id='word_1_91' title='bbox 990 1317 1101 1400; x_wconf 89' lang='lat' dir='ltr'>carnis,</span> <span class='ocrx_word' id='word_1_92' title='bbox 1130 1318 1205 1400; x_wconf 88' lang='lat' dir='ltr'>quia</span> 
     </span>
     <span class='ocr_line' id='line_1_11' title="bbox 29 1407 1203 1504; baseline -0.004 -16"><span class='ocrx_word' id='word_1_93' title='bbox 29 1424 106 1488; x_wconf 80' lang='lat' dir='ltr'>roet</span> <span class='ocrx_word' id='word_1_94' title='bbox 128 1421 327 1502; x_wconf 84' lang='lat' dir='ltr'>ipsocorpus</span> <span class='ocrx_word' id='word_1_95' title='bbox 350 1422 407 1484; x_wconf 87' lang='lat' dir='ltr'>est.</span> <span class='ocrx_word' id='word_1_96' title='bbox 445 1421 528 1484; x_wconf 92' lang='lat' dir='ltr'>omni</span> <span class='ocrx_word' id='word_1_97' title='bbox 557 1423 663 1484; x_wconf 90' lang='lat' dir='ltr'>autem</span> <span class='ocrx_word' id='word_1_98' title='bbox 693 1437 819 1504; x_wconf 89' lang='lat' dir='ltr'>corpore</span> <span class='ocrx_word' id='word_1_99' title='bbox 842 1407 1001 1502; x_wconf 85' lang='lat' dir='ltr'>quaelibet</span> <span class='ocrx_word' id='word_1_100' title='bbox 1023 1419 1203 1502; x_wconf 89' lang='lat' dir='ltr'>incorporea</span> 
     </span>
     <span class='ocr_line' id='line_1_12' title="bbox 70 1523 1203 1606; baseline 0 -18"><span class='ocrx_word' id='word_1_101' title='bbox 70 1526 187 1588; x_wconf 89' lang='lat' dir='ltr'>natura</span> <span class='ocrx_word' id='word_1_102' title='bbox 215 1523 431 1606; x_wconf 84' lang='lat' dir='ltr'>praestantior,</span> <span class='ocrx_word' id='word_1_103' title='bbox 465 1541 525 1587; x_wconf 90' lang='lat' dir='ltr'>non</span> <span class='ocrx_word' id='word_1_104' title='bbox 556 1523 649 1605; x_wconf 92' lang='lat' dir='ltr'>mole,</span> <span class='ocrx_word' id='word_1_105' title='bbox 682 1523 756 1605; x_wconf 90' lang='lat' dir='ltr'>quia</span> <span class='ocrx_word' id='word_1_106' title='bbox 785 1542 846 1588; x_wconf 90' lang='lat' dir='ltr'>non</span> <span class='ocrx_word' id='word_1_107' title='bbox 877 1525 936 1588; x_wconf 88' lang='lat' dir='ltr'>nisi</span> <span class='ocrx_word' id='word_1_108' title='bbox 966 1542 1129 1606; x_wconf 90' lang='lat' dir='ltr'>corporum</span> <span class='ocrx_word' id='word_1_109' title='bbox 1155 1526 1203 1588; x_wconf 90' lang='lat' dir='ltr'>est</span> 
     </span>
     <span class='ocr_line' id='line_1_13' title="bbox 70 1626 1202 1710; baseline -0.001 -18"><span class='ocrx_word' id='word_1_110' title='bbox 70 1626 183 1706; x_wconf 87' lang='lat' dir='ltr'>moles,</span> <span class='ocrx_word' id='word_1_111' title='bbox 209 1627 264 1691; x_wconf 86' lang='lat' dir='ltr'>sed</span> <span class='ocrx_word' id='word_1_112' title='bbox 286 1627 320 1690; x_wconf 92' lang='lat' dir='ltr'>ui</span> <span class='ocrx_word' id='word_1_113' title='bbox 342 1627 487 1709; x_wconf 89' lang='lat' dir='ltr'>quadam,</span> <span class='ocrx_word' id='word_1_114' title='bbox 512 1646 573 1709; x_wconf 86' lang='lat' dir='ltr'>qua</span> <span class='ocrx_word' id='word_1_115' title='bbox 595 1627 831 1710; x_wconf 88' lang='lat' dir='ltr'>supergreditur</span> <span class='ocrx_word' id='word_1_116' title='bbox 849 1646 972 1692; x_wconf 92' lang='lat' dir='ltr'>omnem</span> <span class='ocrx_word' id='word_1_117' title='bbox 994 1626 1202 1710; x_wconf 88' lang='lat' dir='ltr'>phantasiam,</span> 
     </span>
     <span class='ocr_line' id='line_1_14' title="bbox 72 1728 1203 1813; baseline 0.001 -19"><span class='ocrx_word' id='word_1_118' title='bbox 72 1747 168 1813; x_wconf 92' lang='lat' dir='ltr'>qnam</span> <span class='ocrx_word' id='word_1_119' title='bbox 190 1728 313 1795; x_wconf 89' lang='lat' dir='ltr'>uolutat</span> <span class='ocrx_word' id='word_1_120' title='bbox 328 1731 450 1794; x_wconf 89' lang='lat' dir='ltr'>animus</span> <span class='ocrx_word' id='word_1_121' title='bbox 474 1729 621 1795; x_wconf 85' lang='lat' dir='ltr'>haustam</span> <span class='ocrx_word' id='word_1_122' title='bbox 638 1729 675 1794; x_wconf 94' lang='lat' dir='ltr'>de</span> <span class='ocrx_word' id='word_1_123' title='bbox 691 1730 833 1795; x_wconf 87' lang='lat' dir='ltr'>sensibus</span> <span class='ocrx_word' id='word_1_124' title='bbox 849 1729 995 1813; x_wconf 91' lang='lat' dir='ltr'>corporis.</span> <span class='ocrx_word' id='word_1_125' title='bbox 1023 1733 1075 1797; x_wconf 90' lang='lat' dir='ltr'>sed</span> <span class='ocrx_word' id='word_1_126' title='bbox 1093 1748 1203 1812; x_wconf 88' lang='lat' dir='ltr'>quem·</span> 
     </span>
     <span class='ocr_line' id='line_1_15' title="bbox 71 1832 1203 1916; baseline -0.002 -18"><span class='ocrx_word' id='word_1_127' title='bbox 71 1833 241 1899; x_wconf 87' lang='lat' dir='ltr'>admodum</span> <span class='ocrx_word' id='word_1_128' title='bbox 272 1832 306 1897; x_wconf 91' lang='lat' dir='ltr'>in</span> <span class='ocrx_word' id='word_1_129' title='bbox 335 1832 412 1916; x_wconf 88' lang='lat' dir='ltr'>ipsis</span> <span class='ocrx_word' id='word_1_130' title='bbox 444 1833 620 1914; x_wconf 75' lang='lat' dir='ltr'>corporibus</span> <span class='ocrx_word' id='word_1_131' title='bbox 643 1852 680 1899; x_wconf 87' lang='lat' dir='ltr'>ea</span> <span class='ocrx_word' id='word_1_132' title='bbox 712 1851 791 1915; x_wconf 88' lang='lat' dir='ltr'>quas</span> <span class='ocrx_word' id='word_1_133' title='bbox 821 1833 970 1898; x_wconf 83' lang='lat' dir='ltr'>inferiora</span> <span class='ocrx_word' id='word_1_134' title='bbox 1003 1835 1088 1914; x_wconf 87' lang='lat' dir='ltr'>sunt,</span> <span class='ocrx_word' id='word_1_135' title='bbox 1120 1832 1203 1898; x_wconf 87' lang='lat' dir='ltr'>sicut</span> 
     </span>
     <span class='ocr_line' id='line_1_16' title="bbox 30 1936 1202 2021; baseline -0.001 -20"><span class='ocrx_word' id='word_1_136' title='bbox 30 1942 158 2008; x_wconf 67' lang='lat' dir='ltr'>15tsrra</span> <span class='ocrx_word' id='word_1_137' title='bbox 180 1939 211 2001; x_wconf 92' lang='lat' dir='ltr'>et</span> <span class='ocrx_word' id='word_1_138' title='bbox 227 1955 309 2020; x_wconf 88' lang='lat' dir='ltr'>aqua</span> <span class='ocrx_word' id='word_1_139' title='bbox 324 1938 356 2002; x_wconf 92' lang='lat' dir='ltr'>et</span> <span class='ocrx_word' id='word_1_140' title='bbox 378 1937 445 2021; x_wconf 92' lang='lat' dir='ltr'>ipse</span> <span class='ocrx_word' id='word_1_141' title='bbox 461 1956 521 2019; x_wconf 90' lang='lat' dir='ltr'>aer,</span> <span class='ocrx_word' id='word_1_142' title='bbox 544 1937 675 2002; x_wconf 91' lang='lat' dir='ltr'>meliora</span> <span class='ocrx_word' id='word_1_143' title='bbox 697 1936 777 2002; x_wconf 90' lang='lat' dir='ltr'>fiunt</span> <span class='ocrx_word' id='word_1_144' title='bbox 800 1937 1038 2021; x_wconf 89' lang='lat' dir='ltr'>participatione</span> <span class='ocrx_word' id='word_1_145' title='bbox 1053 1936 1202 2016; x_wconf 88' lang='lat' dir='ltr'>melioris,</span> 
     </span>
     <span class='ocr_line' id='line_1_17' title="bbox 71 2040 1200 2125; baseline -0.003 -18"><span class='ocrx_word' id='word_1_146' title='bbox 71 2042 105 2107; x_wconf 92' lang='lat' dir='ltr'>id</span> <span class='ocrx_word' id='word_1_147' title='bbox 128 2045 176 2106; x_wconf 88' lang='lat' dir='ltr'>est</span> <span class='ocrx_word' id='word_1_148' title='bbox 199 2060 269 2106; x_wconf 92' lang='lat' dir='ltr'>cum</span> <span class='ocrx_word' id='word_1_149' title='bbox 292 2044 361 2107; x_wconf 91' lang='lat' dir='ltr'>luce</span> <span class='ocrx_word' id='word_1_150' title='bbox 385 2041 612 2107; x_wconf 89' lang='lat' dir='ltr'>inluminantur</span> <span class='ocrx_word' id='word_1_151' title='bbox 635 2045 667 2106; x_wconf 89' lang='lat' dir='ltr'>et</span> <span class='ocrx_word' id='word_1_152' title='bbox 696 2040 818 2106; x_wconf 86' lang='lat' dir='ltr'>feruore</span> <span class='ocrx_word' id='word_1_153' title='bbox 842 2045 1046 2125; x_wconf 83' lang='lat' dir='ltr'>uegetantur:</span> <span class='ocrx_word' id='word_1_154' title='bbox 1082 2041 1127 2105; x_wconf 94' lang='lat' dir='ltr'>sic</span> <span class='ocrx_word' id='word_1_155' title='bbox 1150 2040 1200 2104; x_wconf 92' lang='lat' dir='ltr'>iu-</span> 
     </span>
     <span class='ocr_line' id='line_1_18' title="bbox 71 2143 1201 2227; baseline -0.002 -17"><span class='ocrx_word' id='word_1_156' title='bbox 71 2162 235 2227; x_wconf 88' lang='lat' dir='ltr'>corporeas</span> <span class='ocrx_word' id='word_1_157' title='bbox 266 2149 427 2225; x_wconf 82' lang='lat' dir='ltr'>creaturae</span> <span class='ocrx_word' id='word_1_158' title='bbox 456 2144 625 2210; x_wconf 87' lang='lat' dir='ltr'>rationales</span> <span class='ocrx_word' id='word_1_159' title='bbox 659 2144 758 2226; x_wconf 90' lang='lat' dir='ltr'>ipsius</span> <span class='ocrx_word' id='word_1_160' title='bbox 789 2147 935 2210; x_wconf 88' lang='lat' dir='ltr'>creatoris</span> <span class='ocrx_word' id='word_1_161' title='bbox 969 2143 1049 2209; x_wconf 89' lang='lat' dir='ltr'>fiunt</span> <span class='ocrx_word' id='word_1_162' title='bbox 1072 2145 1201 2226; x_wconf 88' lang='lat' dir='ltr'>partici-</span> 
     </span>
     <span class='ocr_line' id='line_1_19' title="bbox 70 2244 1202 2331; baseline -0.001 -19"><span class='ocrx_word' id='word_1_163' title='bbox 70 2248 198 2331; x_wconf 90' lang='lat' dir='ltr'>patione</span> <span class='ocrx_word' id='word_1_164' title='bbox 228 2248 381 2326; x_wconf 86' lang='lat' dir='ltr'>meliores,</span> <span class='ocrx_word' id='word_1_165' title='bbox 412 2266 484 2312; x_wconf 91' lang='lat' dir='ltr'>cum</span> <span class='ocrx_word' id='word_1_166' title='bbox 514 2248 542 2312; x_wconf 90' lang='lat' dir='ltr'>ei</span> <span class='ocrx_word' id='word_1_167' title='bbox 565 2247 729 2315; x_wconf 86' lang='lat' dir='ltr'>cohaerent</span> <span class='ocrx_word' id='word_1_168' title='bbox 759 2244 927 2331; x_wconf 90' lang='lat' dir='ltr'>purissima</span> <span class='ocrx_word' id='word_1_169' title='bbox 948 2251 979 2312; x_wconf 92' lang='lat' dir='ltr'>et</span> <span class='ocrx_word' id='word_1_170' title='bbox 1002 2247 1202 2312; x_wconf 88' lang='lat' dir='ltr'>sanctissima</span> 
     </span>
     <span class='ocr_line' id='line_1_20' title="bbox 72 2350 1202 2432; baseline -0.001 -17"><span class='ocrx_word' id='word_1_171' title='bbox 72 2352 214 2430; x_wconf 86' lang='lat' dir='ltr'>caritate,</span> <span class='ocrx_word' id='word_1_172' title='bbox 239 2369 300 2432; x_wconf 89' lang='lat' dir='ltr'>qua</span> <span class='ocrx_word' id='word_1_173' title='bbox 321 2351 407 2415; x_wconf 90' lang='lat' dir='ltr'>omui</span> <span class='ocrx_word' id='word_1_174' title='bbox 429 2353 518 2416; x_wconf 94' lang='lat' dir='ltr'>modo</span> <span class='ocrx_word' id='word_1_175' title='bbox 544 2350 572 2413; x_wconf 90' lang='lat' dir='ltr'>si</span> <span class='ocrx_word' id='word_1_176' title='bbox 595 2351 763 2430; x_wconf 88' lang='lat' dir='ltr'>caruerint,</span> <span class='ocrx_word' id='word_1_177' title='bbox 788 2350 998 2416; x_wconf 89' lang='lat' dir='ltr'>tenebriscent</span> <span class='ocrx_word' id='word_1_178' title='bbox 1019 2352 1052 2415; x_wconf 89' lang='lat' dir='ltr'>et</span> <span class='ocrx_word' id='word_1_179' title='bbox 1074 2350 1202 2415; x_wconf 91' lang='lat' dir='ltr'>obduri-</span> 
     </span>
     <span class='ocr_line' id='line_1_21' title="bbox 36 2454 440 2536; baseline -0.01 -13"><span class='ocrx_word' id='word_1_180' title='bbox 36 2457 162 2524; x_wconf 82' lang='lat' dir='ltr'>aoecent</span> <span class='ocrx_word' id='word_1_181' title='bbox 184 2454 316 2536; x_wconf 88' lang='lat' dir='ltr'>quodam</span> <span class='ocrx_word' id='word_1_182' title='bbox 338 2454 440 2519; x_wconf 90' lang='lat' dir='ltr'>modo.</span> 
     </span>
    </p>
   </div>
   <div class='ocr_carea' id='block_1_3' title="bbox 44 2574 1204 3379">
    <p class='ocr_par' dir='ltr' id='par_1_4' title="bbox 72 2574 1204 2969">
     <span class='ocr_line' id='line_1_22' title="bbox 116 2574 1201 2658; baseline -0.002 -18"><span class='ocrx_word' id='word_1_183' title='bbox 116 2575 252 2640; x_wconf 90' lang='lat' dir='ltr'>Proinde</span> <span class='ocrx_word' id='word_1_184' title='bbox 276 2574 416 2639; x_wconf 87' lang='lat' dir='ltr'>infideles</span> <span class='ocrx_word' id='word_1_185' title='bbox 438 2574 580 2639; x_wconf 88' lang='lat' dir='ltr'>homines</span> <span class='ocrx_word' id='word_1_186' title='bbox 602 2577 748 2640; x_wconf 88' lang='lat' dir='ltr'>tenebrae</span> <span class='ocrx_word' id='word_1_187' title='bbox 771 2578 853 2639; x_wconf 90' lang='lat' dir='ltr'>sunt.</span> <span class='ocrx_word' id='word_1_188' title='bbox 877 2575 931 2657; x_wconf 91' lang='lat' dir='ltr'>qui</span> <span class='ocrx_word' id='word_1_189' title='bbox 946 2595 1002 2658; x_wconf 92' lang='lat' dir='ltr'>per</span> <span class='ocrx_word' id='word_1_190' title='bbox 1021 2574 1113 2638; x_wconf 87' lang='lat' dir='ltr'>fidem</span> <span class='ocrx_word' id='word_1_191' title='bbox 1130 2591 1201 2639; x_wconf 90' lang='lat' dir='ltr'>oon-</span> 
     </span>
     <span class='ocr_line' id='line_1_23' title="bbox 72 2677 1204 2760; baseline -0.004 -16"><span class='ocrx_word' id='word_1_192' title='bbox 72 2682 157 2745; x_wconf 90' lang='lat' dir='ltr'>uersi</span> <span class='ocrx_word' id='word_1_193' title='bbox 178 2677 218 2743; x_wconf 91' lang='lat' dir='ltr'>ad</span> <span class='ocrx_word' id='word_1_194' title='bbox 240 2681 332 2743; x_wconf 91' lang='lat' dir='ltr'>deum</span> <span class='ocrx_word' id='word_1_195' title='bbox 355 2678 489 2760; x_wconf 90' lang='lat' dir='ltr'>quadam</span> <span class='ocrx_word' id='word_1_196' title='bbox 513 2677 686 2759; x_wconf 89' lang='lat' dir='ltr'>praemissa</span> <span class='ocrx_word' id='word_1_197' title='bbox 707 2677 947 2744; x_wconf 89' lang='lat' dir='ltr'>inluminatione</span> <span class='ocrx_word' id='word_1_198' title='bbox 971 2682 1022 2743; x_wconf 80' lang='lat' dir='ltr'>lux</span> <span class='ocrx_word' id='word_1_199' title='bbox 1045 2678 1142 2751; x_wconf 85' lang='lat' dir='ltr'>fiunt;</span> <span class='ocrx_word' id='word_1_200' title='bbox 1170 2677 1204 2741; x_wconf 93' lang='lat' dir='ltr'>in</span> 
     </span>
     <span class='ocr_line' id='line_1_24' title="bbox 73 2764 1204 2865; baseline -0.004 -17"><span class='ocrx_word' id='word_1_201' title='bbox 73 2802 134 2865; x_wconf 88' lang='lat' dir='ltr'>qua</span> <span class='ocrx_word' id='word_1_202' title='bbox 157 2780 346 2865; x_wconf 90' lang='lat' dir='ltr'>proficiendo</span> <span class='ocrx_word' id='word_1_203' title='bbox 368 2783 395 2846; x_wconf 87' lang='lat' dir='ltr'>si</span> <span class='ocrx_word' id='word_1_204' title='bbox 418 2800 455 2846; x_wconf 83' lang='lat' dir='ltr'>er</span> <span class='ocrx_word' id='word_1_205' title='bbox 477 2780 537 2845; x_wconf 90' lang='lat' dir='ltr'>fide</span> <span class='ocrx_word' id='word_1_206' title='bbox 556 2782 596 2846; x_wconf 92' lang='lat' dir='ltr'>ad</span> <span class='ocrx_word' id='word_1_207' title='bbox 617 2782 753 2863; x_wconf 89' lang='lat' dir='ltr'>speciem</span> <span class='ocrx_word' id='word_1_208' title='bbox 776 2764 984 2864; x_wconf 84' lang='lat' dir='ltr'>peruenerint,</span> <span class='ocrx_word' id='word_1_209' title='bbox 1009 2783 1044 2846; x_wconf 92' lang='lat' dir='ltr'>ut</span> <span class='ocrx_word' id='word_1_210' title='bbox 1067 2781 1099 2845; x_wconf 92' lang='lat' dir='ltr'>id</span> <span class='ocrx_word' id='word_1_211' title='bbox 1122 2780 1204 2863; x_wconf 89' lang='lat' dir='ltr'>quod</span> 
     </span>
     <span class='ocr_line' id='line_1_25' title="bbox 74 2884 1202 2969; baseline -0.003 -19"><span class='ocrx_word' id='word_1_212' title='bbox 74 2886 206 2951; x_wconf 88' lang='lat' dir='ltr'>creduut</span> <span class='ocrx_word' id='word_1_213' title='bbox 228 2885 324 2949; x_wconf 91' lang='lat' dir='ltr'>etiam</span> <span class='ocrx_word' id='word_1_214' title='bbox 348 2888 531 2967; x_wconf 85' lang='lat' dir='ltr'>prospicere,</span> <span class='ocrx_word' id='word_1_215' title='bbox 556 2885 639 2950; x_wconf 87' lang='lat' dir='ltr'>sicut</span> <span class='ocrx_word' id='word_1_216' title='bbox 662 2886 788 2950; x_wconf 89' lang='lat' dir='ltr'>tautum</span> <span class='ocrx_word' id='word_1_217' title='bbox 805 2886 921 2951; x_wconf 92' lang='lat' dir='ltr'>bonum</span> <span class='ocrx_word' id='word_1_218' title='bbox 936 2888 1039 2969; x_wconf 90' lang='lat' dir='ltr'>potest</span> <span class='ocrx_word' id='word_1_219' title='bbox 1055 2884 1202 2968; x_wconf 91' lang='lat' dir='ltr'>conspici,</span> 
     </span>
    </p>

    <p class='ocr_par' dir='ltr' id='par_1_5' title="bbox 44 2988 1203 3379">
     <span class='ocr_line' id='line_1_26' title="bbox 44 2988 1202 3072; baseline -0.005 -16"><span class='ocrx_word' id='word_1_220' title='bbox 44 2990 264 3067; x_wconf 77' lang='lat' dir='ltr'>ameroantur,</span> <span class='ocrx_word' id='word_1_221' title='bbox 294 2989 465 3072; x_wconf 89' lang='lat' dir='ltr'>perlectam</span> <span class='ocrx_word' id='word_1_222' title='bbox 496 2989 648 3071; x_wconf 89' lang='lat' dir='ltr'>recipient</span> <span class='ocrx_word' id='word_1_223' title='bbox 677 2991 847 3072; x_wconf 84' lang='lat' dir='ltr'>imaginem</span> <span class='ocrx_word' id='word_1_224' title='bbox 874 2990 933 3055; x_wconf 90' lang='lat' dir='ltr'>dei.</span> <span class='ocrx_word' id='word_1_225' title='bbox 968 2988 1085 3053; x_wconf 89' lang='lat' dir='ltr'>talibus</span> <span class='ocrx_word' id='word_1_226' title='bbox 1118 2988 1202 3052; x_wconf 90' lang='lat' dir='ltr'>enim</span> 
     </span>
     <span class='ocr_line' id='line_1_27' title="bbox 74 3092 1202 3175; baseline -0.004 -18"><span class='ocrx_word' id='word_1_227' title='bbox 74 3093 153 3158; x_wconf 89' lang='lat' dir='ltr'>dicit</span> <span class='ocrx_word' id='word_1_228' title='bbox 175 3092 349 3174; x_wconf 87' lang='lat' dir='ltr'>apostolus:</span> <span class='ocrx_word' id='word_1_229' title='bbox 380 3093 522 3157; x_wconf 89' lang='lat' dir='ltr'>fuistis</span> <span class='ocrx_word' id='word_1_230' title='bbox 544 3092 758 3175; x_wconf 90' lang='lat' dir='ltr'>aliquando</span> <span class='ocrx_word' id='word_1_231' title='bbox 783 3092 984 3169; x_wconf 91' lang='lat' dir='ltr'>tenebrae,</span> <span class='ocrx_word' id='word_1_232' title='bbox 1016 3109 1119 3156; x_wconf 91' lang='lat' dir='ltr'>nunc</span> <span class='ocrx_word' id='word_1_233' title='bbox 1141 3110 1202 3156; x_wconf 92' lang='lat' dir='ltr'>au-</span> 
     </span>
     <span class='ocr_line' id='line_1_28' title="bbox 74 3193 1203 3278; baseline 0 -20"><span class='ocrx_word' id='word_1_234' title='bbox 74 3198 153 3260; x_wconf 88' lang='lat' dir='ltr'>tem</span> <span class='ocrx_word' id='word_1_235' title='bbox 177 3194 243 3258; x_wconf 88' lang='lat' dir='ltr'>lur</span> <span class='ocrx_word' id='word_1_236' title='bbox 266 3196 303 3259; x_wconf 91' lang='lat' dir='ltr'>in</span> <span class='ocrx_word' id='word_1_237' title='bbox 328 3196 496 3261; x_wconf 89' lang='lat' dir='ltr'>domino.</span> <span class='ocrx_word' id='word_1_238' title='bbox 535 3212 623 3276; x_wconf 91' lang='lat' dir='ltr'>porro</span> <span class='ocrx_word' id='word_1_239' title='bbox 639 3194 781 3260; x_wconf 88' lang='lat' dir='ltr'>diabolus</span> <span class='ocrx_word' id='word_1_240' title='bbox 797 3199 829 3258; x_wconf 90' lang='lat' dir='ltr'>et</span> <span class='ocrx_word' id='word_1_241' title='bbox 846 3193 950 3278; x_wconf 84' lang='lat' dir='ltr'>augeli</span> <span class='ocrx_word' id='word_1_242' title='bbox 966 3194 1032 3259; x_wconf 86' lang='lat' dir='ltr'>eius</span> <span class='ocrx_word' id='word_1_243' title='bbox 1057 3194 1203 3258; x_wconf 89' lang='lat' dir='ltr'>tenebrae</span> 
     </span>
     <span class='ocr_line' id='line_1_29' title="bbox 74 3296 1200 3379; baseline -0.002 -18"><span class='ocrx_word' id='word_1_244' title='bbox 74 3301 148 3363; x_wconf 87' lang='lat' dir='ltr'>suut</span> <span class='ocrx_word' id='word_1_245' title='bbox 173 3298 350 3362; x_wconf 88' lang='lat' dir='ltr'>infidelibus</span> <span class='ocrx_word' id='word_1_246' title='bbox 374 3299 549 3363; x_wconf 89' lang='lat' dir='ltr'>bominibus</span> <span class='ocrx_word' id='word_1_247' title='bbox 573 3300 748 3363; x_wconf 82' lang='lat' dir='ltr'>exteriores.</span> <span class='ocrx_word' id='word_1_248' title='bbox 778 3299 850 3379; x_wconf 91' lang='lat' dir='ltr'>plus</span> <span class='ocrx_word' id='word_1_249' title='bbox 873 3298 957 3362; x_wconf 90' lang='lat' dir='ltr'>enim</span> <span class='ocrx_word' id='word_1_250' title='bbox 981 3298 1019 3361; x_wconf 93' lang='lat' dir='ltr'>ab</span> <span class='ocrx_word' id='word_1_251' title='bbox 1043 3296 1096 3361; x_wconf 89' lang='lat' dir='ltr'>illa</span> <span class='ocrx_word' id='word_1_252' title='bbox 1120 3296 1200 3362; x_wconf 89' lang='lat' dir='ltr'>cari-</span> 
     </span>
    </p>
   </div>
   <div class='ocr_carea' id='block_1_4' title="bbox 177 3481 374 3551">
    <p class='ocr_par' dir='ltr' id='par_1_6' title="bbox 177 3481 374 3551">
     <span class='ocr_line' id='line_1_30' title="bbox 177 3481 374 3551; baseline 0.005 -16"><span class='ocrx_word' id='word_1_253' title='bbox 177 3483 211 3536; x_wconf 84' lang='lat' dir='ltr'>ae</span> <span class='ocrx_word' id='word_1_254' title='bbox 229 3481 295 3551; x_wconf 82' lang='lat' dir='ltr'>apo.</span> <span class='ocrx_word' id='word_1_255' title='bbox 314 3484 339 3546; x_wconf 84' lang='lat'>5,</span> <span class='ocrx_word' id='word_1_256' title='bbox 357 3484 374 3536; x_wconf 86' lang='lat' dir='ltr'>a</span> 
     </span>
    </p>
   </div>
   <div class='ocr_carea' id='block_1_5' title="bbox 74 3653 1205 3809">
    <p class='ocr_par' dir='ltr' id='par_1_7' title="bbox 74 3653 1205 3809">
     <span class='ocr_line' id='line_1_31' title="bbox 126 3653 1204 3723; baseline -0.005 -13"><span class='ocrx_word' id='word_1_257' title='bbox 126 3661 139 3710; x_wconf 88' lang='lat' dir='ltr'>l</span> <span class='ocrx_word' id='word_1_258' title='bbox 168 3655 290 3721; x_wconf 83' lang='lat' dir='ltr'>angelico</span> <span class='ocrx_word' id='word_1_259' title='bbox 314 3657 374 3719; x_wconf 85' lang='lat' dir='ltr'>(om.</span> <span class='ocrx_word' id='word_1_260' title='bbox 397 3653 437 3721; x_wconf 88' lang='lat' dir='ltr'>in)</span> <span class='ocrx_word' id='word_1_261' title='bbox 464 3657 491 3707; x_wconf 97' lang='lat' dir='ltr'><strong><em>A</em></strong></span> <span class='ocrx_word' id='word_1_262' title='bbox 594 3654 611 3708; x_wconf 80' lang='lat'>4</span> <span class='ocrx_word' id='word_1_263' title='bbox 638 3653 884 3708; x_wconf 88' lang='lat' dir='ltr'>iucommutabilem</span> <span class='ocrx_word' id='word_1_264' title='bbox 911 3656 938 3707; x_wconf 88' lang='lat' dir='ltr'><strong><em>A</em></strong></span> <span class='ocrx_word' id='word_1_265' title='bbox 1042 3655 1059 3708; x_wconf 84' lang='lat'><strong>5</strong></span> <span class='ocrx_word' id='word_1_266' title='bbox 1088 3653 1204 3723; x_wconf 80' lang='lat' dir='ltr'>anemio]</span> 
     </span>
     <span class='ocr_line' id='line_1_32' title="bbox 74 3737 1205 3809; baseline 0 -17"><span class='ocrx_word' id='word_1_267' title='bbox 74 3741 159 3794; x_wconf 73' lang='lat' dir='ltr'>suomi</span> <span class='ocrx_word' id='word_1_268' title='bbox 178 3743 205 3794; x_wconf 88' lang='lat' dir='ltr'><strong><em>A</em></strong></span> <span class='ocrx_word' id='word_1_269' title='bbox 307 3739 451 3809; x_wconf 75' lang='lat' dir='ltr'>conuersis]</span> <span class='ocrx_word' id='word_1_270' title='bbox 471 3739 606 3793; x_wconf 84' lang='lat' dir='ltr'>conuersio</span> <span class='ocrx_word' id='word_1_271' title='bbox 624 3740 681 3793; x_wconf 89' lang='lat' dir='ltr'>eius</span> <span class='ocrx_word' id='word_1_272' title='bbox 700 3740 727 3793; x_wconf 93' lang='lat' dir='ltr'><strong><em>P</em></strong></span> <span class='ocrx_word' id='word_1_273' title='bbox 830 3739 971 3808; x_wconf 82' lang='lat' dir='ltr'>ipriuata</span> <span class='ocrx_word' id='word_1_274' title='bbox 990 3739 1075 3794; x_wconf 82' lang='lat' dir='ltr'>GPo:</span> <span class='ocrx_word' id='word_1_275' title='bbox 1098 3737 1205 3808; x_wconf 86' lang='lat' dir='ltr'>pribata</span> 
     </span>
    </p>
   </div>
   <div class='ocr_carea' id='block_1_6' title="bbox 74 3825 1203 3984">
    <p class='ocr_par' dir='ltr' id='par_1_8' title="bbox 74 3825 1203 3984">
     <span class='ocr_line' id='line_1_33' title="bbox 74 3825 1135 3896; baseline 0 -16"><span class='ocrx_word' id='word_1_276' title='bbox 74 3830 101 3881; x_wconf 90' lang='lat' dir='ltr'><strong><em>A</em></strong></span> <span class='ocrx_word' id='word_1_277' title='bbox 130 3826 289 3896; x_wconf 80' lang='lat' dir='ltr'>probatal&#39;</span> <span class='ocrx_word' id='word_1_278' title='bbox 391 3827 424 3880; x_wconf 90' lang='lat'>10</span> <span class='ocrx_word' id='word_1_279' title='bbox 442 3827 532 3879; x_wconf 86' lang='lat' dir='ltr'>omnia</span> <span class='ocrx_word' id='word_1_280' title='bbox 549 3828 576 3879; x_wconf 91' lang='lat' dir='ltr'><strong><em>A</em></strong></span> <span class='ocrx_word' id='word_1_281' title='bbox 682 3825 714 3879; x_wconf 76' lang='lat'>12</span> <span class='ocrx_word' id='word_1_282' title='bbox 731 3825 769 3894; x_wconf 91' lang='lat' dir='ltr'>ui]</span> <span class='ocrx_word' id='word_1_283' title='bbox 789 3828 853 3878; x_wconf 90' lang='lat' dir='ltr'>uto</span> <span class='ocrx_word' id='word_1_284' title='bbox 956 3826 1135 3880; x_wconf 83' lang='lat' dir='ltr'>fantasiamo</span> 
     </span>
     <span class='ocr_line' id='line_1_34' title="bbox 76 3910 1203 3984; baseline -0.002 -16"><span class='ocrx_word' id='word_1_285' title='bbox 76 3915 108 3970; x_wconf 75' lang='lat'>13</span> <span class='ocrx_word' id='word_1_286' title='bbox 124 3914 214 3984; x_wconf 86' lang='lat' dir='ltr'>quam]</span> <span class='ocrx_word' id='word_1_287' title='bbox 232 3929 319 3982; x_wconf 88' lang='lat' dir='ltr'>quac</span> <span class='ocrx_word' id='word_1_288' title='bbox 409 3914 581 3966; x_wconf 90' lang='lat' dir='ltr'>uolutaturo</span> <span class='ocrx_word' id='word_1_289' title='bbox 672 3912 727 3981; x_wconf 87' lang='lat' dir='ltr'>sed]</span> <span class='ocrx_word' id='word_1_290' title='bbox 747 3910 858 3966; x_wconf 80' lang='lat' dir='ltr'>delituit</span> <span class='ocrx_word' id='word_1_291' title='bbox 875 3913 907 3966; x_wconf 85' lang='lat' dir='ltr'>in</span> <span class='ocrx_word' id='word_1_292' title='bbox 925 3915 952 3966; x_wconf 87' lang='lat' dir='ltr'><strong><em>A</em></strong></span> <span class='ocrx_word' id='word_1_293' title='bbox 1044 3914 1077 3968; x_wconf 81' lang='lat'>15</span> <span class='ocrx_word' id='word_1_294' title='bbox 1094 3912 1203 3982; x_wconf 88' lang='lat' dir='ltr'>partici-</span> 
     </span>
    </p>
   </div>
   <div class='ocr_carea' id='block_1_7' title="bbox 76 4005 1135 4117">
    <p class='ocr_par' dir='ltr' id='par_1_9' title="bbox 76 4005 1135 4117">
     <span class='ocr_line' id='line_1_35' title="bbox 76 4005 1135 4117; baseline 0 -27"><span class='ocrx_word' id='word_1_295' title='bbox 76 4039 206 4106; x_wconf 85' lang='lat' dir='ltr'>patiouem</span> <span class='ocrx_word' id='word_1_296' title='bbox 220 4034 247 4087; x_wconf 87' lang='lat' dir='ltr'><em>V</em></span> <span class='ocrx_word' id='word_1_297' title='bbox 331 4033 363 4086; x_wconf 87' lang='grc'>19</span> <span class='ocrx_word' id='word_1_298' title='bbox 375 4035 435 4102; x_wconf 89' lang='lat' dir='ltr'>qua]</span> <span class='ocrx_word' id='word_1_299' title='bbox 449 4049 528 4101; x_wconf 88' lang='lat' dir='ltr'>quam</span> <span class='ocrx_word' id='word_1_300' title='bbox 540 4032 598 4087; x_wconf 86' lang='lat' dir='ltr'>AV</span> <span class='ocrx_word' id='word_1_301' title='bbox 676 4005 904 4117; x_wconf 58' lang='lat' dir='ltr'>tenebraecuutA</span> <span class='ocrx_word' id='word_1_302' title='bbox 923 4034 1135 4090; x_wconf 83' lang='lat' dir='ltr'>tenebrescente</span> 
     </span>
    </p>
   </div>
   <div class='ocr_carea' id='block_1_8' title="bbox 76 4137 1137 4326">
    <p class='ocr_par' dir='ltr' id='par_1_10' title="bbox 76 4137 1137 4326">
     <span class='ocr_line' id='line_1_36' title="bbox 76 4137 1133 4207; baseline -0.003 -13"><span class='ocrx_word' id='word_1_303' title='bbox 76 4140 242 4194; x_wconf 84' lang='lat' dir='ltr'>obdurieoent</span> <span class='ocrx_word' id='word_1_304' title='bbox 256 4141 282 4204; x_wconf 82' lang='lat' dir='ltr'>(u</span> <span class='ocrx_word' id='word_1_305' title='bbox 295 4153 436 4193; x_wconf 73' lang='lat' dir='ltr'>exacuor.</span> <span class='ocrx_word' id='word_1_306' title='bbox 451 4155 483 4191; x_wconf 86' lang='lat' dir='ltr'>m.</span> <span class='ocrx_word' id='word_1_307' title='bbox 494 4141 526 4205; x_wconf 80' lang='lat'>2)</span> <span class='ocrx_word' id='word_1_308' title='bbox 543 4139 577 4192; x_wconf 83' lang='lat' dir='ltr'>V:</span> <span class='ocrx_word' id='word_1_309' title='bbox 596 4137 771 4192; x_wconf 87' lang='lat' dir='ltr'>obdurescent</span> <span class='ocrx_word' id='word_1_310' title='bbox 783 4140 831 4191; x_wconf 88' lang='lat' dir='ltr'>Ac</span> <span class='ocrx_word' id='word_1_311' title='bbox 900 4139 933 4192; x_wconf 81' lang='lat'>25</span> <span class='ocrx_word' id='word_1_312' title='bbox 948 4139 1093 4207; x_wconf 83' lang='lat' dir='ltr'>perlectum</span> <span class='ocrx_word' id='word_1_313' title='bbox 1106 4141 1133 4191; x_wconf 97' lang='lat' dir='ltr'><strong><em>A</em></strong></span> 
     </span>
     <span class='ocr_line' id='line_1_37' title="bbox 76 4241 1137 4326; baseline 0 -28"><span class='ocrx_word' id='word_1_314' title='bbox 76 4244 107 4298; x_wconf 72' lang='grc'>21</span> <span class='ocrx_word' id='word_1_315' title='bbox 125 4243 229 4326; x_wconf 67' lang='lat' dir='ltr'>angelis</span> <span class='ocrx_word' id='word_1_316' title='bbox 242 4247 264 4309; x_wconf 83' lang='lat' dir='ltr'>(e</span> <span class='ocrx_word' id='word_1_317' title='bbox 277 4241 328 4296; x_wconf 80' lang='lat' dir='ltr'>del.</span> <span class='ocrx_word' id='word_1_318' title='bbox 341 4259 374 4297; x_wconf 88' lang='lat' dir='ltr'>m.</span> <span class='ocrx_word' id='word_1_319' title='bbox 385 4245 414 4306; x_wconf 67' lang='lat'>2)</span> <span class='ocrx_word' id='word_1_320' title='bbox 434 4244 461 4295; x_wconf 87' lang='lat' dir='ltr'><strong><em>A</em></strong></span> <span class='ocrx_word' id='word_1_321' title='bbox 560 4243 593 4297; x_wconf 72' lang='lat'>28</span> <span class='ocrx_word' id='word_1_322' title='bbox 611 4242 774 4313; x_wconf 89' lang='lat' dir='ltr'>homiuibus]</span> <span class='ocrx_word' id='word_1_323' title='bbox 793 4242 946 4297; x_wconf 87' lang='lat' dir='ltr'>hominibus</span> <span class='ocrx_word' id='word_1_324' title='bbox 964 4244 1094 4299; x_wconf 85' lang='lat' dir='ltr'>hominib.</span> <span class='ocrx_word' id='word_1_325' title='bbox 1110 4242 1137 4298; x_wconf 84' lang='lat' dir='ltr'><em>V</em></span> 
     </span>
    </p>
   </div>
   <div class='ocr_carea' id='block_1_9' title="bbox 0 0 1384 4814">
    <p class='ocr_par' dir='ltr' id='par_1_11' title="bbox 0 0 1384 4814">
     <span class='ocr_line' id='line_1_38' title="bbox 0 0 1384 4814; baseline 0 0"><span class='ocrx_word' id='word_1_326' title='bbox 0 0 1384 4814; x_wconf 95' lang='lat' dir='ltr'> </span> 
     </span>
    </p>
   </div>
  </div>
 </body>
</html>
