2760 4814
265 332 430 401 Exaerpta
447 347 484 385 ex
502 347 571 401 opp.
590 331 616 385 S.
633 332 821 401 Augustini
844 332 965 391 OCXOV·
1114 336 1180 403 953

49 523 227 602 dimitte,
249 523 361 588 siout
384 526 422 587 et
444 541 512 588 uos
535 523 798 601 dimittimus,
822 526 888 589 siue
911 526 1039 606 peceato
1062 542 1095 589 se
1117 544 1178 591 non

47 644 116 693 esse
149 625 295 692 declarat.
340 626 414 690 inde
447 628 494 690 est
528 626 609 707 quod
637 626 730 691 dieit:
764 626 866 690 nihil
890 626 1071 711 iniquum
1094 634 1179 692 erat

46 729 87 795 in
112 714 305 794 'manibus
340 728 441 806 eius,
464 731 528 794 sed
551 729 687 793 oratio
711 748 796 794 mea
818 729 969 795 munda.
1000 731 1073 795 hine
1096 732 1179 795 enim

46 837 119 898 erat
140 832 257 897 munda
277 832 386 907 oratio,
410 833 483 914 quie
505 833 629 896 ueniam
654 850 715 897 non
731 830 846 897 iniuste
868 834 996 913 petebat
1019 833 1072 916 qui
1089 852 1178 899 uera·

20 936 128 1001 eoiter
150 935 255 1001 dabat.

91 1056 288 1121 Iudicium
312 1055 412 1120 euim
430 1057 514 1120 sine
533 1053 825 1135 misericordia,
848 1055 902 1120 sed
926 1055 993 1120 illi
1018 1056 1083 1139 qui
1105 1076 1178 1123 uou

47 1158 149 1224 feeit
176 1158 510 1235 misericordiam
544 1158 844 1241 superexsultat
871 1163 1000 1223 autem
1023 1161 1177 1225 miseri-

45 1261 186 1326 cordia
207 1262 367 1327 iudieio.
394 1263 525 1344 quodsi
551 1280 612 1325 uou
636 1264 727 1340 esset,
751 1280 829 1343 quae
851 1280 921 1345 spes
944 1264 1033 1341 esset,
1057 1265 1178 1345 quaudo

46 1364 185 1446 quidem,
215 1383 297 1429 oum
328 1384 392 1429 rex
414 1366 545 1429 iustus
567 1365 716 1428 sederit
746 1363 784 1428 iu
808 1364 965 1443 throno,
989 1366 1073 1447 quis
1095 1368 1177 1450 glo·

10 1468 221 1535 roriabitur
244 1471 393 1535 eastum
415 1488 451 1533 se
468 1468 608 1534 habere
627 1468 711 1533 eor?
734 1472 800 1533 aut
823 1469 909 1550 quis
931 1469 1178 1553 gloriabitur

45 1575 229 1637 mundum
259 1590 299 1635 se
328 1590 448 1637 essea
476 1572 663 1653 peceato?
695 1574 771 1635 tuuc
794 1587 867 1653 ergo
890 1591 943 1655 per
968 1572 1032 1637 eius
1055 1573 1178 1637 miseri·

45 1674 184 1739 eordiam
214 1675 291 1740 iusti
321 1677 411 1757 plene
445 1675 639 1756 perfecteque
673 1674 816 1739 mundati
839 1674 1006 1759 fulgebunt
1029 1677 1059 1740 iu
1083 1694 1176 1760 reguo

46 1778 145 1860 patris
168 1778 217 1841 sui
241 1778 322 1842 sieut
344 1776 400 1842 sol.

91 1897 179 1962 Tune
208 1897 297 1980 plene
326 1901 419 1980 atque
442 1897 577 1978 perfecte
600 1899 659 1962 erit
682 1897 819 1974 eeclesia,
848 1918 909 1963 uon
932 1899 1048 1965 habeus
1071 1919 1178 1965 maeu-

9 2001 111 2065 ralam
143 2003 198 2065 aut
220 2018 330 2083 rugam
353 2004 408 2064 aut
431 2000 551 2082 aliquid
574 2000 665 2064 huius
688 2000 781 2076 modi,
805 2001 878 2081 quia
901 2004 975 2065 tuno
998 2002 1094 2065 etiam
1117 2003 1178 2067 erit

45 2122 123 2168 uere
155 2104 299 2187 gloriosa.
345 2122 415 2167 oum
450 2105 532 2168 enim
566 2120 626 2166 nou
661 2105 788 2166 tautum
810 2105 874 2169 ait:
898 2107 941 2168 ut
963 2103 1177 2169 exhiberet

45 2205 129 2271 sibi
159 2205 366 2270 eeclesiam
388 2223 463 2269 nou
486 2206 695 2270 habentem
718 2206 913 2269 maculam
936 2208 1003 2269 aut
1025 2225 1175 2289 rugam,

46 2309 104 2375 sed
134 2308 269 2374 addidit:
299 2309 529 2391 gloriosam,
558 2308 635 2373 satis
658 2308 856 2390 significauit,
880 2310 1003 2391 quaudo
1027 2312 1086 2374 erit
1109 2310 1177 2373 siue

44 2413 170 2478 macule
204 2416 235 2476 et
267 2431 344 2495 ruga
365 2417 420 2476 aut
452 2411 569 2494 aliquid
599 2412 787 2477 eiusmodi:
815 2415 891 2477 tuuc
915 2414 1030 2494 utique,
1054 2414 1175 2496 quaudo

10 2515 194 2600 ingloriosa.
228 2533 288 2578 nou
312 2516 395 2578 euim
417 2518 507 2579 modo
530 2515 563 2578 iu
586 2515 685 2579 tantis
710 2516 812 2587 malis,
836 2518 868 2580 in
891 2516 988 2579 tantis
1010 2517 1175 2592 scandalis,

42 2620 75 2684 iu
100 2622 191 2683 tauta
204 2618 408 2700 permixtione
423 2618 586 2682 hominum
602 2618 819 2701 pessimorum,
842 2618 873 2684 iu
889 2621 986 2683 tantis
1003 2619 1176 2702 opprobriis

43 2720 215 2803 impiorum
239 2721 401 2786 dicendum
426 2724 473 2785 est
496 2739 563 2785 eam
586 2739 651 2785 esse
675 2723 852 2804 gloriosam,
874 2722 946 2805 quia
962 2742 1048 2804 reges
1065 2722 1092 2788 ei
1109 2742 1175 2787 ser-

43 2825 147 2903 uiunt,
170 2826 224 2889 ubi
248 2829 294 2890 est
315 2825 515 2907 periculosior
537 2825 694 2908 maiorque
717 2826 877 2905 temtatio;
901 2827 955 2892 sed
977 2836 1050 2892 tuno
1072 2827 1175 2909 potius

42 2929 179 3012 gloriosa
200 2930 269 3007 erit,
293 2929 414 3011 quando
438 2929 491 2993 liet
507 2927 586 3010 quod
604 2928 687 2993 idem
703 2928 747 2992 ait
765 2930 937 3011 apostolus:
961 2949 1043 2994 eum
1067 2928 1175 2995 chri-

12 3034 131 3097 ustus
155 3032 405 3115 apparuerit,
434 3031 519 3097 uita
542 3033 690 3109 uestra,
716 3033 809 3096 tuuc
832 3036 870 3097 et
892 3051 960 3096 uos
983 3052 1065 3097 oum
1089 3034 1175 3116 ipso

43 3133 292 3218 apparebitis
313 3133 351 3198 iu
374 3134 553 3217 gloriam.
580 3153 650 3199 oum
666 3133 751 3199 euim
765 3134 907 3199 domiuus
924 3134 990 3216 ipse
1005 3135 1174 3202 secundum

42 3236 176 3303 formam
210 3234 302 3319 serui,
335 3255 391 3318 per
424 3255 518 3318 quam
547 3255 579 3301 se
611 3239 761 3302 mediator
793 3238 984 3302 eoniuurerit
1016 3237 1173 3315 eeclesiae,

42 3357 104 3404 uon
126 3339 222 3404 fuerit
244 3339 436 3422 glorificatus
459 3340 519 3404 uisi
541 3342 613 3423 post
627 3339 864 3405 resurrectionis
882 3339 1017 3422 gloriam
1035 3377 1077 3387 —
1092 3340 1174 3404 unde

144 3549 236 3605 aleb.
257 3550 341 3614 16,17
411 3550 537 3615 61ac.2,
552 3552 584 3605 13
653 3551 766 3605 9Prou.
784 3552 904 3620 20,8sq.
976 3552 1008 3606 12
1026 3550 1172 3605 otdlattlr.

42 3634 82 3700 la,
100 3634 137 3689 43
240 3635 273 3688 16
291 3634 357 3704 Eph.
376 3637 401 3702 5,
420 3636 453 3689 21
556 3636 663 3691 24001.
682 3637 741 3703 al

91 3829 181 3884 3eius
198 3829 233 3883 V:
251 3830 318 3884 meis
334 3831 388 3885 GP
399 3831 445 3897 (cf.
456 3834 578 3902 papae)
670 3832 744 3886 daed
761 3833 826 3887 GV:
844 3834 995 3888 ereo.inP
1080 3834 1173 3889 tleeit

43 3915 81 3969 V:
110 3915 179 3970 laoit
198 3915 254 3970 01²
346 3918 540 3985 superexsultat
561 3917 599 3972 V:
630 3919 810 3986 superexaltat
832 3918 886 3973 GP
979 3920 1114 3974 Siudioio
1136 3921 1173 3977 V:

39 4000 170 4056 iudicium
185 4001 240 4056 GP
326 4003 462 4072 9sederit]
475 4004 485 4055 i
498 4020 531 4057 ex
543 4020 556 4057 e
568 4019 637 4059 corr.
647 4007 712 4060 oa2
725 4005 752 4059 P
840 4006 870 4058 11
883 4005 1065 4060 misericordia
1081 4006 1107 4062 V

40 4088 76 4143 15
91 4086 259 4142 huiusmodi
275 4088 311 4143 V:
338 4090 480 4145 eiusmodi
500 4091 527 4145 P
626 4092 658 4146 18
675 4091 780 4146 addidit
797 4091 831 4145 V:
859 4092 936 4145 addit
955 4093 982 4147 P
1079 4095 1111 4149 19
1123 4094 1173 4149 ali·

39 4172 214 4243 qmuaPV:
232 4174 352 4243 aliquod
425 4175 596 4231 arfiseGP:
614 4176 671 4231 lieri
687 4177 712 4232 V
778 4178 1008 4246 apostolusaitP
1072 4181 1173 4250 ttglo·

41 4260 110 4315 riam
126 4260 163 4316 V:
186 4260 275 4329 gloria
287 4261 343 4316 GP
427 4262 461 4315 27
473 4263 639 4317 coniunxerit
655 4264 691 4317 V:
715 4264 851 4318 coniunxit
865 4263 890 4319 θ
914 4265 1067 4319 coniunexit
1079 4265 1107 4320 P
