2760 4814
173 287 238 354 592
657 283 820 355 uugrppri

175 478 231 542 eut
264 479 345 559 qued
378 476 475 541 etiem
509 473 652 540 manibus
684 476 749 540 suis
779 476 923 560 operatus
946 475 1003 553 est,
1038 494 1076 539 ne
1105 475 1297 542 infirmorum

175 578 314 662 aliquem
344 579 375 643 in
399 579 538 645 nouitete
561 579 715 664 euangelii
738 581 891 663 grauaret,
922 599 994 646 cum
1025 580 1053 644 ei
1083 577 1193 645 liceret
1215 581 1300 662 pasci

176 699 212 748 ex
234 682 405 767 euangelio.

657 969 815 1054 duxxl.

174 1162 222 1211 EX
251 1161 355 1210 LIBRO
385 1159 628 1223 QVAESTIONVM
658 1162 846 1210 EVANGELII
868 1162 903 1210 11.
942 1162 1035 1221 QVOD
1065 1162 1209 1210 mm
1239 1164 1337 1214 htx-⁵

175 1265 309 1316 omnus
325 1266 434 1313 ILLVM
451 1266 488 1313 m
509 1264 608 1313 DOMO
630 1263 694 1313 SVA
713 1264 907 1314 SIGNIFIOET
923 1264 1125 1327 decussum,
1145 1266 1189 1314 VT
1207 1267 1302 1316 NVNC

378 1368 450 1427 EST,
472 1369 581 1416 nidmu
598 1367 702 1431 vum,
719 1369 764 1416 VT
786 1369 865 1417 ERIT
887 1369 925 1416 IN
946 1369 1094 1416 FVTVRO.

104 1507 166 1575 188
219 1505 308 1587 Quod
339 1506 466 1572 Martha
499 1507 619 1588 excepit
654 1505 745 1571 illum
779 1506 812 1571 in
845 1508 972 1572 domum
1006 1525 1106 1580 suem,
1144 1506 1302 1591 significat

175 1609 351 1688 ecclesiam,
374 1627 453 1691 quse
475 1627 558 1674 nunc
573 1610 631 1686 est,
655 1610 862 1692 excipientem
886 1610 1047 1676 dominum
1069 1612 1099 1675 in
1123 1628 1299 1676 corsuum.

174 1710 276 1778 Maria
303 1729 387 1778 scrcr
416 1713 494 1791 eius,
527 1730 621 1795 quae
655 1715 817 1779 sedebat
852 1714 896 1778 ed
929 1716 1045 1797 pedes
1080 1714 1229 1779 demini
1263 1722 1338 1783 etc

174 1814 364 1882 audiebat
385 1817 545 1881 uerbum
567 1817 665 1896 eius,
696 1816 853 1901 significet
883 1816 1012 1882 eundem
1036 1817 1211 1896 ecclesiam,
1243 1817 1299 1881 sed

174 1917 208 1984 iu
237 1918 341 1983 future
370 1918 503 1997 saecule,
536 1920 591 1985 ubi
620 1938 741 1985 cessans
772 1919 812 1985 eb
839 1938 930 2003 opere
952 1920 1186 2003 ministerioque
1216 1919 1301 1985 indi-

174 2022 299 2106 gentiae
331 2022 398 2089 sele
430 2022 584 2104 sepientis
618 2023 803 2106 perfruetur.
841 2022 970 2088 Marthe
1004 2040 1076 2107 erge
1113 2024 1302 2104 occupate

175 2126 236 2192 est
257 2126 363 2192 circe
385 2125 550 2191 multum
573 2125 854 2206 ministerium,
878 2129 951 2208 quie
968 2146 1050 2192 nunc
1065 2126 1181 2192 talibus
1197 2129 1300 2210 operi-

174 2229 234 2295 bus
263 2229 423 2294 exercetur
453 2227 592 2293 ecclesie.
628 2229 709 2311 qued
731 2232 836 2294 eutem
863 2229 1013 2312 queritur,
1043 2231 1123 2313 quod
1153 2248 1186 2296 se
1214 2249 1341 2304 serora

175 2330 243 2397 eius
265 2349 328 2397 ncn
350 2332 488 2407 adiuuet,
512 2331 630 2397 occasio
653 2331 745 2395 detur
767 2331 940 2397 sententiae
963 2332 1088 2411 domini,
1113 2351 1173 2415 que
1195 2336 1302 2399 osten·

175 2432 223 2498 dit
250 2435 347 2501 istem
377 2434 538 2500 ecclesiam
567 2433 736 2498 sollicitem
758 2451 825 2499 esse
849 2436 880 2497 et
902 2433 1022 2501 turbari
1049 2436 1130 2501 circe
1150 2435 1301 2520 plurime,

175 2555 247 2602 curn
280 2538 323 2602 sit
355 2557 452 2602 unum
486 2538 705 2615 necessarium,
743 2541 781 2604 sd
814 2539 895 2622 quod
929 2558 983 2620 per
1012 2540 1178 2606 ministerii
1208 2540 1303 2606 huius

175 2639 287 2704 merite
318 2640 509 2724 peruenitur.
547 2640 681 2707 Merienn
712 2660 787 2708 uere
817 2643 895 2708 dicit
926 2645 1115 2727 optimam
1148 2647 1304 2727 purtem

175 2741 314 2826 elegisse,
344 2760 439 2825 quae
460 2760 534 2808 non
555 2744 763 2811 auferetur
784 2743 827 2810 ab
852 2764 909 2824 ee3
945 2747 977 2810 et
1006 2746 1075 2811 ideo
1104 2745 1343 2830 intellegitureo

175 2845 301 2933 optimu,
325 2846 399 2928 quie
422 2850 454 2911 et
474 2865 530 2929 per
552 2848 631 2912 hanc
653 2847 692 2913 cd
713 2848 801 2913 illem
825 2847 965 2913 tenditur
987 2851 1019 2913 et
1041 2867 1100 2913 non
1123 2847 1303 2922 suferetun

174 2947 232 3013 ille
246 2967 319 3014 uero
340 2949 509 3015 ministerii
527 2950 669 3033 quamuis
689 2951 730 3016 sit
751 2950 843 3030 bone,
867 2954 971 3016 tamen
987 2953 1155 3030 auferetur,
1177 2953 1305 3033 quando

175 3052 360 3138 indigentie,
384 3053 435 3119 cui
456 3054 663 3133 ministretur,
686 3053 858 3119 transierit.

278 3277 290 3330 1
315 3277 349 3331 ci.
367 3276 397 3332 11
414 3277 504 3332 Thess.
522 3278 547 3344 3,
565 3277 632 3346 8sq.
735 3277 752 3330 5
770 3277 804 3331 cf.
823 3276 885 3331 Luc
905 3275 946 3343 10,
964 3276 1067 3331 38-42

225 3481 294 3552 2ei]
312 3481 389 3538 illic
488 3482 583 3550 deep.
595 3480 719 3535 CLXXII
732 3481 759 3534 A
786 3479 972 3536 CLXXXVIII
985 3481 1013 3533 P
1038 3479 1246 3535 CLXXXVIIII
1263 3481 1306 3549 (ἔς

174 3583 259 3624 cm.v
370 3569 387 3621 5
409 3569 496 3623 mente
518 3568 586 3623 AV¹
689 3566 830 3637 excipiens]
854 3566 955 3635 excepit
978 3567 1021 3621 Pe
1124 3565 1307 3635 deignificct

173 3655 201 3708 A
287 3653 396 3708 ecclesie
413 3655 440 3708 A
527 3654 566 3723 ut]
585 3656 612 3707 et
629 3653 664 3708 Ρ1
755 3654 877 3708 Smerte
895 3655 922 3706 A
1008 3652 1186 3722 9excipiente
1204 3653 1232 3706 A

175 3739 208 3793 12
226 3739 349 3793 futurum
366 3741 394 3792 A
485 3741 569 3809 opere]
588 3755 631 3794 ore
649 3741 677 3793 A
769 3739 802 3792 13
819 3740 966 3808 supientiae
985 3739 1013 3791 P
1097 3741 1185 3792 marte
1203 3737 1232 3790 A

175 3843 209 3897 15
220 3841 349 3894 exercitur
361 3841 438 3895 A⁸P¹
523 3841 660 3910 quaeritur
671 3839 757 3895 APV
846 3841 878 3894 16
890 3840 951 3909 que]
965 3855 1061 3910 queen
1149 3839 1179 3892 li
1192 3805 1306 3897 1ωυὶιί

175 3926 203 3991 (b
220 3924 285 3981 cdd.
302 3941 339 3979 m.
356 3925 385 3995 2)
405 3923 433 3979 V
459 3925 567 3980 turbere
591 3925 646 3981 P¹e
759 3926 793 3981 20
816 3927 925 3995 eligisse
949 3926 973 3981 V
1082 3926 1229 3995 suferetur]
1254 3941 1306 3983 au·

174 4011 272 4067 feritur
286 4012 315 4065 A
343 4010 469 4065 offeretur
492 4011 520 4066 P
621 4012 653 4066 21
674 4015 738 4082 quid
756 4014 817 4081 (cm.
835 4016 873 4082 et)
891 4013 919 4068 P
