2760 4814
269 338 438 408 Exserpta
455 353 491 393 ex
507 352 578 407 epp.
596 337 622 393 S.
639 335 833 407 Augustini
855 334 1079 392 cun-cumi.
1176 335 1241 405 535

101 528 191 612 qued
214 524 368 610 praedixit
389 526 477 604 deus,
507 525 560 608 qui
582 523 680 591 etiam
701 525 761 592 hee
783 524 944 609 praedixit,
969 525 1050 609 qued
1072 525 1152 592 hane
1173 542 1241 592 rem

103 631 213 698 fuerat
234 629 372 696 mundus
395 626 589 707 eruditurum
611 646 713 711 neque
727 627 815 694 Petri
837 627 999 694 malefieiis
1012 646 1048 695 ea
1062 645 1134 695 eum
1149 629 1242 697 laude

103 732 306 801 medentium
336 731 429 796 tante
457 731 529 797 ante
558 729 778 814 praenuntiare
807 730 985 817 compulsus
1015 733 1075 799 est.
1110 732 1242 800 illaesi

104 838 191 903 enim
213 835 301 920 deus,
324 850 418 917 quem
431 831 572 898 -sieut
593 834 658 900 iam
673 832 738 899 dixi
759 832 947 917 aliquotiens
967 853 1024 900 nee
1044 853 1242 903 commonere

61 956 88 996 ⁵
102 959 157 1005 me
170 940 319 1024 piget-
334 935 503 1003 eenfitente
516 936 690 1022 Porphyris
706 941 801 1022 atque
817 938 998 1006 ideramus
1015 936 1145 1005 deorum
1166 956 1240 1006 sue-

103 1060 178 1108 rum
207 1041 337 1126 probare
366 1039 511 1124 cupiente
540 1040 608 1124 ipsa
634 1041 766 1107 numina
792 1040 1046 1125 perhorrescunt3
1079 1061 1171 1125 quem
1194 1041 1241 1109 sie

104 1145 259 1226 laudauit,
289 1146 328 1211 ut
356 1161 429 1211 eum
458 1150 490 1209 et
519 1144 614 1210 deum
641 1143 763 1228 patrem
790 1145 821 1209 et
842 1161 951 1226 regem
981 1149 1116 1212 uoueret.
1156 1145 1242 1211 absit

106 1251 202 1329 enim,
224 1251 261 1314 nt
281 1246 330 1313 sie
350 1245 565 1331 intellegenda
586 1247 652 1313 sint
669 1264 749 1332 quae
770 1247 935 1332 praedixit,
957 1248 1111 1331 quomode
1126 1249 1241 1315 uolunt

104 1352 141 1418 hi
164 1352 218 1436 qui
238 1352 297 1418 hoe
319 1369 391 1418 eum
413 1350 613 1416 mendenen
635 1350 834 1417 erediderunt
860 1352 941 1434 qued
963 1354 1117 1418 mundum
1138 1351 1240 1418 eredi-

49 1469 94 1514 ιο
107 1456 217 1522 turum
245 1472 313 1520 esse
342 1454 506 1536 praedixit
544 1472 600 1520 aur
629 1455 713 1520 enim
738 1471 799 1522 non
822 1455 926 1536 petius
948 1455 1004 1534 ita,
1035 1456 1117 1522 sieut
1140 1456 1240 1522 eredi-

106 1562 198 1625 tnrns
221 1558 308 1624 tante
329 1560 404 1622 ante
425 1556 602 1640 praediatus
624 1560 673 1624 est
693 1558 841 1644 mundus,
868 1576 931 1624 nen
952 1559 1036 1625 sieut
1057 1557 1240 1643 paucissimi

107 1661 264 1746 garriunt,
286 1661 340 1743 qui
361 1659 420 1725 hoe
434 1677 507 1725 cum
528 1661 657 1740 munde,
680 1662 762 1745 quod
785 1661 960 1728 mediturus
982 1661 1160 1745 praediatus
1181 1665 1240 1738 est,

108 1764 235 1832 eredere
263 1762 456 1830 noluerunt?
489 1762 516 1828 si
546 1764 631 1830 enim
658 1769 821 1848 propterea
842 1764 952 1832 dicunt
974 1765 1038 1832 alio
1060 1765 1151 1832 mede
1173 1783 1240 1831 esse

107 1866 270 1947 medenda,
292 1886 342 1951 ne,
365 1865 393 1931 si
416 1865 552 1932 dixerint
566 1886 648 1934 uana
662 1887 728 1935 esse
743 1867 929 1952 conscripta,
951 1867 1099 1934 iniuriam
1122 1869 1242 1935 iaciant

54 1980 96 2026 ¹⁵
109 1971 158 2038 iili
187 1970 254 2056 deo,
288 1973 338 2036 eui
371 1974 439 2036 tam
471 1988 622 2055 magnum
649 1970 818 2055 perhibent
853 1971 1082 2052 testimonium,
1117 1974 1241 2037 tantam

108 2090 236 2159 prorsus
266 2073 294 2139 ei
323 2073 375 2138 uel
405 2073 504 2139 etiam
535 2074 711 2160 grauiorem
744 2074 864 2141 faciunt
896 2073 1054 2154 iniuriam,
1088 2075 1116 2140 si
1144 2075 1241 2141 etiam

110 2178 203 2244 aliter
225 2177 335 2244 dieunt
356 2194 424 2241 esse
446 2175 669 2262 intellegenda,
691 2195 754 2243 non
776 2177 858 2244 sieut
879 2178 1016 2245 mundus
1039 2197 1075 2243 ea
1097 2176 1240 2256 eredidit,

111 2299 203 2364 quem
225 2279 418 2346 ereffiturum
440 2280 508 2362 ipse
528 2280 681 2360 laudauit,
703 2283 771 2364 ipse
793 2281 947 2365 premisit,
970 2281 1039 2363 ipse
1061 2281 1240 2364 eompleuit.

110 2389 218 2450 utrum
247 2381 332 2450 enim
361 2399 423 2448 nen
451 2383 556 2464 potest
582 2386 695 2464 faeere,
725 2385 762 2450 ut
783 2386 926 2469 resurgat
949 2401 1020 2450 earo
1042 2385 1075 2451 et
1095 2384 1186 2450 uiuat
1207 2385 1241 2449 in

53 2494 100 2543 *ο
112 2492 283 2560 aeternum,
307 2504 348 2551 an
370 2487 534 2569 propterea
555 2485 742 2553 eredendum
765 2491 891 2553 nonest
912 2488 946 2553 id
961 2506 1035 2553 eum
1050 2505 1117 2552 esse
1138 2488 1242 2552 iaetu·

111 2608 191 2672 rum,
225 2590 300 2673 quia
332 2589 452 2655 malum
483 2593 530 2655 est
559 2590 653 2674 atque
685 2590 852 2675 indignum
882 2592 964 2658 dee?
1001 2590 1056 2657 sed
1078 2591 1116 2656 de
1139 2590 1241 2656 omni·

110 2692 251 2776 petentia
273 2693 348 2776 eius,
378 2710 440 2775 qna
468 2693 517 2758 tet
540 2694 573 2758 et
593 2694 684 2760 tanta
713 2694 791 2761 fauit
820 2694 1024 2772 incredibilia,
1054 2694 1118 2759 iam
1139 2693 1242 2759 multa

112 2796 257 2862 diximus
300 2795 327 2862 si
359 2794 473 2862 uolunt
506 2795 649 2863 inuenire
683 2797 764 2880 qued
797 2799 992 2884 omnipotens
1029 2813 1093 2863 non
1127 2797 1240 2879 petest,

110 2897 225 2965 tabent
256 2915 392 2983 prorsus,
426 2916 483 2982 ego
516 2898 634 2966 dicam:
669 2902 795 2967 mentiri
828 2920 891 2967 nen
924 2903 1038 2985 petest.
1075 2900 1240 2966 eradamus

48 3005 182 3088 ²aergo
206 3003 288 3086 qnod
315 3004 421 3086 petest
449 3018 511 3067 nen
540 3003 692 3069 eredendo
716 3004 797 3088 quod
819 3022 881 3070 non
903 3005 1013 3088 petest
1053 3022 1114 3070 non
1135 3004 1242 3086 itaque

112 3105 272 3171 eredentes
301 3105 383 3189 qued
412 3105 540 3171 mentiri
562 3108 661 3190 possit
683 3108 814 3175 eredunt
835 3126 902 3174 esse
924 3107 1082 3176 fauturum
1104 3106 1186 3189 qnod
1208 3123 1242 3171 se

210 3308 279 3364 aad.
298 3309 333 3365 (le
348 3309 402 3365 ein.
422 3308 465 3365 dei
483 3309 587 3378 XVIII,
604 3310 639 3366 ud

159 3496 173 3552 1
198 3497 333 3569 praedixit
349 3499 413 3553 dene
438 3498 504 3556 TV:
534 3497 602 3554 dixit
621 3498 681 3554 dv
783 3499 841 3571 qni]
865 3500 971 3570 quiae
1084 3496 1241 3554 amundus

110 3579 197 3638 marat
222 3582 265 3639 Te
366 3600 450 3653 neque
472 3584 510 3639 Μ
515 3583 549 3638 V:
575 3585 754 3654 nequeenim
778 3585 847 3641 GTv
947 3584 966 3639 4
989 3584 1133 3653 aliquoties
1155 3600 1172 3639 v

111 3664 253 3738 iprobare
272 3669 326 3726 1⁹02
352 3669 500 3740 improbans
517 3669 584 3725 MV
672 3669 824 3740 eapientem
842 3670 906 3726 MV
990 3668 1113 3739 numina]
1131 3669 1241 3724 nemina

111 3749 209 3812 ΠΝ
228 3755 510 3820 (emiseram
531 3756 566 3823 V)
663 3755 777 3811 ideam
797 3760 857 3822 (em.
875 3758 951 3824 et)e
1054 3755 1088 3810 10
1104 3757 1168 3826 nen]
1187 3771 1240 3812 um.

113 3836 137 3894 Τ
238 3839 757 3909 lacessituroa(eaeueorr.m.1)
784 3844 811 3899 Τ
911 3842 1060 3898 lusizi:
1086 3842 1173 3899 siaV

112 3922 143 3979 14
157 3923 290 3979 edenda
309 3925 363 3981 Te:
389 3925 550 3982 eredendum
566 3927 593 3982 V
675 3943 708 3982 ne
725 3928 749 3983 si
769 3928 831 3984 TV:
858 3926 912 3982 nisi
927 3942 946 3982 v
1035 3927 1138 3983 fatiunt
1155 3944 1172 3983 v

113 4007 142 4065 lt
156 4014 202 4068 eui
219 4013 288 4083 mm]
307 4015 427 4068 nitamv
528 4029 689 4085 mame
791 4014 944 4085 perhibenti
967 4030 984 4070 e
1085 4015 1241 4073 testimonio

112 4113 127 4154 e
225 4105 338 4156 untes
443 4101 476 4155 18
496 4101 553 4169 ipse
570 4099 694 4158 laudauit
710 4119 743 4158 a:
770 4116 828 4157 essa
844 4099 969 4155 laudauit
989 4098 1057 4155 YVe
1159 4100 1194 4155 20
1211 4102 1242 4158 id

114 4185 212 4249 dudd
229 4204 265 4242 rs
283 4189 315 4254 2)
342 4187 368 4243 Τ
465 4187 501 4241 25
522 4202 575 4242 nen
593 4186 868 4261 dedendo-potest]
888 4202 940 4243 aaa
960 4187 986 4243 Τ
1088 4187 1182 4259 itaque
1203 4188 1244 4244 Va

113 4274 200 4343 ntique
219 4273 261 4329 I'e
363 4273 398 4328 26
415 4272 547 4328 credentis
568 4275 593 4329 Τ
