2760 4814
143 570 206 637 878
628 566 790 637 augrppu

142 758 355 836 resistunt,
385 759 428 822 ut
457 774 529 824 non
560 776 657 841 quae
688 758 815 824 uultis
841 758 1017 825 faciatis.
1052 757 1092 825 fit
1120 778 1197 845 ergo
1224 778 1271 845 per

142 862 422 929 sanctificationem
437 861 619 944 perfectam,
642 864 678 927 ut
692 864 793 928 omnis
816 861 948 927 carnalis
967 863 1129 945 appetitus
1149 862 1269 947 spiritui

142 970 247 1030 nostro
270 964 457 1030 inluminato
480 968 511 1029 ot
526 964 695 1042 uiuificato,
718 968 748 1030 id
764 968 813 1030 est
828 964 996 1043 uoluntati,
1019 964 1209 1031 subiciatur.
1243 972 1270 1029 et

141 1071 223 1136 sicut
258 1087 341 1134 nunc
377 1068 518 1134 uidemus
555 1067 665 1134 multis
706 1068 876 1151 puerilibus
921 1069 1187 1134 delectationibus
1220 1087 1269 1134 nos

141 1192 256 1251 carere,
279 1190 357 1255 quae
380 1189 434 1237 nos
456 1189 575 1255 pueros,
599 1172 628 1236 si
642 1173 879 1254 denegarentur,
903 1173 1051 1236 acerrime
1074 1172 1293 1238 cruciabantzs

141 1280 186 1342 ita
211 1277 400 1342 credendum
422 1280 470 1341 est
491 1278 528 1341 de
552 1275 638 1340 omni
661 1276 778 1340 carnali
800 1275 1006 1341 delectatione
1028 1274 1174 1340 futurum
1198 1292 1266 1355 esse,

141 1399 211 1446 cum
226 1380 364 1462 perfecte
374 1381 524 1445 sanctitas
539 1384 641 1444 totum
657 1379 814 1444 bominem
829 1381 1032 1460 reparauerit.
1055 1398 1141 1444 nunc
1158 1385 1266 1451 autem.

141 1485 290 1566 quamdiu
324 1486 372 1548 est
397 1484 430 1547 in
463 1485 550 1548 nobis
573 1487 653 1565 quod
684 1484 809 1548 resistat
831 1482 929 1547 bonae
958 1482 1126 1565 uoluntati,
1160 1482 1267 1549 auxilio

140 1589 189 1654 dei
227 1605 282 1669 per
324 1590 418 1651 bonos
463 1587 603 1651 homines
636 1590 669 1650 et
702 1586 797 1651 bonos
831 1584 958 1670 angelos
995 1586 1190 1668 indigemus,
1227 1590 1266 1661 nt,

141 1692 236 1757 donee
250 1694 377 1755 senetur
399 1691 513 1755 uulnus
536 1694 688 1767 nostrum,
711 1709 773 1755 non
795 1690 841 1754 ita
863 1690 1055 1767 molestetur,
1080 1691 1117 1753 ut
1138 1690 1292 1772 perimato

140 1795 235 1860 etiam
258 1794 371 1859 bonam
394 1794 602 1859 uoluntatem.
639 1793 719 1860 banc
742 1796 845 1859 autem
863 1797 997 1858 mortem
1012 1794 1139 1874 peccato
1156 1794 1265 1859 morni-

139 1918 218 1963 mus.
258 1898 340 1979 quod
369 1899 529 1980 peccatum
560 1902 627 1962 erat
649 1897 776 1962 omnino
798 1898 831 1960 in
856 1896 953 1960 libero
977 1895 1119 1974 arbitrio,
1144 1914 1217 1961 oum
1237 1896 1265 1958 in

140 2002 283 2086 paradiso
305 2000 409 2065 nullus
439 1999 526 2066 dolor
555 2002 725 2082 denegatae
754 1998 968 2065 delectationis
992 1999 1091 2064 bonas
1114 1996 1264 2065 uoluntati

139 2106 273 2171 bominis
309 2106 481 2181 resistebat,
515 2103 607 2169 sicuti
640 2123 731 2168 nune.
774 2103 860 2169 uerbi
894 2104 1004 2187 gratia,
1039 2105 1066 2167 si
1103 2104 1262 2186 quisquam

138 2212 274 2284 exsistat,
306 2226 398 2289 quem
425 2224 596 2289 numquam
620 2207 742 2271 uenatio
767 2207 944 2282 delectauit,
968 2206 1052 2270 omni
1077 2207 1170 2271 modo
1193 2206 1288 2270 libers

137 2317 195 2387 est,
218 2313 324 2376 utrum
347 2312 453 2376 uenari
476 2311 555 2374 uelit
578 2330 616 2374 an
641 2310 730 2388 nolit,
754 2328 811 2375 nee
834 2330 903 2374 eum
921 2310 1038 2375 cruciat
1053 2311 1199 2392 quisquis
1213 2312 1262 2374 boe

137 2414 299 2499 probibet;
331 2420 363 2479 at
393 2415 420 2479 si
443 2415 504 2479 ista
519 2415 664 2479 libertate
686 2415 768 2479 male
792 2433 863 2479 usus
887 2417 1019 2479 uenatus
1043 2413 1140 2478 tuerit
1163 2420 1261 2480 contra

136 2518 329 2603 prohibentis
345 2517 522 2601 imperium,
546 2519 698 2599 paulatim
721 2518 887 2600 subrepens
911 2517 1075 2582 delectatio
1098 2517 1260 2583 mortificat

137 2621 285 2696 animam,
309 2624 353 2699 nt,
376 2621 402 2684 si
425 2641 457 2686 se
482 2622 636 2686 abstinere
659 2621 746 2699 uelit,
771 2624 836 2687 sine
859 2621 1003 2686 molestia
1018 2624 1050 2685 et
1068 2639 1187 2707 angore
1208 2638 1259 2685 non

136 2724 246 2806 possit,
277 2742 348 2788 cnm
378 2723 411 2788 id
442 2728 513 2789 ante
539 2726 607 2789 tota
629 2725 765 2789 sanitate
788 2744 847 2789 non
871 2727 984 2809 ageret.
1007 2742 1079 2807 orgo
1104 2725 1283 2790 aculeuss

136 2827 276 2890 mortis
298 2832 501 2907 peceatum
524 2827 599 2904 ost,
632 2828 706 2909 quia
738 2830 864 2909 peccato
897 2827 981 2892 laeta
1010 2828 1059 2891 est
1093 2826 1256 2897 delectatio,

136 2947 214 3011 quae
244 2930 306 2994 iam
337 2929 437 3010 possit
469 2932 611 2995 resistere
641 2930 799 2995 uoluntati
830 2934 862 2994 et
893 2949 964 2995 cum
990 2931 1096 2995 dolore
1118 2927 1256 2994 cobiberi.

134 3050 228 3116 quam
262 3031 508 3112 delectationem,
544 3035 616 3115 quia
649 3034 680 3098 in
715 3033 837 3099 defectu
869 3033 920 3097 est
950 3033 1072 3097 animae
1105 3030 1255 3097 deterioris

135 3136 274 3213 effectas,
297 3136 365 3199 iure
388 3139 522 3202 mortem
544 3138 679 3202 uocauit.
717 3137 850 3202 uirtus
873 3143 1002 3202 antem
1025 3138 1254 3218 peccatilex

135 3240 210 3317 est,
241 3240 315 3320 qnia
344 3240 445 3304 multo
475 3240 654 3305 sceleratius
684 3243 716 3306 et
742 3240 926 3325 flagitiosius
948 3258 1028 3323 quae
1050 3241 1100 3305 lox
1123 3240 1277 3324 probibate

186 3531 201 3583 1
226 3530 356 3585 resistunt
377 3529 413 3585 V:
444 3530 621 3584 aduersantnr
639 3530 667 3583 P
766 3529 938 3583 3uolnntsti
960 3529 996 3584 V:
1027 3528 1112 3585 bonae
1129 3527 1255 3585 uoluntati

134 3614 202 3670 0³1>
228 3614 313 3671 bonae
324 3616 475 3673 uoluntatis
489 3616 526 3673 θ’
612 3615 742 3670 ‹lmultis
758 3615 796 3670 V:
825 3615 966 3670 maltssP
1048 3614 1255 3672 tererem:

130 3716 223 3769 capere
240 3702 279 3754 1²²
369 3700 486 3757 llbonos
498 3703 607 3772 angelos
625 3700 658 3755 V:
689 3717 734 3771 por
748 3700 830 3755 bonos
842 3718 865 3755 a.
884 3702 913 3755 P
1003 3700 1038 3756 10
1054 3700 1255 3757 molestetan

132 3786 197 3841 PV:
233 3788 360 3842 molestet
385 3805 404 3842 a
517 3789 549 3843 12
576 3789 684 3844 omnino
712 3788 747 3843 V:
783 3790 856 3842 omni
882 3789 960 3843 modo
989 3788 1044 3843 GP
1146 3806 1207 3843 enm
1231 3788 1257 3840 in

129 3871 253 3939 paradiso
268 3873 334 3928 GP:
355 3874 446 3930 ooaV
530 3875 563 3929 13
581 3874 710 3944 paradyso
724 3873 779 3930 (31³
862 3874 1007 3942 denegatae
1021 3872 1086 3929 GP:
1114 3875 1258 3930 delectatae

135 3955 160 4010 V
261 3956 446 4013 delectationle
470 3959 548 4014 6³1¹:
579 3959 764 4015 delectationis
781 3962 806 4027 (a
823 3965 890 4025 ros.)
916 3961 945 4014 P
976 3960 1131 4015 dilectionis
1156 3962 1194 4017 0¹

131 4038 215 4094 bonae
232 4042 380 4112 uoluntati]
398 4044 482 4099 bonae
499 4045 652 4100 uoluntatis
675 4045 700 4100 V
732 4046 872 4100 uoluntati
893 4047 976 4101 bonae
1001 4045 1057 4102 GP
1160 4048 1193 4102 17
1217 4062 1260 4101 ne·

130 4128 209 4179 natue
237 4124 301 4182 GP:
331 4127 398 4182 bene
422 4134 505 4185 natus
529 4131 556 4186 V
655 4132 688 4187 18
714 4130 858 4201 subrepens
885 4131 952 4186 PV:
983 4131 1139 4200 subs-ipisus
1167 4133 1196 4189 G

129 4210 270 4265 delectatio
299 4211 366 4268 GP:
402 4212 579 4270 delectatione
610 4217 636 4272 V
736 4216 771 4270 20
797 4217 919 4271 aculeum
949 4216 976 4271 V
1075 4217 1112 4273 22
1139 4218 1262 4275 cohibere

129 4311 167 4367 P'
273 4312 773 4375 aeinoeteetu0P21noeleetum
793 4319 820 4375 V
920 4323 963 4375 eat
980 4320 1096 4391 animae]
1116 4310 1264 4379 animum

128 4399 182 4540 (gt
198 4397 265 4457 add.
282 4415 317 4455 m.
328 4402 357 4467 2)
377 4400 405 4456 P
504 4404 539 4459 24
556 4406 664 4461 uomuit
680 4406 736 4473 (uit
751 4410 846 4463 om.2
862 4408 962 4463 inrue
981 4406 1019 4476 P)
1037 4406 1104 4463 PV:
1133 4424 1265 4467 umus
