2760 4814
370 550 535 621 Excerpta
556 566 591 604 er
612 565 682 620 opp.
702 549 729 604 S.
746 549 937 620 Augustini
960 549 1070 606 CXVII.
1222 550 1289 620 423

152 745 206 810 hic
229 745 262 808 in
285 743 372 809 illiue
394 741 499 828 patria
520 742 559 807 ab
583 757 617 805 ec
640 739 722 822 quod
744 740 842 805 ceteri
871 739 993 806 faciunt
1014 758 1077 807 uon
1099 739 1287 807 abhorreret.

149 847 220 914 siue
243 847 349 930 etiam,
371 844 406 911 in
430 845 531 911 aliena
552 843 656 927 patria
679 862 751 908 oum
773 845 1034 928 peregrinaretur,
1057 843 1113 910 ubi
1135 845 1233 911 maior
1255 845 1289 910 et

150 951 344 1036 frequentior
372 952 405 1015 ot
434 947 606 1015 feruentior
636 950 683 1012 eet
711 947 845 1030 populna
876 946 936 1028 dei,
968 947 1050 1013 uidit
1072 947 1160 1014 uerbi
1181 946 1289 1032 gratia

149 1054 201 1121 bia
223 1054 328 1119 offerri
351 1052 461 1136 quinta
483 1049 606 1117 sabbati
628 1049 762 1115 ultimae
789 1048 1055 1133 quadragesimae,
1087 1053 1118 1113 et
1141 1052 1288 1116 maneat

125 1158 192 1224 aad
213 1155 610 1242 uesperam-ueniensque
638 1154 673 1218 in
695 1153 800 1236 patria
821 1172 888 1236 sua,
916 1153 972 1218 ubi
995 1152 1028 1217 in
1052 1151 1112 1218 fine
1135 1152 1289 1220 dicimos

148 1264 200 1327 eat
221 1261 336 1339 offerri,
360 1260 441 1325 male
466 1260 560 1341 atque
581 1257 700 1322 inlicite
722 1256 790 1323 fieri
814 1258 992 1336 contendat,
1024 1257 1172 1339 quoniam
1194 1256 1288 1322 alitor

148 1366 217 1448 ipre
239 1363 365 1442 uiderit,
387 1361 519 1444 puerilis
541 1364 591 1426 eat
612 1362 672 1425 iate
695 1378 813 1440 senene,
846 1363 1004 1426 cauendus
1026 1360 1059 1425 iu
1082 1359 1182 1438 nobie,
1205 1358 1286 1425 tole·

147 1470 265 1534 raudus
286 1469 319 1531 et
341 1466 542 1549 corrigendus
565 1463 600 1528 in
623 1463 751 1530 nostrie.

216 1689 301 1737 meu
323 1689 369 1735 EX
392 1687 512 1735 EODEM
534 1687 638 1735 liIBRO
659 1687 767 1735 PRIMO
789 1687 838 1735 AD
860 1684 1113 1748 valslrloreus
1135 1686 1166 1735 C·
1189 1685 1215 1734 Β.

109 1833 137 1870 ιο
191 1809 252 1875 His
275 1808 360 1874 enim
384 1808 496 1887 caueis,
519 1807 551 1874 id
567 1812 615 1872 eet
631 1809 688 1873 aut
708 1808 833 1892 propter
851 1807 948 1874 fidem
963 1812 1018 1874 out
1032 1810 1158 1892 propter
1173 1823 1285 1886 mores,

147 1914 200 1979 uel
223 1912 383 1977 emendari
406 1913 529 1995 oportet
551 1909 632 1994 quod
655 1928 819 1993 perperam
846 1910 942 1977 fiebat
969 1909 1020 1976 uel
1048 1910 1173 1976 institui
1202 1909 1285 1993 quod

147 2033 210 2081 non
244 2014 348 2080 fiebat.
385 2014 455 2097 ipsa
487 2013 601 2097 quippe
636 2001 772 2078 mutatio
804 2013 1047 2093 consuetudinis,
1081 2015 1177 2079 etiam
1205 2032 1286 2096 quae

146 2120 289 2186 utilitate
319 2117 460 2197 adiuuat,
491 2119 631 2184 nouitate
663 2115 839 2200 perturbat.
878 2121 1068 2202 quapropter
1090 2136 1168 2200 quae
1190 2115 1284 2182 utilis

145 2241 210 2289 non
233 2224 293 2301 eat,
316 2223 550 2305 perturbatione
572 2220 769 2288 infructuosa
801 2224 833 2287 et
864 2225 1088 2306 consequenter
1111 2221 1203 2288 noxia
1224 2222 1284 2286 eat.

107 2376 136 2416 ra
188 2343 257 2410 Nec
277 2343 348 2409 ideo
370 2344 474 2426 putari
498 2342 590 2409 debet
620 2344 805 2409 institutum
828 2362 893 2410 oeae
915 2345 1026 2410 multis
1048 2346 1137 2425 locie,
1167 2346 1205 2410 ut
1226 2343 1286 2410 illa

147 2448 197 2514 die
219 2450 292 2531 poet
308 2446 511 2512 refertiorem
526 2445 683 2525 offeratur,
706 2447 780 2530 quia
795 2447 948 2530 scriptum
964 2452 1033 2514 eet:
1058 2447 1281 2514 identidem

146 2552 186 2616 et
221 2539 393 2617 calicem
427 2551 516 2634 post
549 2568 683 2615 cenam
716 2550 865 2616 diceus.
918 2553 1020 2635 ipeam
1057 2552 1143 2617 onim
1178 2550 1284 2636 potuit

146 2653 308 2737 appellare
330 2671 449 2732 cenam,
471 2657 554 2736 quod
576 2654 641 2718 iam
662 2671 774 2737 corpus
792 2658 986 2738 acceperant,
1011 2656 1048 2720 ut
1069 2653 1182 2720 deinde
1204 2653 1281 2721 oali·

146 2774 214 2822 cem
248 2755 436 2841 acciperent.
479 2774 553 2822 nam
587 2757 661 2839 quia
696 2755 776 2822 alibi
813 2757 907 2823 dicit:
945 2758 1283 2824 conuenientibus

105 2878 238 2946 mergo
276 2862 391 2927 uobis
427 2861 466 2925 in
503 2879 622 2926 unum
657 2879 733 2927 non
770 2865 834 2927 eet
872 2861 1109 2928 dominicam
1146 2879 1280 2927 cenam

144 2963 520 3058 manducare-hano
531 2966 633 3049 ipram
643 2964 856 3048 acceptionem
870 2966 1076 3033 eucharistiae
1091 2965 1280 3056 dominicam

144 3087 255 3135 cenam
278 3086 393 3136 uocans
409 3104 451 3115 —
469 3068 549 3134 illud
571 3069 673 3152 mugio
702 3063 827 3135 mouera
856 3071 959 3154 potuit
980 3070 1132 3150 homines,
1157 3072 1193 3136 ut
1214 3070 1279 3134 iam

143 3171 255 3238 refecti
277 3172 328 3238 die
352 3173 408 3238 illo
431 3172 483 3237 uel
505 3172 655 3238 offerrent
676 3172 730 3237 uel
752 3175 912 3254 sumerent
935 3173 1167 3251 eucharistiam,
1196 3170 1280 3255 quod

143 3276 178 3341 in
201 3275 365 3360 euangelio
399 3273 495 3341 dicit:
530 3294 614 3342 cum
636 3280 770 3341 autem
798 3275 868 3341 illi
890 3277 1187 3358 manducarent,
1220 3291 1279 3339 ac·

105 3377 253 3462 „cepit
274 3378 384 3443 Iesus
416 3397 551 3462 panem
574 3381 612 3445 et
646 3379 873 3459 benedixit,
911 3399 983 3446 cum
1014 3383 1110 3446 etiam
1136 3375 1279 3462 euporius

249 3602 282 3655 19
300 3600 315 3655 I
333 3600 394 3656 Cor.
414 3602 456 3664 11,
475 3601 515 3667 20,
612 3601 648 3656 24
665 3601 766 3656 naun.
785 3602 828 3666 26,
847 3602 882 3656 26

197 3805 261 3860 lin
278 3805 355 3860 illim
373 3804 453 3860 Pro:
482 3805 559 3860 illiue
581 3805 609 3861 V
707 3806 725 3860 2
748 3806 815 3876 aine]
834 3807 858 3860 ai
875 3821 971 3863 ueroc
1072 3803 1277 3876 consurgan-

142 3892 210 3948 m'rno
234 3892 262 3948 Τ
362 3893 380 3946 b
403 3892 491 3962 patria
513 3908 563 3946 rua
584 3892 622 3948 V:
653 3894 771 3963 patriam
794 3909 869 3948 ruem
895 3893 937 3950 Tc
1038 3894 1055 3948 6
1077 3891 1172 3946 offerre
1193 3907 1210 3945 o

142 3978 265 4034 inlicitae
286 3977 313 4033 V
406 3978 487 4033 aliter
504 3977 589 4037 PVc:
616 3979 684 4034 aiibi
701 3979 782 4034 aliter
801 3979 828 4034 Τ
927 3982 944 4036 ‘i
967 3980 1099 4035 cubandua
1121 3976 1209 4033 ΜΨ

141 4065 160 4119 9
177 4062 382 4136 inquisitionem
401 4064 458 4120 GP
476 4064 692 4135 inquiaionomo
787 4069 802 4121 i
824 4070 837 4120 i
859 4068 947 4136 (cuiue
965 4063 1086 4136 suptar)
1103 4064 1181 4120 MV:
1207 4065 1278 4117 eiua·

139 4152 201 4207 dam
218 4150 338 4207 immrri
357 4151 426 4207 Mic
449 4152 566 4205 ianuarii
584 4151 613 4207 P
699 4153 730 4207 ll
749 4154 922 4210 emendaret
1006 4167 1147 4222 perpereo
1232 4148 1276 4202 uei

139 4237 389 4309 institui-flebat]
403 4254 453 4294 ont
465 4238 531 4294 MV
534 4258 541 4303 ς
559 4239 591 4292 c·
605 4238 632 4294 V
640 4241 764 4310 optarim
775 4256 895 4296 auem
906 4242 946 4295 23
957 4240 1009 4294 icc.
1103 4238 1137 4292 13
1154 4235 1276 4290 nobitato

143 4323 174 4381 V
272 4325 307 4380 14
329 4327 531 4395 parturuationa
557 4325 584 4380 V
685 4326 717 4381 17
737 4330 774 4397 (et
793 4329 835 4396 iti)
853 4341 961 4382 menam
984 4324 1020 4390 V;
1046 4325 1087 4381 eie
1100 4338 1208 4392 emper

141 4411 176 4467 18
191 4411 276 4482 quod]
293 4426 346 4481 qno
364 4429 381 4469 c
465 4412 619 4482 comparem
639 4412 666 4468 V
758 4413 793 4468 22
810 4414 908 4484 magio]
927 4413 1016 4483 magio
1033 4411 1172 4481 magisque
1189 4425 1206 4464 c

138 4497 176 4553 28
191 4498 236 4554 die
253 4497 338 4554 Pre:
365 4498 398 4553 de
419 4497 447 4553 V
