2760 4814
200 286 265 352 470
686 281 851 352 nugrppu

201 475 255 542 ced
286 472 367 539 sieut
396 491 503 537 omnes
534 472 667 537 christos
690 471 824 537 dicimus
848 472 975 554 propter
997 470 1167 553 mysticum
1190 469 1337 551 chrisma,

199 578 248 643 sio
270 596 377 643 omnes
401 577 586 657 sacerdotes,
611 577 758 658 quoniam
781 576 924 640 membra
942 575 1018 639 sunt
1033 575 1123 641 nnius
1145 575 1335 657 secerdotis;

201 682 237 746 de
260 679 375 761 quibus
399 681 558 763 spostolus
580 681 709 745 Petrus:
732 678 862 762 plebs,
886 678 1000 760 inquit,
1023 681 1176 756 sancte,
1200 679 1335 762 regale

200 784 478 850 sacerdotium.
516 804 599 863 sune,
634 784 708 849 licet
741 783 880 848 breuiter
912 786 1006 865 utque
1039 783 1251 858 transeunter,
1286 782 1334 846 in·

199 887 339 953 sinnnuit
369 906 435 953 esse
466 887 558 953 deum
582 886 744 953 Christum
774 889 918 953 dicendo:
952 887 1177 952 sacerdotes
1207 886 1273 950 dei
1299 891 1333 950 et
1354 907 1375 950 e

200 990 368 1074 christi,
401 991 460 1057 hoc
493 992 543 1057 est
570 992 669 1073 putris
698 991 731 1056 et
760 990 827 1072 filii,
862 990 1005 1073 quemuis
1039 994 1164 1072 propter
1200 991 1334 1055 formum

199 1097 284 1160 serui
306 1096 389 1160 siout
410 1095 548 1161 hominis
571 1093 665 1173 filine,
690 1093 789 1160 etiam
811 1093 955 1160 sacerdos
979 1093 1024 1158 ito
1043 1093 1183 1158 Christus
1206 1093 1334 1158 effectus

199 1198 243 1264 sit
271 1198 304 1264 in
328 1200 490 1264 ueternum
519 1200 688 1263 secundnm
712 1197 851 1262 ordinem
873 1195 1114 1263 Melchisedech.
1154 1196 1192 1261 de
1215 1216 1279 1280 qne
1301 1216 1333 1262 re

199 1301 233 1366 in
256 1302 313 1367 hoc
335 1320 427 1385 opere
450 1321 510 1367 non
533 1301 631 1365 semel
654 1300 800 1366 diximus.

659 1572 873 1658 CXXVIIII.
1344 1614 1370 1655 ιο

199 1765 245 1813 EX
274 1764 394 1812 EODEM
422 1764 526 1811 LIBRO
549 1765 608 1812 XX.
643 1766 689 1811 DE
712 1764 781 1811 GOG
804 1765 847 1811 ET
869 1762 998 1820 MAGOG,
1030 1762 1117 1823 Qvos
1139 1764 1187 1810 ΔΙ)
1210 1763 1336 1811 PERSE·

199 1869 366 1930 vannnnr
399 1867 590 1916 Eccnnslnnr
626 1869 686 1915 DEI
719 1867 869 1915 SOLVTVS
901 1866 1011 1913 PBOPE
1046 1866 1154 1913 FINEM
1188 1867 1335 1915 SAECVLI

576 1971 747 2018 DIABOLVS
769 1971 953 2018 INGITABIT.

128 2098 191 2168 145
246 2090 398 2156 Etcum
429 2090 541 2156 finiti
571 2091 726 2156 fuerint
747 2091 859 2155 mille
881 2092 989 2168 enni,
1022 2088 1204 2155 soluetur
1227 2093 1334 2154 sate·

199 2213 267 2260 nos
290 2193 335 2259 ds
357 2193 545 2259 custodis
575 2212 642 2258 suu
666 2194 713 2258 ad
736 2193 978 2259 seducendas
1000 2196 1200 2268 nationes,
1234 2211 1370 2275 quaere

198 2299 290 2364 sunt
323 2297 362 2361 in
397 2299 586 2380 quattuor
619 2298 779 2383 ungulis
814 2298 958 2375 terrae,
992 2299 1074 2380 Gog
1102 2298 1140 2359 et
1170 2295 1333 2380 Megog‚

198 2403 237 2466 et
269 2401 407 2466 trahet
441 2420 506 2466 ees
539 2401 578 2465 in
612 2401 777 2477 bellum,
812 2419 975 2483 quorum
999 2418 1182 2465 numerus
1206 2400 1335 2464 estut

197 2504 348 2570 herena
370 2504 501 2568 muris.
537 2505 576 2569 sd
598 2504 657 2569 hoc
672 2523 745 2589 ergo
768 2509 843 2569 tuno
866 2505 1003 2583 seducet,
1027 2506 1063 2569 nt
1085 2502 1117 2567 in
1136 2502 1335 2568 bochellum

198 2606 316 2673 trehet.
354 2624 426 2670 nam
450 2608 481 2671 et
504 2612 596 2671 antea
618 2607 717 2672 modis
747 2609 860 2690 quibus
890 2611 1013 2692 poterat
1043 2627 1099 2690 per
1122 2608 1207 2672 mela
1230 2606 1334 2670 multe
1363 2654 1367 2661 .

198 2709 231 2774 et
260 2711 348 2774 uario
377 2710 553 2776 seducebat.
590 2711 720 2776 exibit
742 2716 849 2777 autem
871 2699 993 2777 dictum
1016 2716 1079 2776 est:
1111 2710 1163 2795 „in
1188 2715 1370 2792 apertam»

197 2813 445 2899 persecutionem
468 2812 505 2878 de
532 2813 660 2880 latebris
683 2821 826 2897 erumpet
852 2813 1024 2881 odiornm⁴‘.
1064 2814 1139 2880 haec
1163 2812 1250 2877 enim
1272 2815 1333 2878 erit

199 2916 370 2983 nouissime
390 2917 563 3001 persecutio
579 2918 749 2983 nouissimo
765 2919 952 2984 imminente
967 2919 1091 2997 iudicio,
1107 2935 1202 3001 quem
1220 2920 1334 2982 sanctu

198 3021 329 3086 ecclesis
359 3023 424 3085 toto
455 3020 611 3086 terrarum
634 3020 707 3086 orbs
731 3021 879 3103 patietur,
903 3023 1051 3086 uniuerso
1073 3019 1195 3085 seilicet
1217 3019 1333 3085 ciuitas

198 3123 314 3190 Christi
338 3126 377 3190 ab
400 3124 547 3190 uniuerso
561 3124 677 3191 dioboli
692 3125 831 3206 ciuitate,
855 3131 1106 3209 quantacumque
1122 3123 1182 3187 erit
1196 3123 1332 3206 utruque

198 3246 291 3312 super
324 3230 449 3294 terrum.
495 3230 604 3314 gentes
637 3231 751 3313 quippe
786 3231 881 3309 istae,
915 3248 991 3313 quus
1025 3225 1164 3312 appellat
1197 3223 1267 3310 Gog
1301 3227 1369 3293 etrr

199 3330 322 3415 Magus,
356 3350 418 3398 non
452 3332 498 3398 sio
531 3336 606 3398 sunt
641 3332 848 3416 accipiendae,
882 3336 1043 3416 tamquam
1074 3331 1138 3397 sint
1167 3329 1267 3412 oliqni
1298 3329 1333 3394 in

299 3517 317 3571 3
335 3516 349 3570 1
367 3517 441 3574 Petr.
460 3519 486 3585 2,
504 3520 521 3573 9
627 3520 660 3574 14
677 3520 760 3590 Apoc.
779 3519 821 3587 20,
839 3520 906 3589 deq.

247 3662 622 3763 certissumus
648 3693 675 3748 r
774 3693 879 3749 rues
902 3692 968 3748 nr:
996 3694 1144 3748 risose
1249 3694 1335 3749 urse

196 3773 278 3827 etism
290 3775 412 3830 sucerdos
424 3777 465 3832 lh
545 3777 785 3834 8mechisedecho
866 3780 903 3850 rel
916 3787 974 3835 reo
1057 3780 1091 3833 10
1103 3794 1163 3848 cup.
1176 3778 1335 3838 CXXXVII

198 3859 225 3914 n
248 3860 343 3914 cxnv
366 3862 394 3916 P
418 3863 528 3920 oxnvr
550 3881 580 3932 e;
606 3882 684 3921 num.
701 3864 801 3920 eno
905 3866 938 3920 rs
958 3849 1239 3952 sereniorem
1258 3869 1288 3934 e>
1309 3868 1340 3922 r

196 3977 292 4018 mnne
308 3981 326 4018 o
413 3965 448 4021 22
465 3969 611 4022 nouissime
626 3968 679 4023 Ver
703 3967 931 4023 innouisrimeT
1013 3967 1199 4037 persecutione
1210 3968 1256 4035 (ne
1266 3968 1335 4024 odd.

195 4046 233 4103 nu
243 4052 274 4116 2)
289 4048 315 4105 Τ
398 4051 557 4107 imminente
572 4053 607 4107 V:
626 4053 833 4122 imme-entefin
846 4051 975 4121 eras.)h1
991 4052 1111 4108 iumento
1123 4053 1162 4119 (in
1174 4051 1241 4109 aaa.
1256 4070 1292 4109 ru.
1304 4058 1338 4123 2)

199 4134 227 4192 Τ
252 4135 381 4191 eminenti
404 4153 421 4192 o
522 4137 558 4192 24
580 4140 695 4208 utreque
720 4139 784 4195 TV:
815 4142 958 4208 utrumqne
981 4148 998 4193 o
1098 4137 1135 4194 25
1151 4140 1263 4211 qnippe]
1282 4157 1338 4196 our.

194 4238 213 4279 v
315 4221 351 4278 26
367 4223 396 4278 in
415 4225 507 4294 ulique
527 4222 591 4279 Νι
607 4225 685 4280 ,muli
702 4239 790 4294 queo
