2760 4814
197 325 365 398 discerpta
381 341 417 381 ox
435 342 505 396 opp.
525 325 552 381 S.
570 324 760 397 Augustini
780 325 1066 384 cetur-cousin.
1133 330 1201 397 829

62 518 125 583 bus
148 518 273 584 constat
295 518 461 583 elementa.
506 516 540 582 in
562 517 621 584 hoc
642 535 715 601 ergo
738 516 876 596 denario,
890 517 967 583 dum
982 518 1200 601 temporaliter

61 618 154 688 nobis
176 621 364 702 insinuatur,
386 622 420 687 id
443 622 493 688 est
514 624 626 705 quator
649 621 786 702 ducitur,
809 621 895 687 casto
916 623 949 689 et
963 621 1159 690 continenter
1180 641 1203 687 a

61 728 242 808 temporum
262 725 469 792 delectatione
490 727 607 806 uiuere,
629 724 688 791 hoc
704 727 752 791 est
768 725 977 809 quodraginta
989 726 1100 793 diebus
1116 726 1198 794 ieiu-

62 846 150 895 nare.
179 827 239 895 hoc
260 828 321 911 lex,
344 831 432 895 cuius
455 847 588 912 persona
610 832 659 895 est
681 829 712 895 in
734 828 833 916 Mose,
849 829 907 896 hoo
922 830 1092 914 prophetis,
1110 829 1199 895 cuius

40 950 227 1015 spersonsm
248 934 331 1018 gerit
353 933 472 1015 Helias,
495 932 553 1000 hoc
575 934 640 1019 ipse
664 932 808 1000 dominus
830 936 948 1014 monet,
965 937 1018 1018 qui
1033 936 1199 1015 tamquam

62 1035 283 1101 testimoninm
304 1035 424 1103 habens
448 1056 484 1102 ex
508 1037 578 1120 lege
601 1039 633 1102 et
656 1037 814 1122 prophetis
837 1038 958 1104 medius
981 1038 1063 1103 inter
1078 1038 1151 1102 illos
1166 1035 1198 1101 in

62 1141 171 1203 monte
201 1138 302 1203 tribus
333 1137 497 1222 discipulis
528 1139 708 1206 uidentibus
731 1143 826 1223 atque
849 1140 1051 1226 stupentibus
1074 1137 1197 1206 claruit.

62 1241 177 1307 deinde
211 1241 259 1308 ita
288 1244 457 1326 quaeritur,
496 1244 648 1327 quomodo
678 1242 961 1327 quinquagenarius
994 1246 1033 1310 de
1065 1245 1198 1327 qnadra-

61 1345 191 1428 genario
222 1364 352 1413 numero
381 1348 519 1424 exsistat,
550 1348 603 1431 qui
633 1366 694 1414 non
718 1347 918 1414 mediocriter
939 1347 973 1412 in
996 1351 1100 1432 nostra
1122 1346 1198 1412 reli·

24 1471 54 1511 ιο
61 1449 156 1532 gioue
185 1453 325 1517 sacratus
354 1455 403 1515 est
431 1452 556 1534 propter
589 1452 805 1534 pentecostem
840 1454 993 1535 quomodo
1015 1452 1064 1516 tor
1087 1448 1199 1516 ductus

61 1553 191 1636 propter
219 1552 283 1618 tria
312 1554 455 1638 tempora
485 1557 560 1620 aute
588 1553 701 1638 legem,
732 1555 790 1620 sub
820 1554 899 1639 lege,
930 1555 988 1620 snb
1010 1552 1123 1639 gratia,
1146 1555 1199 1620 uel

62 1657 191 1739 propter
213 1675 327 1722 nomen
350 1656 449 1740 patris
466 1660 497 1722 et
512 1656 571 1721 tilii
587 1659 619 1723 et
634 1657 765 1742 spiritus
780 1658 882 1725 sancti
898 1657 1046 1724 adiuncta
1061 1655 1200 1723 eminen-

63 1760 130 1824 tius
152 1759 221 1842 ipsa
243 1759 389 1825 trinitate
412 1759 452 1824 ad
474 1759 715 1845 purgatissimae
738 1761 887 1826 acclesiae
909 1760 1095 1844 mysterium
1117 1760 1198 1825 refe·

63 1866 155 1928 ratur
176 1862 398 1947 perueniatqne
419 1864 459 1928 ed
483 1864 610 1928 centum
633 1864 665 1928 et
679 1865 905 1949 quinquaginta
920 1865 984 1929 tres
999 1865 1106 1947 pisces,
1121 1880 1200 1946 quos

25 1966 146 2033 roratis
175 1969 245 2049 post
275 1966 531 2031 resurrectionem
561 1966 680 2032 domini
715 1967 748 2032 in
777 1966 918 2031 dextram
948 1968 1072 2049 partem
1101 1966 1198 2031 missa

63 2073 225 2152 capemnt.
248 2070 295 2136 ita
317 2070 427 2136 multis
451 2070 522 2135 aliis
544 2073 638 2153 atque
661 2069 734 2135 aliis
754 2087 954 2134 numerorum
978 2068 1087 2136 formis
1101 2088 1197 2152 quse·

63 2174 139 2238 darn
168 2171 408 2239 similitudinum
440 2174 474 2238 in
504 2172 620 2239 sanctis
651 2172 741 2238 libris
771 2175 891 2238 secreto
920 2174 1088 2254 ponuntur,
1121 2189 1199 2255 quse

64 2275 193 2360 propter
215 2292 417 2341 numerorum
439 2274 632 2360 imperitiam
654 2275 832 2360 legentibus
855 2275 962 2342 clausa
982 2278 1067 2341 sunt.

545 2514 727 2599 ooLvffl.

32 2691 112 2741 ”DE
130 2689 250 2738 RERVM
268 2686 471 2735 mvslcnuvm
488 2687 711 2735 IGNORANTIA.
735 2688 781 2734 Ex
800 2687 904 2735 LIBRO
922 2687 1030 2735 SVPRA
1048 2685 1199 2734 sompno.

108 2808 181 2877 Non
204 2827 302 2892 psucs
324 2808 422 2875 etiam
444 2807 564 2874 claudit
586 2811 681 2891 atque
704 2807 826 2891 obtegit
848 2808 1071 2874 nonnullorum
1094 2826 1200 2873 rerum
1209 2808 1276 2875 282

64 2914 259 2981 musicarum
291 2913 478 2997 ignorantia.
522 2915 661 2977 oetsmm
696 2915 728 2978 et
761 2912 799 2976 de
828 2911 972 2993 psalterii
1004 2912 1036 2975 et
1065 2909 1201 2975 citharae

64 3015 244 3083 differentia
272 3015 400 3099 quidem
429 3033 490 3080 non
514 3014 697 3081 inconcinne
723 3015 843 3099 aliquas
865 3033 970 3080 rorum
992 3014 1106 3097 figuras
1128 3032 1201 3095 ape-

64 3121 142 3200 ruit,
167 3123 199 3187 et
220 3122 326 3186 docem
348 3118 512 3184 cordarum
534 3119 719 3202 psalterium
733 3137 794 3183 non
809 3120 985 3201 importune
1000 3118 1082 3182 inter
1097 3115 1201 3182 doctos

35 3224 228 3308 equsentur
251 3223 359 3288 utrum
380 3222 496 3287 hebeat
518 3222 657 3305 aliquam
679 3221 834 3287 musicem
849 3221 963 3305 legem,
980 3238 1059 3303 quae
1074 3220 1114 3285 ad
1129 3223 1200 3284 tan·

171 3410 240 3465 711.
258 3409 358 3467 Matth.
378 3410 418 3474 17,
436 3410 503 3480 2sq.
596 3409 631 3463 10
648 3410 682 3464 ci.
700 3410 761 3463 Ast
779 3408 805 3476 2,
825 3409 907 3478 lsqq.
998 3406 1032 3461 14
1048 3407 1083 3462 of.
1101 3406 1140 3461 Io.
1158 3406 1203 3471 21,

63 3497 182 3554 satu
287 3497 322 3551 24
342 3496 376 3551 oi.
394 3496 439 3551 Pe.
458 3495 582 3565 32291
599 3495 677 3562 91,4

118 3670 252 3738 sueyse
279 3667 349 3724 GPo
451 3666 780 3736 8quinqnegensriuso
884 3665 918 3720 10
939 3664 1072 3735 quomodo
1098 3662 1136 3717 V:
1173 3662 1204 3715 ot

65 3755 201 3826 quomodo
221 3755 264 3811 Ge
357 3754 391 3809 14
408 3755 516 3808 contum
534 3757 596 3816 (om.
615 3756 652 3818 et)
672 3752 743 3809 GPo
829 3753 886 3806 tres
903 3752 988 3820 pisces
1008 3751 1091 3807 GPo:
1117 3746 1203 3817 respi-

65 3842 122 3898 cies
142 3841 170 3897 V
265 3842 299 3895 15
316 3840 453 3895 dexteram
473 3840 544 3895 GPo
641 3839 724 3893 missa
743 3838 824 3894 GPo:
853 3837 964 3891 missam
986 3837 1012 3889 V
1109 3836 1142 3891 18
1160 3850 1203 3890 sc·

65 3930 167 4000 quim
191 3943 251 3999 cop.
279 3926 431 3984 cenvnn
457 3928 491 3982 in
519 3926 593 3983 GPo
696 3927 729 3980 19
755 3941 816 3995 cup.
844 3924 961 3981 cctxx
987 3924 1016 3980 P
1053 3921 1204 3980 CCLXXII

68 4016 114 4071 Gn
216 4013 252 4068 20
269 4013 430 4068 musicarum
450 4013 527 4069 G³P2
563 4012 723 4067 musicorum
746 4009 825 4073 G¹V;
850 4010 940 4065 abror.
958 4011 1023 4065 ino
1126 4010 1204 4078 igno·

66 4103 185 4156 nuntiam
206 4099 234 4156 V
333 4101 367 4155 21
390 4100 493 4157 clandit
518 4099 603 4156 GPo:
639 4097 723 4153 cladit
745 4097 773 4152 V
871 4095 905 4150 22
928 4098 1045 4150 cetorum
1070 4094 1104 4149 V:
1140 4108 1202 4148 nam

70 4188 139 4245 oPo
224 4186 352 4257 ualterio
371 4188 399 4242 P
492 4184 619 4255 citharae]
637 4184 759 4240 cethema
779 4182 829 4249 V¹;
847 4186 997 4242 corr.m.2
1091 4182 1125 4237 23
1142 4181 1204 4251 qni·

68 4275 129 4331 dam
150 4272 209 4331 (doz
236 4272 346 4343 quidem
363 4272 390 4326 V
489 4271 523 4326 25
540 4272 669 4326 musicam
686 4270 722 4326 V:
751 4269 869 4325 musices
888 4269 957 4326 GPo
