2760 4814
213 516 276 582 872
697 511 861 584 rugrpprr

212 704 356 789 quemuis
387 702 463 769 hoec
494 702 627 785 possunt
644 701 802 786 intellegi
833 701 928 767 etde
961 702 1046 767 terra
1079 699 1181 767 futuri
1217 701 1346 783 saeculi,

211 808 335 891 quando
355 806 416 873 orit
437 806 559 871 caelum
580 822 696 871 nouum
719 809 752 871 et
768 805 852 870 terra
867 821 957 883 noua,
980 803 1014 869 in
1037 822 1099 887 qua
1120 804 1234 871 iniusti
1257 804 1346 871 habi·

212 916 278 977 tare
300 930 361 976 uon
382 910 539 993 poterunt.
579 911 611 974 et
642 908 711 974 ideo
742 910 826 974 rocta
847 909 964 974 dicitur
985 907 1055 990 piis,
1087 908 1171 989 quod
1202 907 1279 991 ipsa
1305 908 1345 975 sit

210 1017 294 1080 terra
324 1032 441 1095 eorum,
475 1031 555 1097 quae
577 1013 643 1077 ulla
664 1032 700 1078 ex
723 1014 811 1095 parte
834 1031 894 1077 non
917 1012 976 1076 crit
1005 1012 1181 1093 impiorum,
1218 1012 1296 1093 quia
1315 1016 1345 1077 et

210 1121 277 1202 ipsa
298 1117 442 1183 similiter
464 1115 539 1181 data
561 1119 618 1195 est,
643 1116 765 1198 quando
788 1116 890 1180 danda
911 1113 1035 1179 firmata
1057 1116 1112 1178 est.
1358 1135 1370 1177 e

252 1239 402 1319 Quintam
418 1236 573 1321 Tyconius
591 1236 732 1320 regulam
745 1235 843 1317 ponit,
866 1253 960 1317 quam
977 1235 1035 1319 „de
1050 1234 1269 1317 temporibus“
1289 1254 1342 1318 ap·

209 1342 316 1426 pellat,
347 1360 408 1425 qua
433 1340 543 1425 regula
559 1341 742 1424 plerumque
765 1338 900 1405 inueniri
922 1338 972 1403 uel
995 1338 1095 1403 conici
1118 1338 1220 1419 possit
1244 1339 1341 1406 latens

209 1446 243 1511 in
279 1444 443 1528 scripturis
487 1446 603 1510 sanctis
646 1442 807 1527 quantitas
845 1444 1030 1526 temporum.
1076 1441 1197 1508 duobus
1237 1446 1340 1509 autem

209 1550 310 1615 modis
341 1550 448 1632 uigere
479 1550 557 1613 dicit
585 1548 665 1613 hanc
696 1548 849 1631 regulam,
881 1549 937 1611 aut
958 1547 1047 1628 tropo
1070 1546 1267 1628 synecdoche
1288 1550 1340 1611 aut

208 1653 359 1737 legitimis
389 1651 538 1717 numeris.
583 1656 672 1734 tropo
702 1649 888 1735 synecdoche
919 1652 1125 1731 anteparta
1148 1651 1258 1716 totum
1288 1652 1367 1715 auto

209 1775 228 1822 a
258 1756 323 1820 toto
355 1758 477 1837 partem
507 1753 586 1819 facit
618 1754 768 1837 intellegi,
812 1753 894 1818 sicut
927 1772 1007 1818 unus
1042 1753 1239 1836 euangelista
1272 1754 1338 1838 post

208 1858 274 1923 dies
304 1861 373 1924 octo
404 1857 519 1923 factum
551 1857 627 1923 dicit
656 1856 737 1940 quod
766 1856 847 1923 alius
877 1858 947 1937 post
979 1856 1044 1920 dios
1069 1875 1132 1933 sex,
1160 1858 1287 1939 quando
1308 1860 1337 1923 in

207 1964 313 2027 monte
336 1961 495 2043 discipulis
511 1963 635 2026 tantum
652 1960 754 2026 tribus
769 1960 986 2045 praesentibus
1003 1960 1099 2026 facias
1114 1960 1236 2026 domini
1252 1961 1336 2027 fulsit

207 2066 245 2131 ut
266 2065 313 2131 sol
336 2068 368 2130 et
391 2064 580 2131 uestimenta
603 2065 668 2129 eius
692 2068 727 2128 nt
748 2064 810 2129 nix.
840 2068 1008 2145 utrumque
1032 2065 1115 2128 enim
1138 2083 1253 2129 uerum
1275 2082 1335 2130 esec

206 2187 267 2235 non
296 2170 412 2252 posset,
435 2169 516 2250 quod
541 2169 578 2233 de
601 2187 730 2233 numero
753 2168 873 2233 dierum
896 2167 1015 2232 dictum
1039 2168 1098 2243 ast,
1122 2167 1185 2232 nisi
1208 2169 1265 2234 ille
1286 2167 1360 2250 quio

206 2270 299 2338 dixit:
323 2275 409 2355 post
432 2272 512 2337 dias
534 2274 618 2336 octo
641 2270 841 2353 intellegatur
856 2270 978 2353 partem
994 2270 1200 2336 nouissimum
1214 2272 1286 2353 diei,
1303 2289 1333 2335 ex

205 2394 265 2457 quo
288 2375 321 2439 id
336 2372 480 2439 Christus
502 2374 656 2457 praedixit
678 2374 830 2459 loturum,
847 2378 879 2438 ct
894 2374 1013 2456 partem
1029 2373 1166 2456 primam
1183 2375 1258 2461 diei,
1280 2391 1331 2459 quo

207 2477 240 2543 id
270 2478 408 2543 ostendit
437 2477 613 2561 impletum,
636 2495 691 2561 pro
714 2475 921 2543 totis'diebus
945 2477 1063 2543 duobus
1087 2481 1184 2559 atque
1206 2478 1330 2563 integris

205 2583 351 2664 posuisse,
375 2600 445 2646 eum
468 2598 541 2646 uero
556 2581 609 2662 qui
628 2579 724 2645 dixit:
751 2581 841 2662 post
862 2579 947 2645 dies
969 2597 1044 2665 sex,
1066 2578 1209 2663 integros
1233 2598 1329 2647 omncs

206 2684 239 2749 et
268 2684 360 2766 totos,
390 2684 445 2749 sed
474 2685 556 2750 solos
582 2682 700 2748 medios
723 2684 928 2767 computasse.
964 2682 1021 2747 hoc
1043 2684 1135 2748 modo
1160 2684 1352 2757 locutionise

205 2802 265 2869 quo
280 2785 502 2869 significatura
516 2790 605 2869 parte
618 2786 731 2866 totum,
748 2788 843 2851 etiam
858 2787 914 2851 illa
929 2786 966 2851 de
982 2785 1208 2853 resurrectione
1219 2787 1327 2854 christi

205 2887 340 2953 soluitur
369 2890 516 2970 quaestio.
554 2907 626 2971 pars
657 2889 737 2954 enim
769 2890 939 2955 nouissima
967 2889 1038 2963 diei,
1063 2908 1124 2971 quo
1146 2909 1257 2973 passus
1277 2892 1325 2966 est

204 2992 265 3058 nisi
287 3011 341 3075 pro
364 2993 430 3057 toto
453 2992 502 3057 die
524 2994 705 3076 accipiatur,
727 2993 761 3057 id
783 2995 831 3057 est
854 2991 1002 3058 adiuncta
1025 2994 1124 3058 otiam
1140 2996 1232 3060 nocte
1246 3011 1324 3077 prae·

203 3096 304 3175 teritn,
328 3096 361 3159 et
383 3112 451 3171 nox,
474 3095 507 3158 in
530 3096 616 3159 cuius
638 3098 727 3177 parte
749 3096 863 3160 ultima
885 3096 1060 3173 resurrexit,
1083 3096 1143 3161 nisi
1164 3098 1252 3163 totus
1270 3097 1325 3163 dios

203 3197 372 3280 accipiatur
408 3198 553 3263 adiuncto
588 3198 637 3263 die
669 3197 881 3262 inlucescente
915 3199 1078 3282 dominico,
1113 3217 1176 3265 non
1209 3199 1348 3284 possunte

203 3319 269 3366 asse
299 3304 362 3365 tres
392 3302 457 3365 dios
488 3302 519 3365 at
540 3302 604 3366 tres
628 3305 745 3379 noctes,
769 3301 881 3384 quibus
904 3320 936 3366 se
957 3303 991 3366 in
1014 3302 1104 3368 corde
1126 3305 1227 3369 terrae
1248 3321 1323 3386 prae

203 3403 283 3469 dixit
303 3404 454 3468 loturum.
488 3403 650 3489 legitimos
666 3408 772 3470 autem
791 3424 936 3471 numeros
952 3405 1039 3488 dicit,
1057 3423 1132 3489 quos
1147 3406 1322 3473 eminentius

203 3504 310 3572 diuina
339 3507 492 3588 scriptura
521 3507 725 3585 commendat,
757 3506 841 3573 sicut
866 3510 1076 3590 septenarium
1099 3511 1150 3575 uel
1174 3510 1321 3576 denarium

202 3608 254 3673 uel
276 3607 498 3675 duodenarium
521 3610 553 3675 et
575 3609 761 3693 quicumque
784 3611 840 3676 alii
863 3616 946 3691 sunt,
963 3630 1039 3695 quos
1055 3611 1188 3694 legendo
1203 3607 1319 3680 studiosi

303 3821 377 3879 2cl.
395 3824 476 3893 Apoc.
495 3823 569 3889 21,1
667 3824 700 3877 16
724 3822 789 3877 Luc.
807 3824 832 3889 9,
851 3822 885 3877 28
986 3823 1018 3878 19
1042 3823 1142 3879 naeth.
1163 3825 1205 3889 l'l,
1223 3822 1316 3893 lsqet

201 3903 281 3961 Marc
299 3907 360 3973 9,2
462 3909 496 3963 26
513 3909 546 3963 cf.
565 3907 664 3962 Matth.
685 3908 724 3975 12,
742 3909 778 3963 40

253 4101 268 4156 1
296 4104 410 4171 possunt
431 4103 467 4158 V:
498 4105 603 4173 possint
632 4105 699 4162 G'P
730 4107 817 4175 possit
846 4104 884 4161 θ’
987 4106 1154 4176 tpoterunt
1179 4108 1255 4165 0²1³:
1280 4116 1315 4173 po

200 4189 310 4241 anemae
328 4186 395 4243 ao'
477 4188 653 4259 otychonius
673 4190 729 4247 or>
818 4190 1051 4262 16diei1dieiP
1140 4193 1172 4248 17
1190 4194 1252 4259 uo,
1265 4183 1315 4262 qul

200 4270 254 4327 dici
269 4272 381 4341 quodP
462 4274 718 4346 20compotassel'
798 4276 904 4333 23toto
917 4278 954 4335 V:
972 4280 1071 4334 totoP
1155 4279 1191 4337 25
1208 4276 1316 4337 emuncto

203 4358 239 4413 V:
253 4357 379 4415 adiuncto
388 4358 491 4416 scilicet
501 4360 557 4417 GP
625 4363 668 4417 die
678 4364 855 4420 inlucescente
867 4364 931 4421 61²²
939 4365 973 4420 V:
987 4365 1058 4420 diem
1067 4364 1261 4423 lucescente?¹

197 4443 232 4500 26
249 4446 305 4500 tres
321 4445 379 4501 dies
397 4450 425 4503 et
443 4447 552 4504 GP'Vz
579 4464 630 4506 om.
649 4449 686 4506 P·
772 4451 1013 4522 allegiance?
1091 4468 1220 4509 numerus
1237 4453 1264 4509 P
