2760 4814
236 108 404 177 Excerpts
422 125 458 162 ex
476 125 545 179 opp.
565 109 592 163 S.
610 110 800 178 Augustini
825 110 916 166 CCLI.
934 110 1037 169 ectu.
1141 113 1203 179 821

65 318 165 385 quem
188 299 306 384 ingerit
327 300 483 379 sensibus,
512 300 597 365 aliud
619 301 737 383 aliquid
767 319 803 366 er
831 320 863 366 se
887 301 1004 366 inciens
1027 301 1061 365 in
1083 301 1203 385 cogite·

66 406 187 470 tionem
210 402 327 481 uenire,
351 404 433 469 sicut
456 404 588 486 uestigio
603 406 670 469 uiso
687 403 835 469 transisse
851 403 976 484 animai,
993 404 1084 470 euius
1101 404 1201 471 uesti-

65 508 158 592 gium
173 510 229 585 est,
252 508 428 589 cogitamus
451 510 483 571 et
504 504 591 572 inmo
619 507 686 571 uiso
708 506 813 591 ignem
832 507 960 573 subesse
988 508 1202 592 cognoscimus

66 612 101 676 et
123 628 198 677 uoce
222 611 390 675 animantis
417 611 526 677 auditu
560 610 753 676 affectionem
785 610 884 675 animi
913 610 980 676 eius
1008 612 1201 676 aduertimus

37 717 99 780 set
124 714 162 779 de
184 713 261 779 tuba
283 715 412 778 sonante
434 713 555 779 milites
586 713 638 778 uel
660 714 805 798 progredi
833 732 866 779 se
898 714 949 778 uel
971 714 1096 798 regredi
1118 715 1151 779 et
1172 716 1200 779 si

65 817 144 900 quid
167 817 254 881 uliud
276 834 383 900 pugno
403 817 541 898 postulet
565 820 705 899 oportere
726 822 891 882 nonerunt.
916 817 1077 900 signorum
1100 816 1200 901 igitur

65 921 133 985 alis
148 922 223 984 sunt
235 920 400 1000 naturalia,
417 921 479 985 clia
495 921 577 986 data.
599 921 758 986 naturalis
775 924 848 985 sunt
864 939 943 1002 quae
957 922 1022 986 sine
1036 920 1200 985 uoluntate

65 1025 163 1107 utque
184 1023 250 1087 ullo
273 1023 415 1106 appetitu
438 1023 634 1107 significandi
658 1029 835 1107 praetenso
859 1024 977 1106 aliquid
1000 1023 1198 1089 aliudesse

66 1127 215 1209 cognosci
238 1126 366 1207 iaciunt,
389 1127 483 1192 sicuti
505 1131 553 1193 est
574 1128 679 1193 fumus
695 1127 871 1211 significans
893 1129 1009 1213 ignem.
1022 1164 1025 1170 -
1038 1145 1099 1192 non
1115 1126 1199 1192 enim

23 1264 51 1302 ιο
65 1230 177 1296 uolens
193 1230 365 1312 significare
380 1231 413 1296 id
431 1231 515 1311 facit,
535 1232 589 1297 sed
605 1250 709 1296 rerum
725 1234 919 1314 expertarum
934 1230 1200 1296 animaduersione

63 1334 97 1399 et
121 1334 281 1400 notatione
304 1333 500 1418 cognoscitur
522 1334 628 1418 ignem
651 1334 784 1416 subesse,
808 1334 954 1399 etiamsi
978 1334 1083 1399 fumus
1110 1335 1196 1399 solus

63 1441 223 1521 appareat.
248 1436 302 1501 sed
318 1441 348 1502 et
371 1438 541 1522 uestigium
558 1437 728 1504 animantis
747 1436 940 1503 transeuntis
963 1437 1076 1503 adhoc
1097 1455 1196 1520 genus

61 1540 202 1625 pertinet
224 1544 255 1604 et
278 1541 386 1606 uultus
409 1542 481 1606 irati
505 1560 559 1606 seu
581 1542 682 1607 tristis
705 1542 900 1608 effectionem
916 1541 1015 1607 animi
1038 1540 1197 1625 significat

60 1646 163 1710 etiam
185 1644 273 1709 nulia
297 1645 363 1709 eius
386 1647 551 1710 uoluntate
574 1645 627 1727 qui
650 1646 706 1711 aut
729 1648 828 1711 iratus
851 1648 905 1710 sut
928 1645 1027 1710 tristis
1050 1647 1110 1729 est,
1139 1650 1194 1709 aut

23 1778 49 1818 15
59 1748 88 1812 si
112 1747 183 1830 quis
208 1748 290 1814 alius
312 1753 416 1814 motus
439 1749 536 1813 animi
559 1751 651 1815 uultu
674 1749 775 1816 indice
804 1750 956 1831 proditur,
985 1749 1082 1813 etium
1105 1748 1193 1815 nobis

59 1869 122 1916 non
146 1851 178 1916 id
202 1853 378 1934 egentibus,
401 1856 437 1918 ut
459 1853 619 1937 prodatur.

102 1973 188 2038 Data
210 1992 284 2039 uero
312 1973 403 2059 signa
425 1976 508 2059 sunt,
537 1974 698 2057 quaesibi
721 1992 859 2059 quaeque
887 1975 1027 2040 uidentiu
1058 1973 1192 2039 inuicem

58 2077 137 2143 dent
165 2077 204 2142 ad
232 2076 506 2156 demonstrandos,
535 2080 686 2160 quantum
708 2080 847 2160 possunt,
878 2079 982 2143 motus
1012 2076 1108 2142 animi
1142 2076 1192 2141 sui

59 2181 112 2245 uel
136 2198 228 2245 sensa
250 2181 306 2247 cut
333 2181 497 2246 intellecta
528 2182 695 2264 quaelibet,
733 2202 789 2247 nee
811 2182 878 2247 ulle
905 2200 997 2247 cansa
1025 2185 1072 2246 est
1102 2180 1193 2246 nobis

21 2283 274 2369 nsignifioundi,
305 2283 337 2349 id
363 2287 411 2349 est
434 2286 515 2369 signi
538 2285 639 2361 dandi,
663 2286 723 2351 nisi
746 2286 785 2351 sd
807 2286 1048 2370 depromendum
1071 2287 1103 2351 et
1125 2291 1191 2351 tra·

59 2388 218 2452 iciendum
242 2388 274 2451 in
296 2387 426 2453 alterius
451 2390 590 2453 animum
613 2391 644 2454 id
664 2391 745 2471 quod
768 2392 871 2454 animo
893 2390 974 2473 gerit
989 2390 1041 2472 qui
1066 2391 1191 2471 signum

58 2489 128 2555 dat.
151 2490 262 2555 horum
286 2491 386 2576 igitur
414 2492 575 2574 signorum
597 2512 706 2577 genus,
736 2494 888 2575 quantum
917 2492 956 2559 ed
978 2492 1117 2558 homines
1140 2498 1191 2557 at·

57 2594 153 2677 tinet,
177 2594 371 2659 considerare
386 2597 478 2677 atque
504 2597 638 2661 tractare
657 2596 835 2674 statuimus,
858 2598 931 2679 quia
953 2600 985 2662 et
1002 2598 1092 2681 signa
1107 2596 1190 2663 diui·

56 2696 144 2761 nitus
168 2697 250 2774 date,
274 2716 351 2780 quse
372 2699 406 2761 in
430 2698 595 2781 scripturis
616 2700 733 2765 sanctis
749 2701 956 2779 eontinentur,
976 2719 1031 2783 por
1047 2700 1188 2766 homines

20 2801 146 2871 sunobis
171 2800 311 2866 indicata
334 2804 416 2885 sunt,
441 2802 494 2885 qni
518 2821 553 2868 ea
576 2805 833 2887 conscripserunt.

106 3090 126 3145 2
149 3090 263 3159 uestigio
288 3090 370 3146 GPo:
400 3092 547 3159 uestigctio
570 3091 597 3146 V
705 3091 778 3145 bde
799 3089 867 3145 tnbs
889 3091 925 3146 V:
955 3090 1023 3144 tube
1047 3091 1119 3147 GPo

53 3176 180 3246 progredi
203 3192 231 3230 se
256 3177 340 3233 GVo:
371 3177 538 3246 progredisse
561 3180 585 3245 (s
607 3179 674 3245 ros.)
699 3178 727 3232 P
830 3179 863 3233 10
884 3180 1054 3246 experturum
1077 3178 1113 3234 V:
1143 3194 1187 3232 ex·

52 3263 199 3332 pecierunt
220 3279 238 3319 o
340 3263 597 3319 animaduersionem
620 3282 637 3320 o
747 3264 780 3318 12
801 3265 967 3319 transeuntis
991 3264 1139 3320 animantis
1161 3264 1187 3319 θ

51 3350 96 3407 Po
197 3349 230 3403 16
247 3350 309 3419 non]
328 3365 413 3406 onte
512 3350 614 3404 lisibi
633 3353 923 3418 (sectemini)
946 3351 972 3405 V
1065 3351 1187 3405 sidentis

53 3435 122 3491 PV:
152 3435 276 3490 uiuentis
296 3438 336 3490 Go
440 3435 473 3490 18
491 3436 559 3489 dant
576 3437 609 3490 nd
628 3436 697 3490 PV:
726 3436 848 3489 dundso
952 3436 984 3491 19
1003 3452 1081 3491 senos
1102 3436 1186 3493 GPo:

51 3538 132 3576 sensu
155 3520 182 3573 V
282 3521 317 3576 20
334 3521 540 3591 significandam
560 3523 587 3577 P
689 3522 760 3591 signi
780 3522 862 3577 dsndi
882 3522 977 3579 G'Pur
1007 3523 1085 3592 signs
1102 3523 1186 3578 dandi

52 3609 91 3665 θ’
121 3607 342 3678 significandiV
441 3608 475 3663 22
498 3609 593 3663 borum
620 3609 656 3663 V:
686 3607 856 3665 bonornmo
958 3610 993 3664 24
1015 3611 1045 3664 in
1068 3611 1102 3665 V:
1133 3628 1185 3666 om.
