2760 4814
211 310 273 379 142
696 309 860 386 eugippu

210 499 343 569 dieitur:
377 502 415 566 iu
444 499 641 584 priueipio
675 504 761 567 erst
793 500 970 581 uerbum,
1004 501 1042 567 et
1070 502 1227 567 uerbum
1257 505 1345 569 erut

210 607 313 687 upud
343 603 471 678 deum,
502 606 540 668 et
568 606 663 671 deus
694 606 778 670 eret
804 603 992 672 uerbum?
1025 622 1097 669 eum
1120 605 1203 669 euim
1226 606 1264 671 de
1286 606 1343 672 illo

206 705 340 777 dieitur:
370 708 500 773 omnis
528 725 596 790 per
625 705 758 790 ipsum
788 707 1031 785 dedissunt,
1065 707 1144 773 satis
1167 709 1344 776 ostenditur

209 814 242 877 et
263 810 318 877 lux
340 829 396 892 per
417 809 521 894 ipsum
544 809 640 892 fests,
671 827 743 875 cum
772 810 852 878 dixit
882 809 974 876 deus:
997 810 1077 876 fiet
1098 812 1174 876 lux.
1212 812 1345 894 quodsi

209 913 337 992 iisset,
360 916 523 981 aeteruum
547 916 596 979 est
618 914 700 997 quod
718 912 765 980 uit
786 914 882 980 deus:
906 913 982 978 fist
1005 914 1092 994 lux,
1114 917 1187 999 quis
1208 914 1344 983 uerbum

208 1016 268 1102 dei,
298 1019 373 1084 deus
404 1016 487 1100 apud
512 1017 616 1097 deum,
647 1015 730 1084 iilius
752 1019 861 1084 unicus
882 1017 942 1095 dei,
973 1018 1054 1100 putri
1077 1022 1257 1085 euueteruue
1282 1021 1342 1098 est,

210 1121 355 1204 quamuis
385 1121 442 1186 deo
470 1120 548 1187 haee
578 1121 612 1186 iu
635 1124 760 1188 esterno
789 1120 884 1186 uerbo
914 1120 1035 1187 diesute
1058 1122 1197 1187 ereatura
1219 1125 1343 1204 tempo·

209 1222 285 1289 ralis
314 1223 399 1291 fauts
429 1224 481 1289 sit.
521 1243 593 1291 eum
620 1224 703 1290 euim
726 1225 822 1291 uerba
843 1224 909 1290 siut
931 1224 1091 1307 temporis,
1114 1243 1184 1290 eum
1207 1224 1343 1291 dicimus

209 1327 333 1410 quaudo
356 1328 586 1411 utaliquando,
618 1331 781 1394 seteruuuu
811 1332 917 1394 tsmeu
945 1329 992 1394 est
1021 1328 1115 1394 uerbo
1138 1327 1188 1394 dei
1218 1328 1344 1412 quaudo

208 1428 279 1501 fieri
304 1429 422 1514 aliquid
445 1430 566 1511 debeat,
598 1431 630 1496 et
653 1435 728 1513 tuuc
757 1431 795 1496 fit
823 1430 944 1514 qusudo
974 1429 1041 1496 fieri
1063 1428 1209 1497 debuisse
1231 1432 1263 1497 iu
1286 1431 1357 1503 illo]

208 1532 303 1599 uerbo
327 1535 384 1609 est,
408 1533 442 1599 iu
464 1552 525 1617 quo
539 1551 601 1600 uou
616 1535 666 1600 est
688 1534 810 1617 quaudo
826 1535 1050 1618 utaliquando,
1074 1533 1221 1617 quonium
1236 1535 1342 1602 tutum

209 1634 290 1702 illud
313 1635 443 1701 uerbum
467 1637 630 1703 aeteruum
652 1641 710 1703 est.

251 1771 293 1837 ut
314 1773 389 1855 quid
411 1773 460 1837 est
481 1773 533 1838 lux
556 1773 633 1859 ipss,
657 1792 735 1857 quus
758 1774 843 1841 feste
865 1776 936 1840 est?
964 1775 1072 1840 utrum
1099 1774 1238 1858 spiritale
1266 1778 1344 1861 quid

210 1891 250 1939 su
274 1877 458 1958 corporate?
488 1878 517 1942 ei
537 1878 623 1944 enim
644 1878 796 1963 spiritale,
827 1881 929 1963 potest
951 1878 1021 1962 ipss
1042 1897 1106 1945 esse
1127 1878 1230 1962 prime
1252 1895 1343 1944 erea-

209 1980 281 2043 tura
313 1977 377 2044 ism
406 1981 464 2046 hoe
493 1981 576 2048 dieto
606 1981 750 2065 perfectu
784 2001 861 2064 quus
891 1983 992 2066 primo
1023 1983 1144 2048 eaelum
1181 1982 1343 2066 appellate

209 2081 267 2161 est,
300 2099 372 2148 eum
396 2083 601 2150 dictumest:
635 2087 674 2151 iu
704 2084 905 2169 principio
934 2086 1036 2151 feeit
1065 2085 1159 2150 deus
1189 2086 1344 2152 eaelum

208 2185 250 2250 et
270 2186 435 2263 terrsm3
462 2188 498 2250 ut
520 2188 601 2269 quod
631 2185 732 2252 dixit
754 2187 863 2251 deus:
888 2184 965 2251 siut
987 2185 1067 2268 lux,
1090 2187 1127 2251 et
1149 2184 1260 2250 faeta
1283 2188 1345 2251 est

209 2289 289 2370 lux,
314 2307 382 2355 sem
404 2292 570 2355 reueesute
592 2289 632 2354 ud
654 2308 688 2356 se
710 2290 846 2355 creature
869 2289 1029 2355 euuuersio
1051 2287 1118 2353 eius
1141 2286 1225 2353 fsets
1245 2291 1343 2372 atque

208 2393 399 2459 iulumiusts
420 2392 634 2477 intellegetur.
667 2397 697 2458 et
713 2411 768 2458 eur
789 2394 835 2459 its
850 2392 970 2459 dietum
993 2395 1056 2457 est:
1079 2392 1119 2457 iu
1141 2392 1343 2475 priueipio

208 2494 308 2561 feeit
337 2498 430 2562 deus
460 2497 614 2562 eaelum
645 2498 683 2562 et
711 2497 877 2576 terrum,
912 2498 944 2560 et
972 2513 1035 2561 uou
1064 2494 1184 2560 dictum
1208 2496 1274 2561 sstz
1309 2496 1343 2561 iu

208 2597 359 2682 principio
382 2598 462 2664 dixit
484 2600 578 2665 deus:
601 2599 658 2665 fist
672 2599 792 2666 eaelum
808 2602 841 2664 et
862 2601 955 2678 turus,
979 2600 1012 2664 et
1027 2598 1112 2665 seete
1127 2599 1202 2663 suut
1218 2598 1341 2664 eaelum

208 2702 242 2767 et
263 2703 356 2779 terre,
388 2704 470 2768 sieut
492 2704 530 2768 de
551 2704 622 2768 luce
643 2707 804 2769 narretur:
834 2703 940 2769 dixit
961 2703 1069 2781 deus,
1096 2703 1173 2768 fiat
1194 2702 1278 2781 lux,
1302 2705 1342 2769 et

208 2803 317 2870 isets
345 2809 405 2870 est
434 2806 522 2872 lux?
552 2809 660 2872 utrum
688 2805 774 2891 prius
803 2807 1024 2873 uniuersaliter
1055 2807 1180 2873 uomiue
1206 2805 1287 2872 eseli
1309 2806 1342 2872 et

207 2907 310 2973 terrae
340 2910 661 2993 eompreheudeudum
688 2912 755 2976 erat
783 2914 814 2976 et
845 2910 1125 2977 commendandum
1154 2910 1236 2993 qued
1265 2910 1341 2976 feeit

208 3010 294 3094 deus,
323 3016 356 3077 et
378 3013 490 3079 deiude
519 3031 573 3096 per
599 3015 704 3096 partes
734 3014 947 3097 exequendum
977 3017 1129 3098 quomode
1151 3013 1236 3092 feeit,
1268 3031 1341 3079 eum

207 3130 263 3195 per
284 3113 409 3198 siuguls
440 3116 569 3183 dieitur:
606 3117 708 3183 dixit
737 3116 850 3202 deus,
883 3117 987 3183 idest
1020 3117 1094 3200 quis
1121 3136 1177 3201 per
1206 3115 1340 3183 uerbum

208 3233 302 3283 suum
324 3218 399 3286 fecit
421 3218 571 3304 quidquid
592 3219 692 3287 feeit?

311 3438 551 3506 110.1,1ets

259 3647 344 3699 leret
355 3649 422 3698 ante
433 3644 504 3714 apud
516 3661 567 3703 oin.
582 3646 625 3702 Gv
713 3647 928 3703 sestis-fecte
942 3648 992 3702 0⁸:
1011 3647 1138 3702 om.tibri
1224 3648 1339 3718 5qu0d]

207 3744 259 3799 quo
276 3730 307 3784 D
376 3729 422 3785 lux
439 3745 490 3785 om.
507 3730 538 3785 D
610 3731 693 3788 tideo
711 3735 783 3802 petri
801 3734 856 3788 ΡΤ
921 3735 1081 3803 (ιόιιιιιιιιι
1098 3735 1128 3790 D
1202 3735 1340 3805 8tempo-

207 3816 277 3872 telis
304 3816 331 3871 P
432 3816 448 3870 9
476 3807 566 3871 uerbu'
586 3818 655 3873 DP²
757 3821 791 3875 10
816 3820 953 3877 debuisset
976 3821 1005 3876 iu
1029 3820 1106 3886 Mt&
1132 3824 1191 3876 tet
1209 3822 1220 3876 i
1237 3839 1256 3876 a
1274 3824 1339 3878 m

207 3904 238 3958 in
261 3902 289 3957 V
396 3902 428 3957 13
454 3903 589 3972 spiritalis
618 3905 689 3961 on
800 3906 1040 3978 quid-spiritsle
1066 3923 1116 3962 om.
1144 3906 1272 3963 D¹GP¹v

207 3988 242 4044 14
258 3990 381 4044 ereatura
398 4005 454 4044 esse
472 3989 559 4059 prima
576 3990 605 4045 P
698 3991 883 4063 17ut10s1>
978 3994 1011 4049 18
1028 3995 1170 4048 reuocante
1183 3995 1338 4050 sterestore

208 4074 261 4130 6³:
278 4077 446 4132 reuseuutem
459 4081 485 4131 et
497 4079 642 4132 exustorum
660 4077 725 4132 libri
817 4080 851 4134 19
861 4079 1033 4150 intellegitur
1045 4078 1145 4135 D¹G¹e
1233 4081 1268 4135 21
1287 4084 1338 4137 ter·

206 4176 265 4216 rem
282 4161 313 4215 D
414 4160 448 4216 22
471 4165 570 4218 terrm
593 4163 689 4218 DMV
787 4165 821 4221 23
845 4168 919 4222 caelu
942 4167 970 4220 P
1068 4165 1103 4221 24
1125 4166 1206 4237 quud]
1226 4182 1294 4235 quse
1317 4167 1338 4223 d

207 4247 273 4320 qD
300 4263 360 4304 eum
381 4248 424 4305 Ge
526 4248 561 4305 25
578 4252 728 4319 exequendo
746 4250 777 4304 D
879 4254 914 4308 26
931 4255 972 4307 est
989 4267 1040 4307 οιιι.
1057 4251 1099 4306 D¹
