2760 4814
219 310 282 374 764
701 305 863 375 Eugippii

217 502 321 563 tamen
352 496 506 560 inusitata
536 499 680 561 mutatio.
726 497 795 580 quis
825 499 930 560 autem
954 494 1075 559 animat
1103 512 1249 577 quaeque
1277 495 1344 560 niue

216 599 375 665 nascentia
404 599 465 662 nisi
495 598 549 680 qui
580 603 610 663 et
639 599 729 663 iilum
752 603 930 680 serpentem
953 600 991 663 ad
1013 597 1132 676 horam,
1165 598 1251 662 sient
1272 614 1342 679 epus

215 702 327 785 iuerat,
351 701 528 766 animauit?

258 822 299 886 Et
322 823 392 904 quis
415 821 551 887 reddidit
573 821 773 887 cadaueribus
796 821 917 887 animas
939 839 1020 895 suas,
1051 839 1124 886 eum
1146 822 1340 904 resurgerent

216 927 341 1003 mortui,
370 925 429 990 nisi
453 925 505 1007 qui
529 926 648 989 animat
671 943 777 990 carnes
801 927 832 988 in
856 924 952 988 uteris
974 928 1123 1003 matrum,
1146 927 1185 989 ut
1207 925 1363 990 orianturs

215 1029 381 1093 morituri?
415 1028 468 1093 sed
492 1047 562 1092 eum
586 1027 665 1092 fiunt
695 1029 750 1092 illa
778 1029 957 1092 continuato
980 1029 1065 1109 quasi
1089 1027 1228 1109 quodam
1250 1027 1337 1092 fluuio

214 1130 389 1197 labentium
412 1131 670 1213 manantiumque
692 1150 794 1195 rerum
817 1150 853 1194 ex
876 1131 995 1196 occulto
1017 1130 1051 1194 in
1066 1131 1229 1213 promtum
1252 1132 1336 1212 atque

214 1254 249 1300 ax
272 1240 393 1317 promto
416 1236 449 1299 in
473 1235 629 1299 occuitum
653 1236 770 1299 usitato
793 1233 907 1298 itinere
925 1234 1167 1311 transeuntium,
1185 1232 1337 1299 naturalia

212 1338 373 1413 dicuntum
401 1358 472 1403 cum
496 1357 568 1402 uero
591 1336 793 1402 admonendis
809 1336 988 1402 huminibus
1011 1335 1164 1402 inusitata
1179 1335 1334 1402 mutabili·

213 1444 278 1507 tate
301 1443 495 1524 ingeruntur,
519 1442 677 1522 magnalia
698 1440 921 1524 nominantem]
1340 1461 1359 1501 u

654 1728 899 1813 ΟΟΧΧΧΙΠΙ.

209 1899 377 1961 Qvouono
407 1901 444 1947 IN
478 1901 662 1949 ‘ramum
695 1903 737 1950 ΕΤ
766 1902 878 1950 PATER
907 1902 954 1949 AD
983 1899 1105 1949 mlvii
1135 1895 1332 1948 Panaciam

209 2002 261 2050 SIT
290 2004 334 2050 ΕΤ
364 2004 476 2051 PATER
504 2004 547 2051 ΕΤ
569 2003 682 2052 FILIVS
704 2006 752 2051 AD
775 2005 936 2053 svmmvm
958 2002 1126 2052 snucwvu.
1163 2003 1212 2050 EX
1235 1997 1332 2049 amno

537 2107 583 2154 DE
605 2108 789 2155 'I'RINI'I'ATE
812 2109 844 2167 V,
867 2108 896 2154 Τ.
920 2107 1007 2155 XIIII.

136 2231 200 2297 256
253 2225 367 2291 Vtrum
392 2230 496 2290 autem
520 2226 612 2290 etad
636 2227 783 2308 spiritum
805 2227 946 2292 sanetum
971 2224 1159 2308 principium
1183 2225 1228 2289 sit
1249 2226 1357 2307 patens

209 2330 350 2411 quaestio
378 2333 435 2409 est,
471 2329 551 2412 quia,
582 2330 629 2394 ita
656 2332 681 2395 si
704 2331 761 2413 est,
786 2348 847 2395 non
865 2333 925 2395 iam
947 2327 1138 2412 principium
1160 2326 1187 2392 ei
1211 2328 1329 2393 tantum

208 2434 254 2498 rei
282 2433 353 2511 erit,
383 2452 477 2515 quam
506 2434 608 2517 giguit
629 2435 684 2498 aut
707 2434 793 2512 iacit,
821 2437 871 2500 sed
896 2434 990 2499 etiam
1012 2432 1041 2497 ei
1063 2450 1158 2515 quam
1179 2434 1244 2497 dat.
1280 2427 1329 2494 uti

208 2537 239 2600 et
268 2535 347 2600 illud
376 2537 531 2616 elucescit,
561 2540 597 2600 ut
619 2540 731 2620 potest,
760 2538 841 2620 quod
869 2539 950 2603 solet
979 2536 1093 2602 multos
1123 2548 1329 2615 moueretur

209 2656 270 2703 nen
293 2638 337 2703 sit
358 2637 440 2703 filius
463 2640 559 2704 etiam
582 2640 712 2722 spiritus
735 2642 870 2720 sanctus,
895 2658 965 2706 eum
988 2645 1020 2705 at
1042 2641 1108 2720 ipse
1131 2658 1150 2703 a
1171 2641 1261 2721 patre
1282 2653 1329 2701 en·

208 2744 268 2818 eat,
291 2742 373 2806 sieut
394 2741 424 2805 in
448 2741 608 2825 euangelio
631 2742 757 2828 legitur.
786 2744 849 2808 exit
873 2743 954 2808 enim
978 2760 1038 2806 non
1053 2745 1207 2823 quomodo
1231 2744 1357 2812 natusne

206 2845 259 2910 sed
283 2845 434 2927 quomodo
456 2845 555 2920 datus,
580 2850 611 2910 et
633 2847 703 2912 ideo
726 2865 786 2910 non
809 2846 923 2912 dieitur
942 2843 1035 2926 iilius,
1059 2844 1134 2929 quia
1156 2862 1256 2927 neque
1278 2861 1329 2907 na·

206 2950 258 3011 tus
293 2953 338 3012 est
372 2947 454 3011 sieut
487 2949 675 3032 unigenitus,
710 2967 807 3031 neque
841 2948 954 3028 faetus,
989 2950 1024 3013 ut
1049 2966 1104 3031 per
1132 2946 1271 3031 gratiam
1299 2945 1329 3009 in

204 3051 402 3134 adoptionem
426 3056 609 3129 nasceretur,
633 3053 725 3116 sicuti
748 3070 813 3118 nos.
841 3052 921 3134 quod
946 3051 1028 3116 enim
1050 3053 1087 3116 de
1110 3052 1199 3133 patra
1222 3055 1329 3115 natum

203 3155 260 3237 eet,
283 3155 321 3218 ad
338 3158 460 3237 patrem
484 3155 585 3219 solum
608 3156 751 3232 refertur,
769 3172 839 3219 eum
856 3155 973 3220 dieitur
986 3153 1085 3231 iilius3
1111 3157 1143 3217 et
1158 3153 1228 3218 ideo
1246 3153 1329 3218 filius

202 3255 300 3337 patris
324 3262 380 3333 est,
404 3274 464 3321 non
488 3258 520 3321 et
542 3261 658 3322 noster.
695 3257 776 3338 quod
800 3259 905 3321 autem
928 3257 1037 3322 datum
1060 3254 1117 3337 est,
1141 3258 1175 3320 et
1195 3255 1237 3321 ad
1260 3274 1362 3323 eumne

201 3358 255 3439 qui
289 3359 377 3424 dedit
410 3359 543 3425 refertur
576 3366 608 3425 et
641 3360 680 3425 ad
713 3377 765 3424 eos
794 3360 905 3443 quibus
937 3360 1031 3425 dedit.
1068 3359 1174 3441 itaque
1201 3359 1332 3442 spiritus

302 3579 320 3631 4
338 3579 372 3632 ef.
391 3580 482 3634 steen.
499 3581 543 3646 aa,
561 3583 643 3650 ueqq.
746 3579 782 3634 ao
798 3581 832 3635 aa
849 3580 889 3637 10.
908 3581 949 3646 15,
967 3579 1002 3634 aa

252 3785 265 3837 l
286 3785 414 3855 quaeque]
434 3786 548 3855 quaequi
568 3785 606 3840 0¹
699 3787 763 3841 uiua
780 3787 915 3841 nascentia
934 3787 974 3842 θ’
990 3788 1023 3840 tn
1038 3802 1101 3857 mu:
1128 3801 1200 3841 nana
1216 3787 1332 3842 seientia

199 3868 255 3924 G¹v
352 3870 458 3924 ddunt
480 3871 545 3927 G¹u=
575 3871 660 3925 fidant
679 3870 760 3941 G¹(?)
862 3874 1117 3941 'tmanantiumque
1136 3872 1188 3928 0⁸:
1217 3889 1330 3929 manen·

197 3954 321 4023 tiumque
340 3955 395 4011 G¹e
498 3960 653 4026 promptum
678 3958 729 4014 0¹:
764 3962 890 4028 promptu
914 3958 969 4015 G'e
1072 3959 1253 4015 soeculum
1278 3961 1329 4016 0³:

196 4059 301 4113 sente
324 4059 378 4114 au
464 4061 495 4114 11
514 4077 574 4130 cap.
587 4060 766 4118 commui
784 4063 859 4117 mu:
877 4062 996 4117 aecae
1015 4062 1086 4118 aas
1174 4064 1207 4118 14
1224 4064 1261 4135 v]
1280 4046 1330 4151 ia

198 4168 278 4229 (con.
301 4178 335 4217 m.
354 4165 381 4231 1)
409 4162 436 4218 V
535 4163 570 4218 20
587 4164 669 4234 enim]
688 4165 742 4235 eni!
763 4165 833 4219 enim
856 4164 883 4220 V
983 4164 1018 4219 23
1039 4168 1195 4220 assonetur
1217 4184 1251 4221 a:
1283 4184 1331 4222 na·

196 4250 315 4303 staretur
336 4247 363 4303 V
