2760 4814
310 509 475 581 Excerpts
492 525 527 564 ex
545 526 616 580 opp.
633 510 661 566 S.
679 511 868 581 Augustini
890 512 943 567 CV.
1131 511 1195 579 365

64 699 209 785 moechis,
232 700 266 767 id
288 700 338 767 est
358 699 560 768 adulterium.
598 698 700 767 omnis
722 717 795 784 erge
817 699 958 766 meeehie
979 701 1076 766 etium
1096 700 1195 767 iorni·

63 802 141 869 estio
165 805 198 869 in
220 804 385 888 seripturis
415 804 541 871 dieitur.
572 806 625 870 sed
652 804 760 869 utrum
782 803 881 870 etism
902 805 1004 871 omnis
1029 803 1193 870 tornutio

60 907 203 975 moestis
235 908 297 975 diui
329 907 438 992 pessit,
465 907 499 975 iu
522 909 641 975 eisdem
669 908 831 991 seriptunis
864 926 925 975 nou
956 907 1036 974 mihi
1065 908 1195 973 interim

60 1011 197 1078 decurrit
231 1011 398 1078 locutionis
431 1012 619 1094 exemplum.
655 1011 709 1078 sed
737 1012 764 1078 si
797 1029 859 1077 non
892 1010 994 1076 omnis
1028 1011 1194 1077 fornicatio

39 1117 156 1182 estium
187 1114 329 1181 moechis
358 1115 419 1182 diei
440 1117 553 1199 potest,
583 1115 638 1182 nti
665 1114 764 1181 sitin
786 1115 935 1199 decalogo
957 1114 1117 1198 prohibite
1139 1113 1195 1180 ille

59 1216 240 1297 fornicatio,
274 1235 370 1302 quum
398 1217 518 1285 nenne
546 1219 618 1295 uiri,
651 1219 705 1302 qni
734 1235 844 1284 uxores
872 1235 935 1292 non
964 1216 1093 1296 hebent,
1125 1236 1197 1285 enm

59 1320 198 1402 feminis,
221 1338 303 1406 qnae
316 1320 447 1389 maritos
463 1338 524 1388 non
539 1321 666 1400 hebent,
685 1322 794 1389 utrum
808 1320 945 1389 inueniri
959 1319 1060 1403 pessit
1073 1319 1194 1404 ignoro.

60 1426 116 1490 sed
138 1424 169 1490 si
190 1421 271 1490 furti
293 1423 419 1490 nemine
442 1426 519 1490 bene
548 1423 743 1509 intellegitur
764 1423 867 1489 omnis
894 1421 1014 1489 inlicite
1035 1423 1196 1506 usurpetis

61 1526 108 1592 rei
131 1526 254 1593 utiense
275 1543 401 1592 -non
425 1524 509 1591 enim
538 1524 680 1609 rapinem
708 1526 853 1609 permisit
874 1526 928 1609 qni
950 1527 1070 1592 furtum
1091 1525 1197 1610 prohi-

29 1631 148 1713 nsbnit3
182 1628 239 1695 sed
260 1627 369 1712 utique
390 1647 410 1696 s
431 1629 523 1712 perte
548 1629 652 1695 totum
674 1615 818 1714 intellegi
839 1629 951 1713 noluit,
975 1626 1125 1713 quidquid
1148 1627 1197 1694 iu·

63 1732 153 1799 lieite
176 1748 281 1798 rernm
302 1731 434 1816 proximi
457 1731 611 1798 aufertur:
628 1769 670 1781 -
684 1732 821 1816 proiecte
838 1735 870 1798 et
891 1732 1016 1800 nomine
1036 1731 1196 1799 moechias

64 1834 169 1902 omnis
206 1833 346 1901 inlicitus
383 1835 565 1902 concubitus
603 1839 697 1920 etque
733 1837 859 1904 iliorum
893 1837 1102 1904 membrorum
1134 1854 1197 1902 non

65 1938 232 2025 legitimus
252 1955 329 2004 usus
351 1937 527 2022 prohibitus
549 1938 645 2006 debet
664 1938 817 2025 intellegi.

109 2042 153 2108 nt
175 2041 257 2126 qnod
279 2042 398 2108 dictum
421 2039 485 2108 est:
509 2060 581 2108 non
605 2043 862 2126 occides‚'n0n
876 2044 1052 2126 putendum
1067 2041 1199 2109 estfieri

29 2149 177 2212 neentis
197 2144 256 2210 hoe
277 2146 486 2228 praetentum,
514 2145 707 2229 qusndo'lex
730 2143 845 2211 desidit
863 2136 918 2210 ¹nel
940 2144 1038 2211 occidi
1061 2144 1199 2228 aliquem

60 2249 139 2316 deus
175 2250 272 2315 iubet
314 2248 369 2313 ille
403 2247 487 2314 enim
518 2248 596 2315 insit
627 2249 681 2332 qni
705 2246 803 2327 iubet,
838 2247 963 2332 qnando
985 2238 1198 2314 ministerium

61 2370 178 2439 negare
200 2370 263 2418 nen
284 2351 369 2418 lieet
842 2350 843 2355 ’

104 2455 145 2522 Iu
175 2473 210 2522 eo
241 2455 338 2521 etism
367 2455 449 2538 qnod
482 2455 604 2522 dietum
636 2457 701 2520 est:
735 2453 884 2521 islsnm
917 2454 1194 2520 testimonium

61 2578 135 2626 non
174 2558 285 2624 dices
322 2558 514 2624 sdnersns
550 2558 773 2642 proximum
809 2559 933 2637 tunm,
970 2557 1080 2640 questi
1117 2554 1198 2622 solet

24 2669 171 2728 antrum
193 2660 385 2745 prohititum
408 2661 450 2726 sit
473 2677 564 2726 omne
587 2659 802 2742 menducium
824 2677 864 2724 ne
887 2659 968 2724 ferte
990 2659 1117 2724 nonsit
1139 2657 1199 2722 hoe

61 2769 266 2851 praeseptum
295 2767 444 2830 aduersus
475 2782 525 2830 ees
556 2763 610 2847 qni
639 2763 749 2830 dieunt
778 2767 855 2829 tune
881 2779 949 2828 esse
970 2760 1197 2838 mentiendum,

62 2871 187 2953 qnuudu
220 2869 252 2935 id
286 2867 485 2934 mendacium
517 2867 643 2952 prodest
676 2867 772 2933 elicui
791 2871 833 2932 et
862 2864 943 2931 nihss
973 2864 1061 2932 obest
1092 2865 1121 2929 ei
1149 2865 1200 2931 eui

62 2970 224 3048 mentiris3
259 2971 323 3037 tsle
352 2969 467 3054 quippe
496 2986 559 3035 non
582 2975 630 3036 est
652 2969 801 3035 aduersum
823 2968 999 3052 proximum
1022 2972 1128 3052 tunm3
1162 2971 1200 3034 nt

63 3076 131 3141 ides
164 3073 310 3140 nidestnr
341 3072 412 3138 hoe
429 3071 586 3139 addidisse
616 3073 781 3156 suintune,
816 3089 895 3155 quse
924 3076 1032 3155 posset
1061 3069 1200 3139 breuiter

27 3178 183 3245 adiens:
219 3175 366 3242 fulsum
403 3174 680 3241 testimonium
717 3194 790 3241 non
826 3175 950 3254 dices,
986 3175 1070 3241 sieut
1103 3173 1199 3240 dixit:

64 3299 138 3347 usn
168 3278 344 3357 desides,
375 3294 449 3345 non
479 3277 767 3362 moechaberis,
796 3295 867 3344 non
891 3273 1107 3344 furaberis.
1145 3281 1199 3344 sed

65 3385 137 3450 hine
159 3401 277 3469 magus
298 3383 438 3467 qusestio
459 3385 509 3448 est
530 3400 586 3448 nee
604 3399 622 3448 e
638 3381 861 3448 festinantibus
876 3381 1037 3447 commode
1053 3380 1200 3464 eupliusri

64 3489 179 3572 petest,
210 3486 363 3569 quomodo
385 3485 600 3568 accipiendum
623 3486 681 3550 sit:
713 3488 852 3569 perdes
875 3503 1021 3564 omnes,
1055 3484 1121 3567 qui
1144 3485 1200 3550 ls-

167 3673 344 3739 what

118 3844 280 3900 lmesehis
295 3844 335 3914 id]
358 3843 479 3900 meeehii
494 3841 524 3900 id
547 3841 583 3898 Ρί
613 3841 746 3905 mesehsri
763 3823 838 3898 idi*
938 3833 1135 3899 tetrum-T

64 3932 164 4003 suti]
187 3932 259 3987 uude
280 3930 320 3986 P·
422 3929 579 4000 prohibente
597 3934 622 3997 (e
637 3931 670 3985 iss
687 3929 697 3983 i
715 3945 786 3986 een.
803 3946 838 3984 ns
855 3933 883 3997 2)
902 3930 930 3984 P
1031 3930 1126 4000 eqni]
1150 3946 1202 4000 qne

65 4020 98 4074 P
206 4016 417 4093 iisesuiuist’
518 4016 595 4088 quus]
614 4013 662 4089 qui
688 4018 728 4074 Te
829 4015 954 4073 inuenire
977 4016 1014 4072 Ρι
1123 4016 1200 4085 ssi]

63 4123 150 4162 σιν
244 4103 507 4174 summouisse
602 4101 972 4177 10spertelepsrteFV
1063 4102 1201 4158 ilrernm

66 4208 156 4246 rerum
172 4190 206 4246 V'
225 4192 398 4260 (nomm)
488 4189 655 4247 usminseV
745 4189 778 4246 12
795 4187 915 4246 inlicitos
933 4188 1089 4267 soneubitus
1106 4188 1135 4244 P

67 4277 98 4331 13
115 4275 255 4348 legitimus
273 4274 312 4330 P‘
397 4272 546 4345 prohibitos
563 4277 593 4337 P
677 4275 713 4331 20
729 4274 905 4345 mendesium]
924 4273 1083 4332 minutum
1096 4274 1133 4331 ΡΙ

66 4362 244 4431 tecle-ss
354 4359 680 4430 ttidl‘ideesdP'
784 4361 948 4431 ei]em.T
1057 4358 1206 4434 diessen

66 4449 109 4502 Ρτ
214 4445 492 4502 semesi
582 4447 766 4520 muueris?
870 4446 1117 4518 sserpnesrm
