<?xml version="1.0" encoding="UTF-8"?>
<!DOCTYPE html PUBLIC "-//W3C//DTD XHTML 1.0 Transitional//EN"
    "http://www.w3.org/TR/xhtml1/DTD/xhtml1-transitional.dtd">
<html xmlns="http://www.w3.org/1999/xhtml" xml:lang="en" lang="en">
 <head>
  <title>
</title>
<meta http-equiv="Content-Type" content="text/html;charset=utf-8" />
  <meta name='ocr-system' content='tesseract 3.04.00' />
  <meta name='ocr-capabilities' content='ocr_page ocr_carea ocr_par ocr_line ocrx_word'/>
</head>
<body>
  <div class='ocr_page' id='page_1' title='image "./evgippiiexcerpt00kngoog/evgippiiexcerpt00kngoog_0473.png"; bbox 0 0 2760 4814; ppageno 0'>
   <div class='ocr_carea' id='block_1_1' title="bbox 294 345 1197 421">
    <p class='ocr_par' dir='ltr' id='par_1_1' title="bbox 294 345 1197 421">
     <span class='ocr_line' id='line_1_1' title="bbox 294 345 1197 421; baseline 0.008 -22"><span class='ocrx_word' id='word_1_1' title='bbox 294 345 460 417; x_wconf 80' lang='lat' dir='ltr'><strong>Excerpte</strong></span> <span class='ocrx_word' id='word_1_2' title='bbox 478 364 514 402; x_wconf 82' lang='lat' dir='ltr'><strong>er</strong></span> <span class='ocrx_word' id='word_1_3' title='bbox 531 363 598 417; x_wconf 81' lang='lat' dir='ltr'><strong>opp</strong></span> <span class='ocrx_word' id='word_1_4' title='bbox 617 347 643 400; x_wconf 90' lang='lat' dir='ltr'><strong>S.</strong></span> <span class='ocrx_word' id='word_1_5' title='bbox 662 348 851 418; x_wconf 74' lang='lat' dir='ltr'><strong>Augustini</strong></span> <span class='ocrx_word' id='word_1_6' title='bbox 872 349 967 405; x_wconf 80' lang='lat' dir='ltr'><strong>cm</strong></span> <span class='ocrx_word' id='word_1_7' title='bbox 1131 352 1197 421; x_wconf 79' lang='grc'><strong>449</strong></span> 
     </span>
    </p>
   </div>
   <div class='ocr_carea' id='block_1_2' title="bbox 28 536 1195 2596">
    <p class='ocr_par' dir='ltr' id='par_1_2' title="bbox 28 536 1195 2596">
     <span class='ocr_line' id='line_1_2' title="bbox 56 536 1195 609; baseline 0.004 -7"><span class='ocrx_word' id='word_1_8' title='bbox 56 536 158 602; x_wconf 89' lang='lat' dir='ltr'><strong>rebus</strong></span> <span class='ocrx_word' id='word_1_9' title='bbox 188 536 302 601; x_wconf 82' lang='lat' dir='ltr'><strong>offendi</strong></span> <span class='ocrx_word' id='word_1_10' title='bbox 328 540 361 602; x_wconf 90' lang='lat' dir='ltr'><strong>et</strong></span> <span class='ocrx_word' id='word_1_11' title='bbox 384 556 488 602; x_wconf 90' lang='lat' dir='ltr'><strong>rerum</strong></span> <span class='ocrx_word' id='word_1_12' title='bbox 510 536 618 603; x_wconf 89' lang='lat' dir='ltr'><strong>ordine</strong></span> <span class='ocrx_word' id='word_1_13' title='bbox 648 538 819 604; x_wconf 78' lang='lat' dir='ltr'><strong>delectari?</strong></span> <span class='ocrx_word' id='word_1_14' title='bbox 851 556 953 604; x_wconf 90' lang='lat' dir='ltr'><strong>nonne</strong></span> <span class='ocrx_word' id='word_1_15' title='bbox 979 539 1037 606; x_wconf 88' lang='lat' dir='ltr'><strong>hoe</strong></span> <span class='ocrx_word' id='word_1_16' title='bbox 1064 540 1098 605; x_wconf 93' lang='lat' dir='ltr'><strong>in</strong></span> <span class='ocrx_word' id='word_1_17' title='bbox 1121 560 1195 609; x_wconf 91' lang='lat' dir='ltr'><strong>suae</strong></span> 
     </span>
     <span class='ocr_line' id='line_1_3' title="bbox 58 641 1194 729; baseline 0.005 -23"><span class='ocrx_word' id='word_1_18' title='bbox 58 641 188 706; x_wconf 84' lang='lat' dir='ltr'><strong>enimee</strong></span> <span class='ocrx_word' id='word_1_19' title='bbox 210 644 323 706; x_wconf 83' lang='lat' dir='ltr'><strong>natura</strong></span> <span class='ocrx_word' id='word_1_20' title='bbox 344 642 477 719; x_wconf 88' lang='lat' dir='ltr'><strong>inuenit,</strong></span> <span class='ocrx_word' id='word_1_21' title='bbox 501 658 595 725; x_wconf 88' lang='lat' dir='ltr'><strong>quem</strong></span> <span class='ocrx_word' id='word_1_22' title='bbox 618 641 677 707; x_wconf 89' lang='lat' dir='ltr'><strong>sibi</strong></span> <span class='ocrx_word' id='word_1_23' title='bbox 701 644 766 724; x_wconf 91' lang='lat' dir='ltr'><strong>ipse</strong></span> <span class='ocrx_word' id='word_1_24' title='bbox 790 660 850 707; x_wconf 94' lang='lat' dir='ltr'><strong>non</strong></span> <span class='ocrx_word' id='word_1_25' title='bbox 872 643 971 709; x_wconf 80' lang='lat' dir='ltr'><strong>feeit?</strong></span> <span class='ocrx_word' id='word_1_26' title='bbox 1002 663 1076 710; x_wconf 91' lang='lat' dir='ltr'><strong>nem</strong></span> <span class='ocrx_word' id='word_1_27' title='bbox 1098 664 1194 729; x_wconf 88' lang='lat' dir='ltr'><strong>quare</strong></span> 
     </span>
     <span class='ocr_line' id='line_1_4' title="bbox 58 743 1195 816; baseline 0.004 -6"><span class='ocrx_word' id='word_1_28' title='bbox 58 744 171 810; x_wconf 74' lang='lat' dir='ltr'><strong>ordine</strong></span> <span class='ocrx_word' id='word_1_29' title='bbox 205 763 266 810; x_wconf 91' lang='lat' dir='ltr'><strong>uon</strong></span> <span class='ocrx_word' id='word_1_30' title='bbox 300 744 430 810; x_wconf 92' lang='lat' dir='ltr'><strong>inuento</strong></span> <span class='ocrx_word' id='word_1_31' title='bbox 462 746 494 810; x_wconf 93' lang='lat' dir='ltr'><strong>in</strong></span> <span class='ocrx_word' id='word_1_32' title='bbox 528 743 622 810; x_wconf 87' lang='lat' dir='ltr'><strong>rebus</strong></span> <span class='ocrx_word' id='word_1_33' title='bbox 656 744 800 810; x_wconf 86' lang='lat' dir='ltr'><strong>humenis</strong></span> <span class='ocrx_word' id='word_1_34' title='bbox 835 746 929 811; x_wconf 91' lang='lat' dir='ltr'><strong>deum</strong></span> <span class='ocrx_word' id='word_1_35' title='bbox 962 765 1013 812; x_wconf 91' lang='lat' dir='ltr'><strong>res</strong></span> <span class='ocrx_word' id='word_1_36' title='bbox 1041 747 1195 816; x_wconf 88' lang='lat' dir='ltr'><strong>hnmanae</strong></span> 
     </span>
     <span class='ocr_line' id='line_1_5' title="bbox 58 847 1195 932; baseline 0.005 -19"><span class='ocrx_word' id='word_1_37' title='bbox 58 847 238 932; x_wconf 81' lang='lat' dir='ltr'><strong>gubernare</strong></span> <span class='ocrx_word' id='word_1_38' title='bbox 266 866 330 913; x_wconf 93' lang='lat' dir='ltr'><strong>non</strong></span> <span class='ocrx_word' id='word_1_39' title='bbox 359 848 470 927; x_wconf 86' lang='lat' dir='ltr'><strong>eredit,</strong></span> <span class='ocrx_word' id='word_1_40' title='bbox 501 847 564 912; x_wconf 91' lang='lat' dir='ltr'><strong>nisi</strong></span> <span class='ocrx_word' id='word_1_41' title='bbox 593 848 667 931; x_wconf 88' lang='lat' dir='ltr'><strong>quie</strong></span> <span class='ocrx_word' id='word_1_42' title='bbox 695 847 790 915; x_wconf 89' lang='lat' dir='ltr'><strong>rebus</strong></span> <span class='ocrx_word' id='word_1_43' title='bbox 819 848 1004 917; x_wconf 85' lang='lat' dir='ltr'><strong>inordinatis</strong></span> <span class='ocrx_word' id='word_1_44' title='bbox 1034 853 1195 919; x_wconf 82' lang='lat' dir='ltr'><strong>ordinatas</strong></span> 
     </span>
     <span class='ocr_line' id='line_1_6' title="bbox 37 951 1194 1038; baseline 0.003 -19"><span class='ocrx_word' id='word_1_45' title='bbox 37 970 250 1038; x_wconf 79' lang='lat' dir='ltr'><strong>epraeponere</strong></span> <span class='ocrx_word' id='word_1_46' title='bbox 265 952 453 1017; x_wconf 73' lang='lat' dir='ltr'>naturaliter</span> <span class='ocrx_word' id='word_1_47' title='bbox 465 952 576 1017; x_wconf 77' lang='lat' dir='ltr'><strong>nouit?</strong></span> <span class='ocrx_word' id='word_1_48' title='bbox 593 969 706 1034; x_wconf 80' lang='lat' dir='ltr'><strong>ergone</strong></span> <span class='ocrx_word' id='word_1_49' title='bbox 721 951 813 1018; x_wconf 88' lang='lat' dir='ltr'><strong>homo</strong></span> <span class='ocrx_word' id='word_1_50' title='bbox 828 952 948 1019; x_wconf 77' lang='lat' dir='ltr'><strong>iudicet</strong></span> <span class='ocrx_word' id='word_1_51' title='bbox 964 954 1194 1022; x_wconf 76' lang='lat' dir='ltr'><strong>ordinationem</strong></span> 
     </span>
     <span class='ocr_line' id='line_1_7' title="bbox 58 1053 1194 1139; baseline 0.003 -17"><span class='ocrx_word' id='word_1_52' title='bbox 58 1055 168 1138; x_wconf 84' lang='lat' dir='ltr'><strong>potins</strong></span> <span class='ocrx_word' id='word_1_53' title='bbox 202 1073 295 1139; x_wconf 88' lang='lat' dir='ltr'><strong>quam</strong></span> <span class='ocrx_word' id='word_1_54' title='bbox 324 1053 592 1137; x_wconf 73' lang='lat' dir='ltr'><strong>perturbationem</strong></span> <span class='ocrx_word' id='word_1_55' title='bbox 630 1055 773 1137; x_wconf 89' lang='lat' dir='ltr'><strong>operibue</strong></span> <span class='ocrx_word' id='word_1_56' title='bbox 809 1057 979 1121; x_wconf 82' lang='lat' dir='ltr'><strong>conuenire·</strong></span> <span class='ocrx_word' id='word_1_57' title='bbox 1010 1056 1124 1124; x_wconf 87' lang='lat' dir='ltr'><strong>diuinis</strong></span> <span class='ocrx_word' id='word_1_58' title='bbox 1163 1063 1194 1125; x_wconf 91' lang='lat' dir='ltr'><strong>et</strong></span> 
     </span>
     <span class='ocr_line' id='line_1_8' title="bbox 59 1157 1193 1241; baseline 0.002 -16"><span class='ocrx_word' id='word_1_59' title='bbox 59 1163 138 1226; x_wconf 85' lang='lat' dir='ltr'><strong>deus</strong></span> <span class='ocrx_word' id='word_1_60' title='bbox 167 1158 347 1223; x_wconf 86' lang='lat' dir='ltr'><strong>ordinatum</strong></span> <span class='ocrx_word' id='word_1_61' title='bbox 377 1157 529 1223; x_wconf 88' lang='lat' dir='ltr'><strong>iudicium</strong></span> <span class='ocrx_word' id='word_1_62' title='bbox 560 1176 620 1222; x_wconf 91' lang='lat' dir='ltr'><strong>non</strong></span> <span class='ocrx_word' id='word_1_63' title='bbox 644 1158 739 1223; x_wconf 84' lang='lat' dir='ltr'><strong>habet</strong></span> <span class='ocrx_word' id='word_1_64' title='bbox 762 1157 800 1221; x_wconf 87' lang='lat' dir='ltr'><strong>de</strong></span> <span class='ocrx_word' id='word_1_65' title='bbox 824 1157 1003 1225; x_wconf 90' lang='lat' dir='ltr'><strong>hominibus</strong></span> <span class='ocrx_word' id='word_1_66' title='bbox 1026 1161 1193 1241; x_wconf 89' lang='lat' dir='ltr'><strong>uniuersis,</strong></span> 
     </span>
     <span class='ocr_line' id='line_1_9' title="bbox 59 1260 1192 1346; baseline 0.004 -20"><span class='ocrx_word' id='word_1_67' title='bbox 59 1261 116 1346; x_wconf 86' lang='lat' dir='ltr'><strong>qui</strong></span> <span class='ocrx_word' id='word_1_68' title='bbox 147 1261 248 1327; x_wconf 90' lang='lat' dir='ltr'><strong>ordini</strong></span> <span class='ocrx_word' id='word_1_69' title='bbox 278 1280 405 1327; x_wconf 90' lang='lat' dir='ltr'><strong>sensum</strong></span> <span class='ocrx_word' id='word_1_70' title='bbox 435 1261 554 1327; x_wconf 84' lang='lat' dir='ltr'><strong>oreeuit</strong></span> <span class='ocrx_word' id='word_1_71' title='bbox 583 1263 614 1327; x_wconf 95' lang='lat' dir='ltr'><strong>in</strong></span> <span class='ocrx_word' id='word_1_72' title='bbox 641 1260 799 1344; x_wconf 74' lang='lat' dir='ltr'><strong>singulis?</strong></span> <span class='ocrx_word' id='word_1_73' title='bbox 833 1261 928 1327; x_wconf 86' lang='lat' dir='ltr'><strong>habet</strong></span> <span class='ocrx_word' id='word_1_74' title='bbox 949 1263 1052 1346; x_wconf 90' lang='lat' dir='ltr'><strong>plane,</strong></span> <span class='ocrx_word' id='word_1_75' title='bbox 1079 1263 1192 1343; x_wconf 79' lang='lat' dir='ltr'><strong>hebet3</strong></span> 
     </span>
     <span class='ocr_line' id='line_1_10' title="bbox 60 1364 1194 1450; baseline 0.003 -20"><span class='ocrx_word' id='word_1_76' title='bbox 60 1384 123 1431; x_wconf 94' lang='lat' dir='ltr'><strong>non</strong></span> <span class='ocrx_word' id='word_1_77' title='bbox 155 1364 277 1431; x_wconf 85' lang='lat' dir='ltr'><strong>dubitet</strong></span> <span class='ocrx_word' id='word_1_78' title='bbox 306 1366 415 1448; x_wconf 85' lang='lat' dir='ltr'><strong>pietas,</strong></span> <span class='ocrx_word' id='word_1_79' title='bbox 446 1366 506 1431; x_wconf 85' lang='lat' dir='ltr'><strong>etsi</strong></span> <span class='ocrx_word' id='word_1_80' title='bbox 537 1383 598 1430; x_wconf 94' lang='lat' dir='ltr'><strong>non</strong></span> <span class='ocrx_word' id='word_1_81' title='bbox 620 1364 855 1447; x_wconf 78' lang='lat' dir='ltr'><strong>comprehendit</strong></span> <span class='ocrx_word' id='word_1_82' title='bbox 885 1365 1062 1432; x_wconf 80' lang='lat' dir='ltr'><strong>infirmiter.</strong></span> <span class='ocrx_word' id='word_1_83' title='bbox 1101 1385 1194 1450; x_wconf 89' lang='lat' dir='ltr'><strong>opere</strong></span> 
     </span>
     <span class='ocr_line' id='line_1_11' title="bbox 28 1468 1192 1557; baseline 0 -21"><span class='ocrx_word' id='word_1_84' title='bbox 28 1468 223 1536; x_wconf 74' lang='lat' dir='ltr'><strong>refabrorum</strong></span> <span class='ocrx_word' id='word_1_85' title='bbox 260 1487 299 1534; x_wconf 91' lang='lat' dir='ltr'><strong>ee</strong></span> <span class='ocrx_word' id='word_1_86' title='bbox 334 1487 445 1553; x_wconf 87' lang='lat' dir='ltr'><strong>nempe</strong></span> <span class='ocrx_word' id='word_1_87' title='bbox 482 1469 667 1548; x_wconf 84' lang='lat' dir='ltr'><strong>laudamus,</strong></span> <span class='ocrx_word' id='word_1_88' title='bbox 712 1486 792 1551; x_wconf 89' lang='lat' dir='ltr'><strong>quae</strong></span> <span class='ocrx_word' id='word_1_89' title='bbox 828 1468 978 1552; x_wconf 81' lang='lat' dir='ltr'><strong>inspicere</strong></span> <span class='ocrx_word' id='word_1_90' title='bbox 1014 1488 1192 1557; x_wconf 85' lang='lat' dir='ltr'><strong>possumus,</strong></span> 
     </span>
     <span class='ocr_line' id='line_1_12' title="bbox 60 1570 1195 1656; baseline 0.004 -20"><span class='ocrx_word' id='word_1_91' title='bbox 60 1571 314 1638; x_wconf 82' lang='lat' dir='ltr'><strong>mechanicorum</strong></span> <span class='ocrx_word' id='word_1_92' title='bbox 336 1576 443 1637; x_wconf 86' lang='lat' dir='ltr'><strong>eutem</strong></span> <span class='ocrx_word' id='word_1_93' title='bbox 458 1574 621 1656; x_wconf 80' lang='lat' dir='ltr'><strong>stupemus</strong></span> <span class='ocrx_word' id='word_1_94' title='bbox 637 1572 678 1656; x_wconf 86' lang='lat' dir='ltr'><strong>et,</strong></span> <span class='ocrx_word' id='word_1_95' title='bbox 701 1570 761 1637; x_wconf 92' lang='lat' dir='ltr'><strong>nisi</strong></span> <span class='ocrx_word' id='word_1_96' title='bbox 784 1572 893 1655; x_wconf 79' lang='lat' dir='ltr'><strong>eperia</strong></span> <span class='ocrx_word' id='word_1_97' title='bbox 908 1572 1003 1656; x_wconf 84' lang='lat' dir='ltr'><strong>atque</strong></span> <span class='ocrx_word' id='word_1_98' title='bbox 1018 1574 1195 1640; x_wconf 84' lang='lat' dir='ltr'><strong>monstrata</strong></span> 
     </span>
     <span class='ocr_line' id='line_1_13' title="bbox 60 1673 1193 1760; baseline 0.002 -21"><span class='ocrx_word' id='word_1_99' title='bbox 60 1673 190 1757; x_wconf 87' lang='lat' dir='ltr'><strong>fuerint,</strong></span> <span class='ocrx_word' id='word_1_100' title='bbox 214 1693 267 1741; x_wconf 90' lang='lat' dir='ltr'><strong>eos</strong></span> <span class='ocrx_word' id='word_1_101' title='bbox 289 1674 497 1757; x_wconf 88' lang='lat' dir='ltr'><strong>impossibilia</strong></span> <span class='ocrx_word' id='word_1_102' title='bbox 518 1674 658 1758; x_wconf 88' lang='lat' dir='ltr'><strong>potuisse</strong></span> <span class='ocrx_word' id='word_1_103' title='bbox 681 1673 843 1740; x_wconf 88' lang='lat' dir='ltr'><strong>miramur.</strong></span> <span class='ocrx_word' id='word_1_104' title='bbox 878 1693 933 1739; x_wconf 89' lang='lat' dir='ltr'><strong>eur</strong></span> <span class='ocrx_word' id='word_1_105' title='bbox 955 1694 1028 1760; x_wconf 83' lang='lat' dir='ltr'><strong>ergo</strong></span> <span class='ocrx_word' id='word_1_106' title='bbox 1050 1677 1088 1741; x_wconf 89' lang='lat' dir='ltr'><strong>do</strong></span> <span class='ocrx_word' id='word_1_107' title='bbox 1109 1676 1193 1741; x_wconf 87' lang='lat' dir='ltr'><strong>iudi-</strong></span> 
     </span>
     <span class='ocr_line' id='line_1_14' title="bbox 60 1775 1193 1860; baseline 0 -18"><span class='ocrx_word' id='word_1_108' title='bbox 60 1777 116 1842; x_wconf 79' lang='lat' dir='ltr'><strong>ciis</strong></span> <span class='ocrx_word' id='word_1_109' title='bbox 146 1779 198 1844; x_wconf 91' lang='lat' dir='ltr'><strong>dei</strong></span> <span class='ocrx_word' id='word_1_110' title='bbox 220 1779 286 1844; x_wconf 81' lang='lat' dir='ltr'><strong>tem</strong></span> <span class='ocrx_word' id='word_1_111' title='bbox 316 1781 433 1844; x_wconf 87' lang='lat' dir='ltr'><strong>temere</strong></span> <span class='ocrx_word' id='word_1_112' title='bbox 464 1777 639 1844; x_wconf 81' lang='lat' dir='ltr'><strong>iudicamus</strong></span> <span class='ocrx_word' id='word_1_113' title='bbox 661 1778 693 1842; x_wconf 85' lang='lat' dir='ltr'><strong>et</strong></span> <span class='ocrx_word' id='word_1_114' title='bbox 719 1775 817 1842; x_wconf 88' lang='lat' dir='ltr'><strong>diuini</strong></span> <span class='ocrx_word' id='word_1_115' title='bbox 839 1775 940 1860; x_wconf 90' lang='lat' dir='ltr'><strong>operis</strong></span> <span class='ocrx_word' id='word_1_116' title='bbox 962 1778 1112 1858; x_wconf 87' lang='lat' dir='ltr'><strong>ordinem,</strong></span> <span class='ocrx_word' id='word_1_117' title='bbox 1137 1778 1193 1843; x_wconf 90' lang='lat' dir='ltr'><strong>ubi</strong></span> 
     </span>
     <span class='ocr_line' id='line_1_15' title="bbox 60 1881 1192 1965; baseline 0.002 -20"><span class='ocrx_word' id='word_1_118' title='bbox 60 1899 121 1947; x_wconf 93' lang='lat' dir='ltr'><strong>non</strong></span> <span class='ocrx_word' id='word_1_119' title='bbox 154 1882 349 1965; x_wconf 86' lang='lat' dir='ltr'><strong>potuerimus</strong></span> <span class='ocrx_word' id='word_1_120' title='bbox 371 1881 487 1960; x_wconf 85' lang='lat' dir='ltr'><strong>uidere,</strong></span> <span class='ocrx_word' id='word_1_121' title='bbox 516 1882 703 1947; x_wconf 86' lang='lat' dir='ltr'><strong>festinamus</strong></span> <span class='ocrx_word' id='word_1_122' title='bbox 731 1899 858 1965; x_wconf 87' lang='lat' dir='ltr'><strong>negare,</strong></span> <span class='ocrx_word' id='word_1_123' title='bbox 892 1881 1058 1947; x_wconf 86' lang='lat' dir='ltr'><strong>laudantes</strong></span> <span class='ocrx_word' id='word_1_124' title='bbox 1087 1883 1192 1965; x_wconf 91' lang='lat' dir='ltr'><strong>proui-</strong></span> 
     </span>
     <span class='ocr_line' id='line_1_16' title="bbox 32 1984 1192 2067; baseline 0.002 -18"><span class='ocrx_word' id='word_1_125' title='bbox 32 1985 200 2051; x_wconf 82' lang='lat' dir='ltr'><strong>udentiem</strong></span> <span class='ocrx_word' id='word_1_126' title='bbox 238 1984 387 2051; x_wconf 82' lang='lat' dir='ltr'><strong>creatoris</strong></span> <span class='ocrx_word' id='word_1_127' title='bbox 421 1987 453 2050; x_wconf 93' lang='lat' dir='ltr'><strong>in</strong></span> <span class='ocrx_word' id='word_1_128' title='bbox 485 1987 631 2052; x_wconf 89' lang='lat' dir='ltr'><strong>arborum</strong></span> <span class='ocrx_word' id='word_1_129' title='bbox 664 1984 747 2050; x_wconf 86' lang='lat' dir='ltr'><strong>foliis</strong></span> <span class='ocrx_word' id='word_1_130' title='bbox 781 1985 814 2048; x_wconf 85' lang='lat' dir='ltr'><strong>et</strong></span> <span class='ocrx_word' id='word_1_131' title='bbox 851 2003 920 2050; x_wconf 88' lang='lat' dir='ltr'><strong>eam</strong></span> <span class='ocrx_word' id='word_1_132' title='bbox 952 2003 1013 2050; x_wconf 93' lang='lat' dir='ltr'><strong>non</strong></span> <span class='ocrx_word' id='word_1_133' title='bbox 1042 1987 1192 2067; x_wconf 88' lang='lat' dir='ltr'><strong>putantes</strong></span> 
     </span>
     <span class='ocr_line' id='line_1_17' title="bbox 60 2087 1191 2172; baseline 0.002 -19"><span class='ocrx_word' id='word_1_134' title='bbox 60 2105 122 2153; x_wconf 88' lang='lat' dir='ltr'><strong>esse</strong></span> <span class='ocrx_word' id='word_1_135' title='bbox 144 2087 179 2155; x_wconf 93' lang='lat' dir='ltr'><strong>in</strong></span> <span class='ocrx_word' id='word_1_136' title='bbox 201 2088 297 2154; x_wconf 84' lang='lat' dir='ltr'><strong>rebus</strong></span> <span class='ocrx_word' id='word_1_137' title='bbox 319 2087 475 2172; x_wconf 89' lang='lat' dir='ltr'><strong>humanis,</strong></span> <span class='ocrx_word' id='word_1_138' title='bbox 505 2105 562 2153; x_wconf 88' lang='lat' dir='ltr'><strong>nee</strong></span> <span class='ocrx_word' id='word_1_139' title='bbox 583 2089 687 2171; x_wconf 85' lang='lat' dir='ltr'><strong>potius</strong></span> <span class='ocrx_word' id='word_1_140' title='bbox 710 2087 978 2171; x_wconf 80' lang='lat' dir='ltr'><strong>inuestigabiliter</strong></span> <span class='ocrx_word' id='word_1_141' title='bbox 1000 2091 1032 2153; x_wconf 88' lang='lat' dir='ltr'><strong>et</strong></span> <span class='ocrx_word' id='word_1_142' title='bbox 1054 2089 1191 2155; x_wconf 87' lang='lat' dir='ltr'><strong>latenter</strong></span> 
     </span>
     <span class='ocr_line' id='line_1_18' title="bbox 60 2191 1190 2276; baseline -0.001 -18"><span class='ocrx_word' id='word_1_143' title='bbox 60 2192 200 2259; x_wconf 79' lang='lat' dir='ltr'><strong>ordinem</strong></span> <span class='ocrx_word' id='word_1_144' title='bbox 229 2212 335 2258; x_wconf 89' lang='lat' dir='ltr'><strong>rerum</strong></span> <span class='ocrx_word' id='word_1_145' title='bbox 365 2191 572 2258; x_wconf 90' lang='lat' dir='ltr'><strong>humanarum</strong></span> <span class='ocrx_word' id='word_1_146' title='bbox 597 2209 720 2257; x_wconf 90' lang='lat' dir='ltr'><strong>eurrore</strong></span> <span class='ocrx_word' id='word_1_147' title='bbox 744 2192 909 2270; x_wconf 89' lang='lat' dir='ltr'><strong>oredimus,</strong></span> <span class='ocrx_word' id='word_1_148' title='bbox 938 2211 1031 2276; x_wconf 86' lang='lat' dir='ltr'><strong>quern</strong></span> <span class='ocrx_word' id='word_1_149' title='bbox 1054 2192 1105 2257; x_wconf 89' lang='lat' dir='ltr'><strong>uel</strong></span> <span class='ocrx_word' id='word_1_150' title='bbox 1128 2193 1190 2258; x_wconf 93' lang='lat' dir='ltr'><strong>im-</strong></span> 
     </span>
     <span class='ocr_line' id='line_1_19' title="bbox 60 2294 1192 2379; baseline 0.001 -19"><span class='ocrx_word' id='word_1_151' title='bbox 60 2314 202 2362; x_wconf 87' lang='lat' dir='ltr'><strong>mensum</strong></span> <span class='ocrx_word' id='word_1_152' title='bbox 225 2296 485 2379; x_wconf 78' lang='lat' dir='ltr'><strong>comprehendere</strong></span> <span class='ocrx_word' id='word_1_153' title='bbox 507 2294 560 2360; x_wconf 89' lang='lat' dir='ltr'><strong>uei</strong></span> <span class='ocrx_word' id='word_1_154' title='bbox 582 2295 743 2360; x_wconf 86' lang='lat' dir='ltr'><strong>oeeultum</strong></span> <span class='ocrx_word' id='word_1_155' title='bbox 764 2294 917 2378; x_wconf 78' lang='lat' dir='ltr'><strong>inspicere</strong></span> <span class='ocrx_word' id='word_1_156' title='bbox 939 2313 999 2359; x_wconf 93' lang='lat' dir='ltr'><strong>non</strong></span> <span class='ocrx_word' id='word_1_157' title='bbox 1025 2294 1192 2361; x_wconf 75' lang='lat' dir='ltr'><strong>ualemus?</strong></span> 
     </span>
     <span class='ocr_line' id='line_1_20' title="bbox 61 2398 1192 2482; baseline 0.002 -19"><span class='ocrx_word' id='word_1_158' title='bbox 61 2399 112 2464; x_wconf 83' lang='lat' dir='ltr'><strong>sed</strong></span> <span class='ocrx_word' id='word_1_159' title='bbox 134 2417 243 2465; x_wconf 87' lang='lat' dir='ltr'><strong>rernm</strong></span> <span class='ocrx_word' id='word_1_160' title='bbox 266 2399 417 2464; x_wconf 88' lang='lat' dir='ltr'><strong>diuinitus</strong></span> <span class='ocrx_word' id='word_1_161' title='bbox 439 2398 660 2464; x_wconf 84' lang='lat' dir='ltr'><strong>institutarum</strong></span> <span class='ocrx_word' id='word_1_162' title='bbox 676 2398 799 2464; x_wconf 90' lang='lat' dir='ltr'><strong>ordines</strong></span> <span class='ocrx_word' id='word_1_163' title='bbox 822 2398 995 2482; x_wconf 79' lang='lat' dir='ltr'><strong>manifesti,</strong></span> <span class='ocrx_word' id='word_1_164' title='bbox 1019 2404 1055 2462; x_wconf 84' lang='lat' dir='ltr'><strong>ex</strong></span> <span class='ocrx_word' id='word_1_165' title='bbox 1078 2398 1192 2481; x_wconf 89' lang='lat' dir='ltr'><strong>quibus</strong></span> 
     </span>
     <span class='ocr_line' id='line_1_21' title="bbox 35 2498 1000 2596; baseline -0.002 -28"><span class='ocrx_word' id='word_1_166' title='bbox 35 2504 254 2569; x_wconf 80' lang='lat' dir='ltr'><strong>seonieiantur</strong></span> <span class='ocrx_word' id='word_1_167' title='bbox 275 2501 399 2584; x_wconf 85' lang='lat' dir='ltr'><strong>oeculti,</strong></span> <span class='ocrx_word' id='word_1_168' title='bbox 423 2500 540 2567; x_wconf 86' lang='lat' dir='ltr'><strong>feriunt</strong></span> <span class='ocrx_word' id='word_1_169' title='bbox 562 2503 660 2568; x_wconf 85' lang='lat' dir='ltr'><strong>etiam</strong></span> <span class='ocrx_word' id='word_1_170' title='bbox 681 2503 785 2596; x_wconf 85' lang='lat' dir='ltr'><strong>oculos</strong></span> <span class='ocrx_word' id='word_1_171' title='bbox 807 2498 1000 2590; x_wconf 87' lang='lat' dir='ltr'><strong>impiorum]</strong></span> 
     </span>
    </p>
   </div>
   <div class='ocr_carea' id='block_1_3' title="bbox 64 2791 1191 2943">
    <p class='ocr_par' dir='ltr' id='par_1_3' title="bbox 64 2791 1191 2943">
     <span class='ocr_line' id='line_1_22' title="bbox 108 2791 1191 2861; baseline -0.005 -13"><span class='ocrx_word' id='word_1_172' title='bbox 108 2795 121 2848; x_wconf 88' lang='lat'>1</span> <span class='ocrx_word' id='word_1_173' title='bbox 142 2792 280 2847; x_wconf 77' lang='lat' dir='ltr'><strong>delectere</strong></span> <span class='ocrx_word' id='word_1_174' title='bbox 300 2791 337 2847; x_wconf 79' lang='lat'><strong>0¹</strong></span> <span class='ocrx_word' id='word_1_175' title='bbox 364 2791 492 2846; x_wconf 84' lang='lat' dir='ltr'><strong>dileetere</strong></span> <span class='ocrx_word' id='word_1_176' title='bbox 511 2791 550 2847; x_wconf 88' lang='lat' dir='ltr'><strong>P²</strong></span> <span class='ocrx_word' id='word_1_177' title='bbox 636 2792 752 2861; x_wconf 66' lang='lat' dir='ltr'><strong>iquem</strong></span> <span class='ocrx_word' id='word_1_178' title='bbox 772 2791 828 2847; x_wconf 77' lang='lat' dir='ltr'><strong>Ge:</strong></span> <span class='ocrx_word' id='word_1_179' title='bbox 854 2807 921 2861; x_wconf 77' lang='lat' dir='ltr'><strong>quse</strong></span> <span class='ocrx_word' id='word_1_180' title='bbox 940 2791 995 2846; x_wconf 81' lang='lat' dir='ltr'><strong>PT</strong></span> <span class='ocrx_word' id='word_1_181' title='bbox 1077 2791 1191 2847; x_wconf 84' lang='lat' dir='ltr'><strong>5nouit</strong></span> 
     </span>
     <span class='ocr_line' id='line_1_23' title="bbox 64 2884 1190 2943; baseline -0.003 -2"><span class='ocrx_word' id='word_1_182' title='bbox 64 2886 166 2943; x_wconf 75' lang='lat' dir='ltr'><em>G¹PT=</em></span> <span class='ocrx_word' id='word_1_183' title='bbox 195 2902 250 2941; x_wconf 92' lang='lat' dir='ltr'><strong>non</strong></span> <span class='ocrx_word' id='word_1_184' title='bbox 272 2887 352 2940; x_wconf 86' lang='lat' dir='ltr'><strong>nouit</strong></span> <span class='ocrx_word' id='word_1_185' title='bbox 375 2886 431 2942; x_wconf 80' lang='lat' dir='ltr'><strong>G’o</strong></span> <span class='ocrx_word' id='word_1_186' title='bbox 543 2885 646 2940; x_wconf 84' lang='lat' dir='ltr'><strong>iudieet</strong></span> <span class='ocrx_word' id='word_1_187' title='bbox 676 2885 729 2941; x_wconf 57' lang='grc' dir='ltr'><strong>(Ρη</strong></span> <span class='ocrx_word' id='word_1_188' title='bbox 843 2885 860 2941; x_wconf 85' lang='grc'>8</span> <span class='ocrx_word' id='word_1_189' title='bbox 886 2885 976 2940; x_wconf 90' lang='lat' dir='ltr'><strong>ordini</strong></span> <span class='ocrx_word' id='word_1_190' title='bbox 1001 2885 1066 2940; x_wconf 79' lang='lat' dir='ltr'><strong>PT:</strong></span> <span class='ocrx_word' id='word_1_191' title='bbox 1096 2884 1190 2939; x_wconf 82' lang='lat' dir='ltr'><strong>ordino</strong></span> 
     </span>
    </p>
   </div>
   <div class='ocr_carea' id='block_1_4' title="bbox 59 2978 1190 3551">
    <p class='ocr_par' dir='ltr' id='par_1_4' title="bbox 59 2978 1190 3551">
     <span class='ocr_line' id='line_1_24' title="bbox 63 2978 1190 3076; baseline -0.005 -12"><span class='ocrx_word' id='word_1_192' title='bbox 63 3008 101 3065; x_wconf 79' lang='lat' dir='ltr'><strong>(ie</strong></span> <span class='ocrx_word' id='word_1_193' title='bbox 205 3007 235 3062; x_wconf 90' lang='lat' dir='ltr'><strong>in</strong></span> <span class='ocrx_word' id='word_1_194' title='bbox 254 3007 330 3063; x_wconf 67' lang='lat' dir='ltr'><strong>Pr:</strong></span> <span class='ocrx_word' id='word_1_195' title='bbox 355 3024 405 3064; x_wconf 86' lang='lat' dir='ltr'><strong>om.</strong></span> <span class='ocrx_word' id='word_1_196' title='bbox 426 3007 508 3063; x_wconf 61' lang='lat' dir='ltr'><strong>owe</strong></span> <span class='ocrx_word' id='word_1_197' title='bbox 611 3008 627 3061; x_wconf 86' lang='lat'>9</span> <span class='ocrx_word' id='word_1_198' title='bbox 649 3008 740 3076; x_wconf 80' lang='lat' dir='ltr'><strong>opere]</strong></span> <span class='ocrx_word' id='word_1_199' title='bbox 758 3023 808 3062; x_wconf 81' lang='lat' dir='ltr'><strong>om.</strong></span> <span class='ocrx_word' id='word_1_200' title='bbox 828 3005 867 3061; x_wconf 75' lang='lat'><strong>1²¹</strong></span> <span class='ocrx_word' id='word_1_201' title='bbox 971 3006 1004 3061; x_wconf 89' lang='lat'><strong>10</strong></span> <span class='ocrx_word' id='word_1_202' title='bbox 1025 2978 1146 3059; x_wconf 68' lang='lat' dir='ltr'><strong>taborum</strong></span> <span class='ocrx_word' id='word_1_203' title='bbox 1166 3009 1190 3070; x_wconf 88' lang='lat' dir='ltr'><strong>(r</strong></span> 
     </span>
     <span class='ocr_line' id='line_1_25' title="bbox 61 3099 1189 3171; baseline -0.004 -12"><span class='ocrx_word' id='word_1_204' title='bbox 61 3104 120 3159; x_wconf 72' lang='lat' dir='ltr'><strong>aaa</strong></span> <span class='ocrx_word' id='word_1_205' title='bbox 137 3106 217 3171; x_wconf 64' lang='lat' dir='ltr'><strong>m)</strong></span> <span class='ocrx_word' id='word_1_206' title='bbox 236 3102 265 3157; x_wconf 94' lang='lat' dir='ltr'><strong><em>P</em></strong></span> <span class='ocrx_word' id='word_1_207' title='bbox 347 3101 543 3157; x_wconf 69' lang='lat' dir='ltr'><strong>landemarii*</strong></span> <span class='ocrx_word' id='word_1_208' title='bbox 631 3103 661 3156; x_wconf 88' lang='grc'><strong>11</strong></span> <span class='ocrx_word' id='word_1_209' title='bbox 680 3101 907 3156; x_wconf 83' lang='lat' dir='ltr'><strong>moechenioorum</strong></span> <span class='ocrx_word' id='word_1_210' title='bbox 928 3101 998 3156; x_wconf 78' lang='lat' dir='ltr'><strong>GPo</strong></span> <span class='ocrx_word' id='word_1_211' title='bbox 1024 3099 1189 3154; x_wconf 64' lang='lat' dir='ltr'><strong>moe-eueni-</strong></span> 
     </span>
     <span class='ocr_line' id='line_1_26' title="bbox 60 3195 1189 3267; baseline -0.004 -15"><span class='ocrx_word' id='word_1_212' title='bbox 60 3197 314 3267; x_wconf 76' lang='lat' dir='ltr'><strong>ornm(nrue.)1&#39;</strong></span> <span class='ocrx_word' id='word_1_213' title='bbox 414 3197 468 3250; x_wconf 87' lang='lat' dir='ltr'><strong>nisi</strong></span> <span class='ocrx_word' id='word_1_214' title='bbox 488 3195 589 3252; x_wconf 76' lang='lat' dir='ltr'><strong>o³PT=</strong></span> <span class='ocrx_word' id='word_1_215' title='bbox 615 3196 667 3251; x_wconf 74' lang='lat' dir='ltr'><strong>sie·</strong></span> <span class='ocrx_word' id='word_1_216' title='bbox 686 3196 724 3251; x_wconf 63' lang='grc' dir='ltr'><strong>θ’</strong></span> <span class='ocrx_word' id='word_1_217' title='bbox 755 3197 813 3252; x_wconf 84' lang='lat' dir='ltr'><strong>siu</strong></span> <span class='ocrx_word' id='word_1_218' title='bbox 917 3195 1075 3265; x_wconf 75' lang='lat' dir='ltr'><strong>latomere]</strong></span> <span class='ocrx_word' id='word_1_219' title='bbox 1093 3195 1189 3250; x_wconf 87' lang='lat' dir='ltr'><strong>timere</strong></span> 
     </span>
     <span class='ocr_line' id='line_1_27' title="bbox 60 3289 1188 3361; baseline -0.003 -13"><span class='ocrx_word' id='word_1_220' title='bbox 60 3294 94 3348; x_wconf 81' lang='grc' dir='ltr'><strong>Ρ·</strong></span> <span class='ocrx_word' id='word_1_221' title='bbox 183 3294 219 3350; x_wconf 81' lang='grc'><strong>15</strong></span> <span class='ocrx_word' id='word_1_222' title='bbox 234 3295 362 3361; x_wconf 84' lang='lat' dir='ltr'><strong>putentes</strong></span> <span class='ocrx_word' id='word_1_223' title='bbox 379 3307 435 3345; x_wconf 85' lang='lat' dir='ltr'><strong>esse</strong></span> <span class='ocrx_word' id='word_1_224' title='bbox 452 3291 531 3347; x_wconf 81' lang='lat' dir='ltr'><strong>P‘T:</strong></span> <span class='ocrx_word' id='word_1_225' title='bbox 557 3293 656 3361; x_wconf 83' lang='lat' dir='ltr'><strong>putent</strong></span> <span class='ocrx_word' id='word_1_226' title='bbox 672 3305 730 3345; x_wconf 86' lang='lat' dir='ltr'><strong>esse</strong></span> <span class='ocrx_word' id='word_1_227' title='bbox 748 3289 841 3346; x_wconf 77' lang='lat' dir='ltr'><strong>G¹P¹e</strong></span> <span class='ocrx_word' id='word_1_228' title='bbox 927 3290 1065 3346; x_wconf 77' lang='lat' dir='ltr'><strong>nurerum</strong></span> <span class='ocrx_word' id='word_1_229' title='bbox 1086 3289 1188 3345; x_wconf 78' lang='lat' dir='ltr'><strong><em>G¹PT=</em></strong></span> 
     </span>
     <span class='ocr_line' id='line_1_28' title="bbox 59 3385 1188 3462; baseline -0.003 -22"><span class='ocrx_word' id='word_1_230' title='bbox 59 3388 134 3442; x_wconf 86' lang='lat' dir='ltr'><strong>rebus</strong></span> <span class='ocrx_word' id='word_1_231' title='bbox 155 3387 212 3443; x_wconf 85' lang='lat' dir='ltr'><strong>G²o</strong></span> <span class='ocrx_word' id='word_1_232' title='bbox 298 3386 488 3440; x_wconf 84' lang='lat' dir='ltr'><strong>institutarum</strong></span> <span class='ocrx_word' id='word_1_233' title='bbox 507 3385 571 3440; x_wconf 83' lang='lat' dir='ltr'><strong>PT:</strong></span> <span class='ocrx_word' id='word_1_234' title='bbox 598 3385 721 3439; x_wconf 81' lang='lat' dir='ltr'><strong>instituit</strong></span> <span class='ocrx_word' id='word_1_235' title='bbox 734 3389 766 3439; x_wconf 86' lang='lat' dir='ltr'><strong>ut</strong></span> <span class='ocrx_word' id='word_1_236' title='bbox 778 3386 874 3440; x_wconf 87' lang='lat' dir='ltr'><strong>herum</strong></span> <span class='ocrx_word' id='word_1_237' title='bbox 895 3385 949 3462; x_wconf 73' lang='grc' dir='ltr'><strong>(ᾕύ</strong></span> <span class='ocrx_word' id='word_1_238' title='bbox 975 3385 1188 3439; x_wconf 83' lang='lat' dir='ltr'><strong>instititutarum</strong></span> 
     </span>
     <span class='ocr_line' id='line_1_29' title="bbox 60 3480 433 3551; baseline -0.005 -14"><span class='ocrx_word' id='word_1_239' title='bbox 60 3483 94 3537; x_wconf 70' lang='lat'><strong>⁶¹</strong></span> <span class='ocrx_word' id='word_1_240' title='bbox 200 3481 235 3536; x_wconf 78' lang='lat'><strong>20</strong></span> <span class='ocrx_word' id='word_1_241' title='bbox 250 3483 386 3551; x_wconf 89' lang='lat' dir='ltr'><strong>impurum</strong></span> <span class='ocrx_word' id='word_1_242' title='bbox 405 3480 433 3536; x_wconf 90' lang='lat' dir='ltr'><strong><em>P</em></strong></span> 
     </span>
    </p>
   </div>
   <div class='ocr_carea' id='block_1_5' title="bbox 0 0 1384 4814">
    <p class='ocr_par' dir='ltr' id='par_1_5' title="bbox 0 0 1384 4814">
     <span class='ocr_line' id='line_1_30' title="bbox 0 0 1384 4814; baseline 0 2"><span class='ocrx_word' id='word_1_243' title='bbox 0 0 1384 4814; x_wconf 95' lang='lat' dir='ltr'><strong> </strong></span> 
     </span>
    </p>
   </div>
  </div>
 </body>
</html>
