2760 4814
138 293 222 361 1054
618 285 782 355 llngippii

138 479 326 562 temporibus
361 476 514 556 oriuntur,
548 475 713 542 condendis
746 473 904 541 adbibere.
943 475 982 541 de
1019 496 1083 560 qua
1114 477 1267 562 sapientis

137 582 337 648 dictumest:
359 578 571 663 portendit
593 599 612 646 a
634 580 721 645 line
744 583 933 662 usquead
955 580 1080 646 linem
1102 580 1265 648 fortiter

136 686 189 763 et,
217 703 278 750 non
301 683 397 748 dixit:
429 681 592 764 disposuit,
622 683 692 746 sed:
717 682 896 764 disponit
918 684 1052 747 omnia
1074 683 1265 750 suauiter.

136 788 273 854 multum
304 791 350 852 est
371 786 456 851 enim
479 785 531 850 uel
551 784 690 849 tenuiter
711 803 826 867 sapere,
851 785 1004 867 quomodo
1026 786 1265 851 commutabilia

135 894 167 955 et
194 889 379 971 temporalia
407 906 468 953 non
496 886 773 952 commutabilibus
803 888 834 953 et
863 888 1093 969 temporalibus
1121 890 1291 955 creatoriss

136 991 285 1076 metibus,
306 992 359 1056 sod
382 993 516 1066 aeterna,
539 989 647 1055 stabili
669 992 787 1055 uirtute
811 991 993 1055 condantur.

574 1296 823 1382 CCCXXXVI.

184 1489 231 1535 Du
253 1488 386 1535 Amnius
410 1487 635 1547 QVAESTIONE.
671 1488 717 1534 EX
740 1488 906 1535 EPISTVLA
929 1488 1038 1536 svm
1061 1487 1217 1540 SCRIPTA.

65 1625 130 1694 ada
180 1623 238 1689 Vis
271 1625 368 1690 otiam
401 1643 457 1708 per
484 1643 534 1689 me
564 1627 653 1708 scire,
683 1626 788 1690 utrum
818 1624 868 1690 dei
895 1624 987 1689 flatus
1016 1624 1072 1690 ille
1101 1626 1135 1692 in
1164 1627 1258 1694 Adam

134 1726 217 1794 idem
252 1729 317 1811 ipso
346 1728 388 1792 sit
416 1728 531 1794 anima.
568 1730 704 1794 breuiter
733 1730 918 1811 respondeo:
952 1732 1008 1793 aut
1035 1728 1106 1811 ipse
1135 1732 1185 1795 est
1211 1740 1285 1796 autu

134 1831 201 1915 ipso
224 1831 330 1897 anima
352 1831 436 1897 facta
458 1832 515 1895 est.
545 1831 600 1895 sed
622 1831 702 1896 etsi
725 1832 792 1914 ipse
814 1832 871 1913 est,
895 1830 993 1897 lectus
1009 1833 1070 1896 est.
1105 1834 1143 1898 de
1159 1834 1259 1900 anima

136 1934 248 2018 quippe
263 1934 400 2017 loquitur
416 1952 471 2016 per
486 1934 611 1999 Esaiam
627 1935 810 2018 prophetam
825 1937 909 2015 deus,
925 1933 979 1999 ubi
995 1935 1090 1999 dicit:
1114 1955 1257 2002 omnem

136 2036 280 2102 flatum
309 2055 375 2120 ego
404 2037 491 2104 feci.
530 2037 611 2119 qnod
643 2040 804 2119 sequentia
832 2038 910 2103 satis
938 2037 1094 2114 indicant;
1123 2042 1258 2122 sequitur

133 2140 233 2206 enim:
257 2146 420 2224 propter
446 2145 650 2224 peccatum
680 2141 869 2206 modicum
899 2142 993 2223 quid
1015 2142 1256 2209 contristaui

133 2242 264 2323 illurn,
294 2245 324 2309 id
355 2245 403 2309 est
430 2244 532 2326 ipsum
561 2243 681 2324 flatum,
711 2247 743 2308 et
772 2247 881 2327 cetera,
905 2262 982 2326 quae
1008 2244 1074 2309 nisi
1096 2248 1134 2312 ds
1158 2247 1282 2312 animan

134 2347 273 2412 humana
300 2347 443 2431 intellegi
473 2349 637 2429 nequeant.
674 2348 707 2413 in
738 2348 795 2413 bac
817 2349 900 2413 enim
922 2350 1103 2430 quaestione
1125 2351 1254 2416 maxime

133 2449 306 2515 cauendum
336 2455 392 2533 est,
426 2469 464 2514 ne
493 2450 598 2515 anima
620 2468 682 2514 nou
705 2470 723 2515 a
745 2453 801 2516 deo
823 2451 907 2517 facta
928 2456 1050 2529 natura,
1086 2455 1141 2519 sod
1164 2454 1254 2538 ipsius

133 2552 185 2618 dei
212 2553 398 2629 substantia,
428 2555 591 2636 tamquam
620 2555 799 2637 unigenitus
822 2554 871 2620 dei
895 2554 989 2631 filius,
1012 2556 1095 2638 quod
1118 2560 1168 2622 est
1191 2575 1254 2622 uer·

131 2656 206 2721 bum
230 2655 306 2733 eius,
336 2660 389 2721 aut
419 2657 613 2738 aliquantus
639 2658 795 2740 particula
820 2677 885 2723 esse
907 2659 1062 2723 credatur.
1098 2660 1253 2744 tamquam

130 2758 188 2824 illa
222 2761 334 2825 natura
367 2762 460 2841 atque
494 2758 679 2838 substantia,
717 2779 779 2843 qun
818 2761 893 2826 deus
933 2763 979 2827 est
1015 2762 1169 2846 quidquid
1200 2766 1281 2841 estu

131 2861 364 2927 commutabilis
387 2881 454 2927 esse
476 2863 590 2946 possit3
613 2865 694 2945 quod
716 2881 781 2928 esse
802 2865 939 2930 animam
961 2883 1052 2931 nemo
1075 2884 1136 2931 uon
1152 2868 1252 2944 sentit,

131 2966 184 3049 qui
217 2985 250 3031 se
283 2964 398 3030 habere
431 2966 568 3031 animam
602 2966 709 3031 sentit
754 2985 827 3032 nam
861 2967 942 3050 quod
978 2968 1094 3034 attinet
1126 2971 1254 3036 adsim

132 3069 293 3152 originem,
317 3087 377 3151 qua
399 3068 446 3144 lit,
462 3072 497 3135 ut
519 3070 561 3134 sit
583 3069 615 3134 in
640 3087 774 3152 torpore,
796 3073 903 3135 utrum
926 3073 964 3136 de
987 3071 1040 3136 illo
1064 3089 1125 3137 uno
1147 3074 1189 3137 sit
1204 3072 1253 3155 qni

131 3174 267 3257 primum
289 3174 413 3237 oreatus
436 3177 493 3251 est,
514 3174 635 3255 quando
651 3172 753 3238 sactus
770 3173 922 3238 esthemo
937 3175 969 3237 in
984 3174 1124 3240 animam
1138 3176 1252 3249 uiuam,

132 3295 173 3343 an
205 3275 351 3341 similiter
382 3275 461 3341 fiant
494 3276 627 3359 siugulis
660 3277 810 3358 singulae,
845 3296 900 3342 nec
928 3278 1005 3341 tuuc
1034 3279 1173 3345 sciebam
1201 3297 1281 3346 uecs

131 3377 233 3445 adbuc
255 3378 329 3444 scio.

231 3617 326 3687 osup.
343 3620 368 3684 s,
390 3617 402 3671 1
510 3618 541 3672 12
558 3618 601 3672 ns.
620 3618 662 3685 st,
682 3620 763 3688 resq.
866 3619 901 3673 24
917 3619 950 3673 c.
969 3619 1035 3675 sen.
1052 3620 1114 3686 no

179 3837 197 3890 3
222 3839 286 3905 nou]
311 3855 329 3892 11
349 3841 431 3908 prior
449 3855 482 3895 cc
504 3839 567 3906 dli)
586 3856 655 3894 eoru.
672 3845 742 3895 m.1
770 3840 795 3894 V
894 3844 1041 3898 basterna
1057 3844 1155 3899 stabili
1181 3845 1254 3901 HV:

130 3927 237 3979 aeterna
254 3927 282 3977 at
299 3924 394 3980 stabili
411 3942 430 3980 a
517 3926 610 3997 'leap-
623 3926 803 3984 CCCXXXVI
821 3930 894 3984 MV:
924 3948 974 3985 om.
994 3931 1050 3987 GP
1136 3934 1171 3988 18
1188 3939 1256 3989 tam·

128 4024 210 4079 quam
226 4025 257 4064 a:
287 4012 344 4064 tam
362 4011 427 4067 MV
816 4029 823 4044 ·
