2760 4814
233 307 397 377 Excerpta
414 324 451 362 ex
469 325 537 379 opp.
556 308 582 362 S.
601 309 787 379 Augustini
810 309 900 367 ccvl.
919 310 1025 367 CCVII.
1128 314 1193 382 673

69 497 135 564 aliis
167 498 345 565 homiuibus
374 499 488 565 habens
519 500 688 565 animalem
719 501 902 582 portionem,
937 501 970 567 in
992 503 1063 568 aliis
1085 507 1191 572 autem

69 602 249 686 opiritalem.
280 607 318 670 ad
334 605 484 669 animales
508 605 647 685 pertinet
668 610 759 671 uetus
782 607 1018 681 testamentum,
1042 607 1081 672 ad
1096 607 1192 689 spiri·

69 708 143 773 tales
165 726 292 772 nouum.
324 708 378 772 sed
402 707 510 789 primis
533 708 727 790 temporibus
750 709 918 791 utrumque
941 710 1096 777 occultum
1119 710 1191 791 ruit,

69 811 103 875 ab
127 810 230 875 Adam
260 830 357 893 usqne
381 811 419 875 ad
442 811 561 876 Mosen.
601 830 619 875 a
639 810 726 877 Mose
754 814 861 876 autem
883 811 1122 879 manifestatum
1144 816 1193 879 est

69 914 157 979 uetus
180 919 211 978 et
233 916 267 979 in
294 932 328 979 eo
350 915 418 997 ipso
434 913 648 978 occultabatur
663 932 789 991 nouum,
813 914 886 997 quia
900 917 1018 982 occulte
1033 916 1191 1001 signifiea-

69 1018 165 1082 batur.
203 1019 310 1100 postea
338 1035 412 1082 uero
435 1036 528 1099 quam
555 1017 587 1081 in
611 1036 701 1082 carue
724 1018 867 1082 <lominus
889 1019 985 1098 uenit,
1015 1019 1191 1086 reuelatum

69 1122 112 1184 est
146 1137 280 1205 nouum;
313 1121 427 1186 ueteris
462 1121 567 1185 autem
601 1123 797 1186 sumomonte
826 1121 995 1204 cessarunt,
1033 1122 1088 1188 sed
1119 1141 1190 1187 eou-

69 1225 270 1306 cupisoentiae
301 1225 379 1289 tales
409 1241 470 1289 non
500 1227 710 1289 cessauerunt.
748 1225 781 1288 in
812 1224 875 1290 illis
905 1225 989 1290 enim
1018 1225 1093 1289 sunt
1114 1244 1191 1307 quoe

69 1328 223 1410 apostolus
245 1331 308 1394 iam
331 1349 385 1411 per
409 1333 640 1393 sacramentum
663 1328 735 1393 noui
758 1327 939 1403 testamenti
961 1330 1060 1406 natos,
1090 1329 1194 1394 adhue

69 1434 172 1496 tamen
201 1432 279 1496 dicit
307 1432 456 1497 animales
487 1449 547 1496 non
570 1448 659 1513 posse
681 1432 838 1515 peroipere
866 1449 945 1514 qnae
967 1434 1040 1497 suut
1061 1431 1192 1514 spiritus

69 1534 124 1600 lei.
164 1534 355 1600 sicutenim
384 1536 416 1600 in
440 1535 642 1601 sacramentis
676 1534 793 1600 ueteris
827 1537 1009 1601 testamenti
1042 1536 1193 1621 uinebant

69 1637 192 1720 puidam
215 1638 381 1720 spiritales,
413 1638 451 1702 ad
474 1657 589 1702 nouum
613 1638 732 1704 scilicet
754 1639 989 1716 testamentum,
1013 1638 1095 1720 quod
1117 1640 1193 1704 tuuc

69 1740 290 1820 occultabatur,
321 1743 442 1807 occulte
465 1742 663 1825 pertinentes,
699 1742 745 1806 sie
776 1746 807 1807 et
829 1760 911 1807 nuno
943 1741 976 1806 in
997 1745 1192 1808 sacramento

69 1843 138 1909 noui
161 1847 353 1925 testamenti,
376 1848 456 1928 quod
479 1846 542 1910 iam
558 1846 731 1911 reuelatum
748 1846 804 1921 est,
827 1846 967 1928 plerique
989 1847 1103 1911 uiuunt
1124 1846 1193 1911 ani·

69 1947 173 2014 males.
209 1951 259 2030 qui
282 1949 430 2031 proficere
452 1949 480 2013 ei
502 1949 614 2013 nolunt
629 1948 668 2012 ad
691 1948 889 2032 percipienda
911 1950 1078 2031 quaesunt
1099 1951 1193 2033 spiri·

69 2054 116 2117 tus
146 2052 205 2134 dei,
240 2070 299 2135 quo
323 2070 373 2117 eos
398 2053 541 2118 hortatur
568 2071 669 2119 sermo
691 2052 886 2135 apostolicus,
923 2054 962 2118 ael
984 2054 1074 2116 uetus
1096 2053 1192 2117 testa-

69 2157 206 2220 mentum
222 2156 439 2240 pertinebunt3
464 2156 492 2220 si
506 2158 610 2221 autem
627 2155 802 2238 proficiunt,
827 2157 858 2220 et
875 2156 1041 2237 antequam
1069 2156 1194 2237 capiant

69 2259 133 2341 ipso
156 2258 297 2341 proiectu
313 2261 345 2324 et
360 2277 487 2324 necessu
503 2258 542 2324 ad
565 2279 680 2324 nouum
703 2258 864 2343 pertinent
894 2261 936 2339 et,
960 2259 988 2322 ei
1011 2258 1193 2340 priusquam

69 2362 221 2445 spiritales
244 2362 321 2426 fiant
343 2382 378 2427 er
400 2363 459 2428 hac
480 2363 548 2427 uita
569 2364 744 2446 rapiuntur,
768 2362 917 2428 custoditi
932 2381 987 2445 per
1004 2360 1190 2427 sacrament

69 2465 269 2529 sanctitatem
301 2466 334 2529 in
368 2469 451 2530 terra
485 2466 661 2530 uiuentium
695 2469 926 2548 computantur,
960 2467 1014 2531 ubi
1044 2469 1093 2531 est
1121 2485 1192 2548 spes

69 2571 172 2633 nostra
194 2571 226 2633 et
247 2569 348 2651 portio
372 2569 526 2634 dominus.
550 2588 607 2635 nec
630 2571 755 2636 inuenio
771 2570 846 2653 quid
865 2569 970 2635 uerius
992 2569 1195 2652 intellegatur

69 2671 97 2735 in
120 2690 157 2736 eo
181 2673 261 2753 quod
284 2673 438 2754 scriptum
461 2676 523 2737 eet:
558 2673 825 2755 inperfectum
854 2693 976 2739 meum
1005 2673 1195 2739 uiderunt

69 2775 170 2841 oculi
195 2777 268 2855 tui,
299 2776 420 2858 quando
443 2777 566 2859 quidem
590 2779 746 2860 sequitur:
781 2780 820 2843 et
847 2778 885 2843 in
908 2777 1010 2843 libro
1033 2783 1098 2842 tuo
1121 2794 1194 2842 om·

69 2898 133 2944 nes
155 2878 395 2944 scribentur.

107 2999 194 3081 Quae
228 3005 334 3067 autem
368 3003 488 3083 peperit
510 3002 589 3067 Abel
623 3008 654 3068 et
676 3004 782 3067 Enoch
814 3008 846 3068 et
868 3001 934 3067 Noe
967 3004 999 3066 et
1021 3001 1193 3077 Abraham,

69 3104 134 3188 ipsa
162 3109 282 3188 peperit
311 3112 342 3170 et
364 3105 472 3171 Mosen
503 3110 534 3170 et
564 3109 728 3189 prophetas
752 3108 890 3189 tempore
913 3107 1096 3187 posteriores
1119 3105 1193 3170 ante

69 3207 183 3272 remini
207 3208 394 3285 aduentum3
418 3211 449 3272 et
472 3226 549 3290 quae
571 3208 658 3287 istos,
682 3209 749 3291 ipsa
771 3214 802 3274 et
816 3207 972 3291 apostolos
991 3210 1024 3272 ct
1040 3208 1194 3292 martyres

169 3393 203 3448 15
220 3392 253 3447 oi.
272 3392 287 3447 I
305 3391 364 3447 Cor.
382 3393 408 3457 2,
427 3393 459 3447 14
550 3393 585 3447 20
602 3393 634 3448 oi.
654 3394 697 3448 Pe.
717 3395 809 3462 141,6
900 3394 934 3448 22
951 3394 994 3450 Ρι.
1016 3395 1074 3462 138,
1093 3395 1125 3449 16

113 3565 259 3634 Amoysen
277 3570 304 3619 et
321 3581 410 3634 moyse
428 3565 471 3620 Po
557 3567 726 3621 manifestum
745 3568 772 3622 A
858 3567 992 3636 lautum]
1012 3582 1062 3622 om.
1083 3567 1126 3623 Ge

69 3655 231 3705 sacramento
244 3651 281 3705 P¹
367 3651 412 3706 sed
424 3652 858 3722 concupiscentiae-mssauomnt
871 3653 954 3710 GPu:
972 3670 1023 3708 om.
1035 3654 1130 3710 AMV

69 3736 238 3792 tentarunt
255 3737 293 3792 Ρι
396 3743 460 3792 suut
477 3739 549 3794 enim
567 3739 594 3793 P
696 3740 814 3794 ituatur
832 3740 860 3794 A
965 3741 995 3794 ll
1018 3741 1148 3796 uiuebant
1164 3757 1195 3796 e:

69 3821 307 3879 uidebantAP‘V
321 3823 502 3879 uidebuntP¹
596 3825 629 3880 13
641 3827 875 3881 sacramentumA
962 3827 1086 3882 liniunt
1104 3827 1131 3881 V

69 3909 99 3965 lt
115 3913 224 3966 ortatur
240 3910 306 3964 ΑΡ·
410 3912 569 3980 apostolicos
588 3913 626 3967 P¹
732 3913 763 3967 17
784 3912 960 3982 pertinebunt
978 3917 1008 3982 (u
1026 3931 1060 3968 cer
1077 3931 1094 3968 α
1113 3919 1194 3980 corr.)

69 3994 95 4051 P
197 3997 230 4050 19
247 3995 390 4065 rapiuntur
408 4004 432 4061 (r
444 3998 526 4066 prior
543 4014 578 4052 ec
596 4015 608 4050 s
627 4014 695 4054 corr.
713 4015 748 4052 m.
766 4001 797 4064 2)
816 3999 844 4053 P
945 3999 1082 4054 custudite
1099 4001 1126 4055 A

69 4080 100 4136 20
117 4080 157 4153 iu]
177 4079 237 4149 a(?)
255 4082 283 4136 A
371 4085 562 4152 computantur
579 4084 607 4138 P
698 4084 733 4139 25
749 4085 895 4140 habraham
914 4085 942 4140 P
1035 4086 1069 4139 26
1087 4103 1197 4156 moysen
1313 4070 1315 4074 ⁵

69 4166 109 4222 Po
210 4169 371 4237 posteriores
399 4169 433 4237 (ri
457 4169 489 4224 in
506 4171 573 4238 raa.)
600 4170 628 4224 P
727 4170 761 4225 27
788 4176 816 4225 et
843 4169 919 4242 quae]
947 4173 980 4226 ut
1005 4186 1073 4241 quae
1099 4172 1127 4228 A

69 4253 202 4320 apostolus
220 4254 259 4308 A¹

115 4353 210 4412 vm
1058 4361 1093 4415 43
