2760 4814
163 364 327 435 Excerptu
344 381 380 421 ex
397 381 467 436 opp.
485 366 511 422 S.
529 367 718 436 Augustini
740 366 882 423 cccvm.
901 366 1059 424 cccvlm.
1112 368 1173 435 991

46 554 178 636 bouum,
202 574 261 638 qno
285 555 459 622 referamus
481 556 587 622 omnia
608 576 687 639 queo
709 574 883 641 operamur,
907 558 961 623 sed
979 557 1075 624 simul
1089 559 1171 624 tem-

44 658 170 743 poratia
197 659 229 724 et
260 662 387 724 terrena
416 659 573 726 sectando.
609 660 808 725 temtatioues
838 662 921 725 euim
943 660 1052 726 dehis
1074 660 1175 741 rebus,

45 779 129 844 quae
161 780 271 845 graues
299 763 331 826 et
358 761 557 827 salamitosae
586 760 734 827 uidentur
763 763 947 842 hominibus,
982 781 1043 827 nou
1067 766 1098 829 in
1120 783 1176 831 uos

45 864 167 941 ualent,
200 865 228 928 si
261 882 322 931 nou
355 866 482 930 ualeant
513 865 587 931 illae
621 884 701 948 quae
735 865 899 931 blanditiis
932 885 1039 931 earnm
1072 886 1176 934 rerum

14 966 205 1048 succidunt,
241 985 318 1049 quas
350 967 490 1033 homines
524 969 619 1034 bonas
642 972 673 1033 et
695 969 794 1034 laetas
816 973 940 1052 putant.
975 969 1002 1033 si
1026 968 1177 1052 sapientia

46 1074 112 1147 est,
135 1087 196 1152 qua
218 1071 304 1137 beati
326 1072 400 1136 sunt
422 1071 555 1153 pacifici,
579 1073 725 1154 quoniam
749 1072 809 1154 ipsi
831 1071 888 1138 filii
906 1072 954 1137 dei
969 1071 1175 1149 morabuntur,

44 1190 183 1251 oremus,
207 1174 242 1238 ut
264 1173 432 1238 liberemur
454 1193 473 1238 e
494 1175 586 1240 malo.
615 1176 681 1258 ipsa
704 1175 787 1240 enim
810 1175 954 1241 liberatio
977 1174 1092 1241 liberos
1122 1194 1176 1240 nos

45 1275 158 1351 faciet,
181 1275 214 1340 id
238 1279 284 1341 est
305 1276 387 1341 filios
404 1276 463 1355 dei,
485 1279 522 1340 ut
544 1278 657 1359 spiritu
671 1277 844 1362 adoptionis
861 1278 1047 1344 olememus:
1070 1279 1175 1356 abbe,

44 1382 174 1463 pater.

11 1608 33 1649 ο
515 1566 711 1652 ocovffll.

42 1738 96 1787 DE
119 1738 251 1788 lfflvnlo
274 1742 316 1788 ΕΤ
339 1743 502 1790 LAVANDA
520 1743 621 1790 FACIE
637 1744 703 1790 VEL
719 1742 908 1791 VNGVENDO
923 1742 1055 1791 curlus.
1082 1745 1176 1793 VNDE

552 1847 670 1894 SVPRA.

91 1960 184 2028 Cum
207 1967 338 2031 autem
362 1964 561 2046 ieiunatis,
585 1966 694 2048 iuquit,
719 1965 843 2030 nolite
866 1965 960 2030 fieri
982 1966 1090 2031 siout
1110 1964 1247 2051 luy-334

43 2065 231 2149 pocritae
254 2069 410 2145 tristes3
440 2069 709 2134 exterminent
737 2070 837 2133 euim
866 2067 1024 2132 uultum
1052 2086 1173 2148 suum,

10 2170 92 2235 mut
130 2169 346 2235 uideantur
384 2170 610 2237 hominibus
654 2172 891 2236 ieiunantes.
941 2189 1047 2236 amen
1084 2175 1173 2239 dieo

44 2271 179 2354 uobis,
218 2280 482 2359 perceperunt
518 2274 733 2341 mercedem
770 2292 889 2338 suam.
938 2292 1005 2339 uos
1042 2277 1173 2340 eutem

44 2377 280 2442 ieiunantes
309 2379 448 2460 ungite
477 2379 611 2461 capita
639 2381 776 2442 uestra
804 2382 841 2441 et
868 2376 992 2442 faeies
1016 2383 1174 2445 uestras

44 2479 201 2559 lenate,
236 2499 282 2545 ne
316 2481 536 2547 uideamini
569 2480 793 2546 hominibus
828 2479 1072 2562 ieiunantes,
1106 2480 1174 2547 sed

45 2584 160 2669 putri
182 2584 335 2663 nestro,
358 2585 423 2667 qui
442 2582 823 2667 estinebsoondit03
847 2585 1174 2665 etpateruester,

10 2688 114 2772 requi
136 2690 197 2752 est
220 2686 258 2751 in
281 2686 538 2767 abscondito,
573 2688 713 2752 reddet
741 2687 866 2752 uobis.
900 2686 1102 2752 manifestum
1125 2692 1174 2752 est

45 2790 99 2857 his
122 2789 292 2874 praeceptis
315 2809 438 2856 omnem
461 2793 598 2854 nostram
622 2788 826 2854 intentionem
849 2790 883 2854 iu
898 2789 1046 2854 interiora
1060 2790 1175 2873 gaudia

45 2894 152 2977 dirigi,
175 2911 213 2957 ne
237 2892 312 2958 foris
335 2897 517 2976 quaerentes
531 2895 706 2958 mercedem
721 2892 794 2958 huie
809 2894 931 2959 saeculo
947 2893 1174 2958 conformemur

46 3001 81 3065 et
115 2997 298 3062 emittamus
329 2997 564 3080 promissionem
597 2998 685 3063 tauto
719 2996 874 3062 solidioris
896 2997 988 3078 atque
1017 2996 1172 3071 firmioris,

45 3103 164 3185 quanto
197 3101 354 3167 interioris
380 3099 595 3174 beatitudinis,
620 3119 680 3183 qua
708 3118 764 3166 uos
788 3099 881 3182 elegit
904 3099 980 3165 deus
1003 3100 1172 3166 conformes

10 3204 116 3275 rederi
139 3204 285 3287 imaginis
307 3204 365 3269 filii
389 3204 465 3270 eins.

90 3306 131 3372 In
159 3307 216 3372 hoo
246 3312 351 3373 autem
386 3308 522 3390 capitulo
545 3306 678 3372 maxime
707 3305 1020 3372 animaduertendum
1043 3310 1172 3372 estnon

44 3412 80 3477 iu
102 3409 168 3476 solo
190 3428 293 3475 rerum
316 3429 529 3493 corporearum
553 3413 651 3475 nitore
674 3414 766 3494 atque
795 3428 909 3493 pompa
937 3411 992 3475 sed
1021 3409 1117 3475 etiam
1140 3410 1174 3476 iu

44 3514 124 3597 ipsis
147 3512 291 3580 sordibus
313 3514 463 3580 luctuosis
486 3532 553 3579 esso
576 3532 663 3597 posse
685 3514 878 3593 iactantiam,
908 3515 940 3579 et
962 3531 997 3579 eo
1019 3515 1173 3595 periculo·

150 3698 223 3754 tei.
243 3699 341 3753 Mutth.
364 3700 429 3765 5,9
532 3699 647 3754 ditem.
665 3699 690 3767 8,
710 3701 743 3756 15
777 3700 837 3753 Gal.
854 3700 915 3765 4,6
1020 3701 1052 3755 13
1076 3700 1175 3756 Motth.

44 3786 191 3856 &lteqp
294 3787 328 3842 25
345 3788 378 3841 oi.
396 3787 470 3840 Rom.
488 3787 514 3852 8,
531 3786 566 3840 29

97 3959 226 4016 diaetas
250 3958 317 4013 PV:
347 3958 485 4012 laetandas
511 3957 537 4012 G
640 3957 664 4011 si
688 3956 754 4011 GP:
784 3956 870 4011 sioV
975 3958 990 4011 7
1015 3960 1131 4029 oremus]
1156 3975 1174 4013 n

43 4060 80 4101 ez
97 4060 126 4113 o,
149 4049 181 4098 ret
197 4042 322 4109 uidetur,
342 4059 410 4098 corr.
430 4060 463 4097 m.
481 4048 498 4098 1
519 4044 542 4097 V
658 4044 691 4098 10
713 4057 772 4110 cop.
792 4040 968 4097 CCCXXIIII
986 4044 1013 4097 P
1042 4042 1174 4100 CCCXXI

45 4130 73 4187 G
179 4130 212 4185 11
230 4129 273 4183 uel
293 4130 360 4185 GV:
389 4132 419 4183 et
436 4130 464 4183 P
559 4128 630 4183 undo
647 4143 728 4198 supro
749 4127 785 4182 V:
816 4143 846 4180 ex
864 4128 953 4183 eodem
971 4128 1041 4183 libro
1059 4130 1173 4184 seeundo

42 4220 82 4285 (i'e
102 4216 141 4285 G)
161 4215 216 4272 GP
313 4216 345 4269 16
364 4215 574 4284 perciperuntV
669 4213 700 4269 17
722 4213 818 4281 ungite
838 4213 904 4269 GP:
935 4217 1032 4280 augete
1053 4215 1174 4283 ΗΜ

41 4311 69 4362 et
87 4306 120 4372 2)
219 4301 255 4357 20
273 4301 320 4371 qui
338 4303 379 4356 est
400 4301 454 4356 GV
471 4306 515 4367 (m.
535 4307 551 4354 1
568 4306 593 4356 et
610 4303 651 4369 2):
684 4299 731 4369 qui
748 4299 824 4354 uidet
842 4300 869 4353 P
