2760 4814
204 293 267 360 816
683 295 848 366 Eugippii

248 482 329 549 Vide
352 484 620 567 quemadmodum,
645 503 716 550 oum
738 486 805 567 ipsa
827 486 941 550 ueritas
959 489 990 550 et
1011 484 1153 564 uerbum,
1175 504 1234 569 per
1248 488 1324 568 quod

204 585 288 652 facta
317 589 391 651 aunt
419 589 539 666 omnia,
570 606 639 653 caro
668 588 787 653 factum
810 593 899 670 esset,
931 595 966 654 ut
987 589 1145 654 habitaret
1167 591 1201 654 in
1230 592 1322 667 uotis,

204 689 309 754 tamen
324 690 370 754 ait
384 691 556 771 apostolus:
571 691 647 755 etsi
664 709 891 756 noueremus
904 690 1101 757 Christum
1118 695 1323 759 secundum

204 810 374 871 carnem,
402 794 466 858 eod
495 813 595 859 nunc
623 796 699 858 iam
727 812 799 858 non
829 794 1014 859 nouimus.
1052 795 1107 860 ille
1136 796 1252 879 quippe
1273 793 1321 878 qui

203 914 264 961 non
292 899 395 962 solum
421 897 673 980 perueniantibus
702 897 928 978 possessionem
961 899 1015 962 sed
1050 898 1148 963 etiam
1175 897 1264 964 uiam
1291 916 1351 963 ses

203 1003 348 1083 praebere
371 1001 471 1065 uoluit
492 1001 696 1079 uenientibus,
720 1001 760 1065 ad
776 1000 961 1083 principium
985 1000 1107 1065 uiarum
1130 1001 1237 1066 uoluit
1258 1020 1321 1067 car·

203 1123 275 1169 nem
299 1122 464 1168 assumere.
483 1104 565 1168 unde
587 1107 636 1168 est
657 1103 752 1168 etiam
774 1102 868 1168 illud:
891 1104 1068 1168 dominus
1091 1103 1250 1168 creauit
1270 1122 1321 1169 me

202 1207 446 1290 principium
468 1207 619 1271 uiarum
642 1225 812 1289 suarum,
841 1209 877 1271 ut
898 1207 970 1271 iude
992 1207 1167 1290 inciperent
1181 1209 1238 1291 qui
1259 1208 1321 1273 uel·

202 1311 268 1375 lent
290 1311 404 1376 uenire.
429 1310 586 1393 apostolus
608 1311 715 1393 igitur,
732 1312 875 1393 quamuis
894 1309 996 1375 adhuc
1018 1310 1198 1376 ambularet
1220 1311 1255 1377 in
1274 1312 1320 1377 uia

203 1416 234 1478 et
256 1414 295 1479 ad
323 1413 461 1495 palmam
490 1431 638 1494 supernae
667 1413 837 1477 uocationis
864 1414 1044 1495 sequeretur
1071 1418 1239 1480 uocantem
1267 1415 1349 1480 dou

202 1517 340 1592 minum,
369 1517 476 1580 tamen
500 1535 536 1580 ea
558 1534 636 1597 quae
658 1520 739 1581 retro
762 1520 836 1581 sunt
858 1517 1044 1582 obliuiscens
1066 1520 1098 1580 et
1128 1518 1164 1581 in
1185 1536 1224 1582 ea
1245 1535 1317 1600 quae

202 1621 273 1684 ante
297 1623 370 1683 sunt
393 1620 533 1683 extentus
556 1620 618 1684 iam
642 1620 829 1703 principium
851 1621 972 1684 uiarum
995 1620 1171 1699 transierat,
1198 1620 1258 1685 hoc
1278 1620 1320 1685 est

201 1741 235 1788 eo
258 1740 318 1787 nou
341 1722 510 1806 indigebat,
534 1741 553 1787 a
575 1741 634 1804 quo
657 1724 762 1787 tamen
785 1723 1029 1808 aggrediendum
1051 1724 1082 1787 et
1104 1721 1318 1788 exordiendum

200 1825 261 1890 iter
283 1828 331 1891 est
354 1825 507 1904 omnibus,
523 1825 576 1907 qui
599 1827 639 1891 ad
656 1829 819 1891 ueritatem
835 1825 996 1909 peruenire
1012 1828 1045 1892 et
1065 1827 1099 1891 iu
1114 1828 1184 1892 uita
1197 1828 1319 1893 aeterne

200 1947 379 2012 permanere
401 1929 585 1995 desiderant.
610 1929 654 1994 sic
676 1930 840 1995 enimait:
865 1948 932 2012 ego
954 1949 1037 1994 sum
1065 1932 1126 1993 uia
1157 1934 1194 1994 et
1223 1930 1346 1996 ueri-u

200 2033 260 2097 tas
283 2036 320 2096 et
343 2031 438 2110 uita,
462 2032 520 2097 hoc
542 2034 589 2097 est
614 2051 687 2118 „per
709 2051 759 2096 me
784 2034 973 2116 peruenitur,
997 2035 1037 2097 ad
1057 2052 1107 2097 me
1130 2034 1317 2114 peruenitur,

200 2135 232 2200 iu
249 2155 299 2200 me
321 2125 549 2219 permanetur“.
573 2154 643 2199 cum
659 2135 744 2200 enim
761 2136 799 2200 ad
822 2135 924 2216 ipsum
939 2135 1129 2219 peruenitur,
1146 2135 1187 2200 ad
1201 2138 1318 2219 patrem

200 2239 391 2321 peruenitur,
413 2239 486 2321 quia
506 2256 561 2320 per
583 2238 742 2319 aequalem
767 2237 819 2302 ille
841 2237 892 2302 cui
915 2240 962 2302 est
984 2237 1120 2319 aequalis
1143 2240 1318 2321 agnoscitur

199 2340 353 2407 uinciente
376 2345 407 2406 et
429 2345 590 2422 tamquam
611 2341 828 2424 agglutinante
850 2359 905 2406 nos
928 2343 1034 2405 sancto
1059 2341 1182 2423 spiritu,
1206 2341 1318 2425 quoin

199 2456 321 2508 summo
349 2447 442 2525 atque
471 2442 721 2509 incommutabili
751 2443 830 2507 bono
865 2461 1043 2525 permanere
1076 2442 1247 2525 possimus.
1286 2460 1345 2510 eru

199 2565 259 2629 quo
292 2545 498 2629 intellegitur,
532 2546 607 2628 quia
635 2546 723 2611 nulla
755 2565 802 2610 res
831 2547 864 2611 in
896 2547 949 2611 uia
979 2548 1083 2610 tenere
1111 2564 1168 2610 nos
1198 2544 1319 2625 debeat,

198 2650 320 2731 quando
342 2667 398 2713 nec
419 2648 485 2731 ipse
500 2651 654 2727 dominus,
677 2650 876 2731 inquantum
898 2650 950 2715 uia
965 2649 1071 2715 nostra
1089 2667 1155 2713 esse
1173 2648 1319 2732 diguatus

199 2757 256 2834 est,
288 2755 392 2817 tenere
414 2770 469 2817 nos
491 2754 640 2834 uoluerit,
665 2755 719 2818 sed
741 2754 885 2831 transire,
909 2771 945 2816 ne
967 2755 1058 2818 robus
1080 2751 1319 2833 temporalibus,

200 2856 343 2939 quamuis
360 2854 398 2920 ab
421 2854 476 2920 illo
491 2872 546 2938 pro
561 2855 661 2920 salute
676 2856 784 2919 nostra
799 2854 952 2936 susceptis
973 2856 1006 2918 et
1022 2855 1120 2937 gestis
1136 2854 1320 2921 haereamus

199 2959 372 3034 infirmiter,
401 2962 453 3026 sed
476 2977 531 3041 per
554 2976 604 3023 eas
625 2959 728 3041 potius
757 2977 916 3025 curramus
938 2959 1099 3034 alacriter,
1127 2958 1164 3022 ut
1187 2957 1227 3022 ad
1250 2975 1353 3027 cums

300 3198 367 3253 lcf.
385 3199 424 3253 Io.
443 3198 547 3266 1,3ct
565 3197 599 3252 14
699 3196 763 3251 311
781 3196 840 3253 Cor.
858 3197 882 3263 5,
903 3196 935 3250 16
1041 3195 1254 3261 darocam

197 3286 213 3338 9
231 3282 265 3338 of.
282 3282 399 3354 Philipp.
417 3284 442 3351 3,
460 3284 562 3338 12-14
665 3284 698 3339 15
716 3283 754 3339 lo.
773 3282 813 3348 14,
832 3283 848 3336 6

249 3509 262 3561 1
288 3509 316 3562 et
338 3508 372 3562 V:
403 3524 452 3562 om.
476 3525 493 3563 o
595 3523 640 3576 per
658 3506 691 3560 V:
723 3521 813 3561 om.o
915 3505 931 3558 2
956 3506 1026 3558 esset
1050 3504 1083 3558 V:
1113 3504 1154 3557 est
1180 3504 1252 3560 on

197 3629 213 3681 5
240 3593 398 3697 paraclisin
425 3629 492 3687 (enti
515 3627 578 3682 add.
597 3645 630 3681 m.
649 3631 678 3695 2)
705 3644 721 3682 o
823 3627 840 3682 8
866 3627 1026 3696 principium
1058 3624 1093 3680 V:
1129 3625 1158 3679 in
1184 3625 1322 3695 principio

199 3713 241 3767 Ge
332 3715 365 3768 10
381 3718 410 3768 et
431 3714 467 3768 V:
496 3714 560 3768 uto
651 3713 786 3767 dominum
808 3713 844 3766 V:
875 3711 952 3766 deum
973 3712 1041 3766 GPo
1133 3709 1165 3764 13
1184 3726 1215 3764 eo
1237 3710 1322 3765 GPo:

196 3816 227 3854 ea
251 3799 278 3854 V
378 3800 410 3853 16
436 3815 483 3869 por
505 3815 547 3853 me
570 3800 726 3868 peruenitur
754 3799 789 3855 V:
819 3814 865 3868 per
887 3814 929 3852 me
952 3798 1062 3851 aeuitur
1089 3796 1132 3852 Go
1160 3796 1322 3864 peruenitur

195 3884 223 3939 P
308 3886 341 3940 11
359 3886 512 3954 peruenitur
528 3886 570 3954 ad]
589 3887 744 3955 peruenitur
756 3900 807 3955 que
825 3884 882 3954 iqui
899 3885 948 3951 1³²)
967 3883 1000 3937 cd
1018 3883 1054 3937 Ρ1
1082 3899 1106 3951 p.
1125 3883 1209 3936 etiam
1226 3882 1262 3937 ad
1283 3883 1323 3938 θ’

196 3987 355 4041 acapnum.
445 3972 600 4040 peruenitur
612 3972 645 4027 ad
657 3973 767 4042 patrem]
787 3988 834 4028 oen.
849 3972 903 4028 G¹o
988 3969 1023 4025 ad
1035 3971 1138 4039 patrem
1151 3970 1322 4039 peruenitur}

196 4059 247 4113 dcl.
264 4061 337 4114 Μ
359 4058 388 4112 Ρ
488 4059 520 4111 19
543 4059 767 4127 adglutinanteo
902 4057 999 4127 spiritu
1021 4059 1153 4112 sanctos
1256 4057 1322 4127 qno]

195 4144 299 4214 quode
400 4144 435 4200 20
452 4159 624 4214 possumusu
727 4145 761 4199 24
782 4144 830 4199 illo
853 4144 888 4198 V:
917 4159 947 4199 eo
972 4144 1015 4199 Ge
1116 4142 1152 4197 25
1174 4141 1324 4198 infirmiter

199 4231 236 4286 V:
265 4230 412 4287 firmitero
