2760 4814
299 361 467 431 Ercorpta
484 376 521 415 ex
539 375 609 430 opp.
629 359 656 416 S.
673 360 861 429 Augustini
883 359 980 416 CCIII.
998 359 1111 415 CCIIII.
1206 361 1269 428 669

134 575 207 622 esse
229 554 342 637 incipit
364 572 425 619 non
438 553 541 619 solum
556 553 812 635 consequentium
834 552 887 617 sed
909 551 1005 617 etiam
1026 549 1266 634 praeteritorum

136 659 271 737 dierum,
306 658 463 732 horarum,
496 658 734 733 momentorum,
772 654 976 722 redeuntibus
1003 654 1158 735 omnibus,
1188 673 1267 738 qnae

138 761 271 828 dimissa
292 761 374 826 sunt.
405 762 437 826 et
459 778 551 843 saepo
573 759 635 825 ista
657 760 844 844 contingunt
865 759 898 825 in
921 759 1061 826 ecclesia.

635 1049 770 1133 CCHH.

116 1226 309 1287 aSEQVITva
327 1223 516 1271 snTExTvs:
540 1224 586 1270 DE
601 1223 819 1270 BAPTIZANDO
834 1222 892 1270 cvl
908 1223 1055 1271 SVBI'I'VM
1070 1222 1269 1270 PEBICVLVM

138 1327 265 1377 nossrls
295 1328 466 1374 IMMINEA'I'
495 1327 538 1372 ET
567 1327 705 1373 ΗΑΒΕΑΤ
738 1327 911 1389 INIMICVII,
939 1327 1034 1387 QVEM
1056 1325 1268 1386 INIQVISSIIIE

636 1431 772 1478 ODERI'I.

181 1554 265 1619 Nam
295 1551 478 1635 plerumque
504 1550 550 1630 fit,
574 1554 610 1615 ut
631 1551 722 1615 homo
749 1551 863 1616 habeat
885 1551 1059 1630 inimicum,
1090 1569 1182 1634 quern
1204 1548 1264 1613 ini·
1275 1543 1339 1611 222

137 1655 289 1739 quissime
312 1655 421 1734 oderit,
450 1673 640 1737 quamquam
669 1654 763 1719 etiam
786 1653 930 1720 inimicos
953 1654 1081 1737 diligere
1103 1651 1269 1718 iubeamur

93 1765 172 1825 root
194 1777 284 1825 orare
306 1777 361 1840 pro
384 1759 445 1837 eis3
473 1757 575 1822 subito
591 1760 697 1822 autem
719 1758 855 1842 periculo
878 1759 988 1823 mortis
1011 1758 1120 1840 incipit
1143 1758 1268 1838 pertur-

138 1865 208 1929 bari
231 1866 262 1927 et
284 1862 386 1946 poscit
409 1861 610 1944 baptismum,
634 1878 726 1942 qnam
749 1863 838 1927 tanta
864 1860 1064 1927 festinatione
1086 1859 1210 1942 accipit,
1232 1862 1270 1923 ut

137 1964 349 2032 necessariam
379 1963 653 2048 interrogationem
682 1983 850 2047 pancorum
873 1967 1039 2030 uerborum
1062 1962 1115 2027 uix
1137 1960 1268 2047 periculi

137 2075 263 2152 tempus
294 2068 451 2145 admittat,
483 2072 598 2150 quanto
628 2068 732 2134 minus
762 2086 937 2133 sermonem
966 2066 1196 2152 longissimum,
1232 2069 1268 2130 ut

136 2174 219 2242 illud
248 2172 354 2238 odium
379 2171 470 2236 cordo
491 2172 636 2253 pelletur,
668 2172 763 2236 etiam
786 2171 812 2235 si
835 2170 1008 2253 baptizanti
1030 2173 1073 2235 sit
1095 2169 1266 2254 cognitum.

90 2294 128 2339 1⁵
137 2278 221 2345 corta
250 2276 315 2342 ista
343 2294 404 2341 non
435 2275 536 2339 solum
559 2276 641 2359 apud
664 2293 719 2340 nos
741 2276 793 2340 sod
817 2274 912 2339 etiam
935 2273 1017 2356 apud
1047 2273 1117 2338 illos
1140 2271 1267 2337 euenire

136 2401 200 2448 non
235 2384 365 2446 cessant.
405 2379 481 2460 quid
513 2397 586 2461 ergo
619 2378 774 2444 dicimus?
811 2379 1014 2444 dimittuntur
1045 2379 1172 2460 peccata
1192 2377 1266 2443 huic

136 2485 257 2550 homini
280 2501 407 2548 annon
431 2483 655 2547 dimittuntur?
684 2500 809 2564 prorsus
832 2485 912 2563 qnod
934 2482 1045 2547 uolunt
1067 2482 1197 2565 eligant.
1239 2479 1267 2547 si

136 2589 223 2653 enim
256 2585 478 2662 dimittuntur,
515 2586 661 2650 continuo
694 2584 843 2664 redeunt,
882 2584 1081 2669 euangelium
1117 2584 1265 2668 loquitur,

135 2691 254 2756 ueritas
283 2690 409 2757 clamat.
447 2691 513 2754 side
543 2706 616 2773 orgo
644 2689 845 2754 dimittantur
875 2689 941 2754 sino
970 2707 1031 2753 non
1052 2687 1265 2767 dimittantur,

94 2794 313 2859 adnecessaria
343 2794 392 2857 est
420 2795 529 2874 postea
558 2791 729 2871 medicina,
761 2797 954 2872 nontamen,
985 2792 1012 2856 si
1034 2793 1150 2858 uixerit
1172 2795 1266 2875 atquc

134 2899 167 2964 id
184 2897 403 2978 corrigendum
420 2912 486 2960 esse
503 2894 647 2960 didicerit
663 2899 756 2978 atque
773 2896 949 2973 correxerit,
968 2895 1069 2962 denuo
1085 2896 1265 2980 baptizatur

133 3002 204 3066 sius
227 3000 309 3083 apud
342 2998 415 3065 illos
449 3000 516 3063 siue
537 2999 620 3081 apud
643 3017 705 3065 nos.
744 3001 789 3066 sio
820 3005 852 3065 et
885 3000 942 3064 illa
970 3018 1049 3083 quae
1072 3000 1265 3066 schismatici

133 3103 187 3168 uel
211 3102 359 3168 haeretici
393 3119 455 3167 non
489 3103 581 3167 aliter
611 3102 727 3168 habent
757 3121 813 3168 nec
836 3103 930 3169 aliter
952 3108 1052 3186 agunt
1073 3122 1167 3187 quam
1191 3122 1265 3170 uera

133 3206 276 3285 ecclesia,
311 3224 381 3271 cum
414 3208 453 3270 ad
486 3224 539 3270 nos
569 3205 709 3285 ueniunt,
738 3225 799 3271 non
832 3205 1044 3287 emendamus,
1078 3211 1131 3273 sed
1160 3208 1265 3292 potins

95 3310 352 3396 reapprobamus.
393 3308 427 3373 in
450 3310 561 3390 quibus
589 3311 672 3375 enim
695 3330 758 3376 non
781 3311 972 3377 dissentiunt
994 3329 1013 3376 a
1035 3310 1133 3394 nobis,
1164 3312 1197 3376 in
1220 3310 1265 3376 eis

185 3515 203 3568 2
215 3514 318 3568 dierum
329 3515 412 3570 APo:
431 3515 550 3569 odiorum
564 3515 628 3570 MV
702 3521 896 3571 momentorum
909 3517 945 3573 Ρι
962 3522 1156 3574 mementorum
1168 3521 1197 3575 A

132 3600 318 3670 redeuntibus}
338 3600 464 3653 euntibus
482 3603 509 3654 A
612 3602 745 3672 omnibus]
771 3605 860 3656 omnia
883 3604 908 3659 V
1008 3605 1026 3658 3
1047 3605 1146 3660 dImisa
1170 3607 1198 3662 P

132 3690 230 3756 dcap.
246 3687 314 3741 CCV
332 3687 359 3740 A
386 3687 509 3743 CCXXII
528 3689 556 3741 P
581 3687 720 3744 CCXXIII
736 3690 778 3744 Co
874 3691 1031 3761 Insequitur
1048 3696 1174 3764 acterius]
1194 3710 1265 3750 cras.

133 3775 165 3829 ia
176 3774 217 3842 P;
236 3773 356 3842 sequitur
369 3776 458 3826 tentus
471 3791 486 3829 o
556 3775 676 3829 subitum
687 3778 785 3845 scripsi
795 3777 842 3845 (cf.
852 3794 879 3831 u.
890 3779 951 3845 10):
971 3795 1034 3832 suus
1047 3781 1082 3835 M
1088 3780 1167 3848 V(cf·
1173 3797 1204 3850 p.
1214 3784 1264 3846 22,

133 3864 197 3927 26>;
215 3876 265 3914 ora
278 3860 378 3915 ACPc
465 3861 589 3932 ioderit]
603 3878 626 3915 o.
639 3863 882 3920 ereodcmlibroo
971 3866 1001 3919 ll
1015 3868 1118 3936 accepit
1131 3869 1199 3923 P¹V

134 3947 169 4001 12
179 3948 356 4001 necessarium
369 3950 397 4015 (u
410 3948 441 4002 in
454 3965 470 4001 a
482 3951 563 4014 corr.)
576 3948 603 4001 P
690 3951 722 4004 13
733 3950 873 4021 admittat]
886 3952 995 4005 amittat
1008 3953 1036 4007 P
1122 3954 1153 4008 17
1168 3954 1206 4023 (et
1220 3954 1263 4022 18)

133 4033 312 4087 dimittantur
334 4035 362 4087 A
467 4035 500 4088 19
523 4037 580 4089 sinc
598 4052 661 4105 orgo
680 4037 865 4107 dimittantur]
889 4039 912 4092 si
931 4054 992 4093 nero
1010 4039 1036 4095 d.
1056 4038 1093 4094 P¹
1123 4041 1182 4094 sina
1200 4056 1263 4095 uero

135 4137 347 4193 dimittuntnrc
449 4138 481 4193 21
507 4138 649 4194 didicerint
671 4141 696 4195 V
797 4114 909 4197 correiit
929 4147 968 4205 (ar
985 4143 1050 4197 add.
1068 4159 1102 4197 m.
1120 4147 1148 4210 2)
1169 4144 1195 4197 P

133 4223 169 4277 22
185 4221 329 4376 οοίεῗιὲξίοί
348 4224 391 4280 Po
480 4224 514 4279 24
532 4228 712 4297 emendamus]
732 4229 905 4285 emundamus
921 4228 947 4284 V
1033 4228 1067 4285 25
1084 4229 1264 4284 dissentiunt·

136 4316 163 4373 (a
179 4323 236 4364 rat.
