2760 4814
171 381 238 448 422
657 380 824 450 Eugippii

172 573 207 638 in
229 571 357 637 domum
380 589 468 637 suam
491 572 662 655 susceperit
676 572 847 649 dominnm,
872 572 950 636 alter
973 571 1103 638 dixerit:
1127 591 1198 639 non
1221 591 1307 637 sum

173 676 334 760 dignus,
357 679 399 740 ut
421 677 491 742 sub
513 678 666 741 tectum
689 694 813 740 meum
835 675 981 739 intres:
1005 673 1099 740 ambo
1113 676 1306 741 saluatorem

174 778 416 845 honorificantes
444 779 566 844 diuerso
588 780 621 844 et
644 776 731 861 quasi
753 778 907 843 contrario
928 779 1030 860 modo,
1054 777 1146 844 ambo
1168 779 1306 862 peccatis

174 881 291 959 miseri,
322 882 414 948 ambo
442 880 690 947 misericordiam
721 883 888 947 consecuti.
926 880 1013 946 ualet
1042 884 1127 946 enim
1156 884 1195 947 ad
1225 881 1307 947 hanc

173 986 415 1053 similitudinem
437 987 519 1069 quod
540 987 575 1051 in
597 987 699 1068 primo
721 985 835 1068 populo
850 984 1018 1068 unicuique
1034 984 1174 1049 fidelium
1189 1002 1307 1056 manna
1328 1008 1344 1047 a

174 1091 347 1155 secundum
368 1089 524 1173 propriam
546 1090 744 1154 uoluntatem
766 1089 799 1154 in
821 1107 872 1154 ore
894 1087 1051 1172 sapiebat:
1074 1090 1120 1154 sic
1142 1090 1175 1153 in
1196 1087 1305 1154 unius·

172 1194 320 1278 cuiusque
349 1211 402 1259 ore
434 1193 599 1260 christiani
632 1196 863 1259 sacramentum
894 1194 991 1276 illud,
1024 1210 1085 1277 quo
1114 1190 1305 1276 subiugatos

173 1298 221 1362 est
243 1297 387 1364 mundus.
423 1315 498 1362 nam
519 1298 552 1362 et
572 1295 629 1362 ille
650 1295 824 1362 honorando
848 1315 908 1362 non
924 1297 1018 1362 audet
1040 1295 1153 1362 cotidie
1179 1313 1304 1361 sumere

174 1401 207 1465 et
227 1400 284 1466 ille
305 1400 484 1467 honorando
506 1418 568 1465 non
590 1401 685 1466 audet
707 1400 774 1465 ullo
795 1400 846 1466 die
868 1399 1128 1481 praetermittere.
1163 1402 1305 1465 contem·

173 1504 244 1568 tum
266 1503 369 1569 solum
390 1521 453 1569 nou
473 1504 546 1569 uult
567 1503 665 1576 cibus¹
681 1503 743 1569 iste
764 1503 848 1568 sicut
870 1522 987 1570 manna
1016 1503 1190 1571 fastidium.
1229 1502 1304 1568 inde
1314 1527 1342 1566 ιο

173 1608 257 1671 enim
279 1610 312 1671 et
334 1606 495 1689 apostolus
518 1607 644 1690 indigne
667 1607 747 1672 dicit
768 1608 932 1690 acceptum
954 1607 993 1672 ab
1012 1608 1058 1674 eis
1082 1607 1136 1690 qui
1157 1607 1217 1673 hoc
1241 1623 1305 1671 non

174 1709 392 1775 discernebant
421 1728 441 1777 a
466 1709 578 1776 ceteris
609 1710 687 1775 cibis
717 1711 918 1777 ueneratione
949 1711 1151 1796 singulariter
1182 1711 1303 1778 debita.

173 1815 320 1880 continuo
349 1814 465 1897 quippe
488 1831 560 1880 oum
581 1813 729 1880 dixisset:
758 1814 950 1881 iudicium
979 1815 1059 1882 sibi
1085 1814 1304 1881 manducat

172 1919 212 1982 et
233 1915 354 1999 bibit,
376 1917 508 1997 addidit,
539 1921 575 1985 ut
605 1919 738 1985 diceret:
773 1937 847 1984 non
878 1920 1108 1986 diiudicans
1139 1936 1303 2001 corpus,

172 2020 254 2104 quod
276 2021 355 2087 satis
383 2023 451 2087 toto
473 2023 539 2105 ipso
563 2022 630 2089 loco
659 2023 692 2088 in
715 2022 849 2106 epistula
873 2023 912 2089 ad
934 2022 1111 2089 Corinthios
1133 2022 1245 2106 prima,
1276 2022 1342 2087 sir:

172 2123 340 2209 diligenter
361 2126 552 2202 attendatur,
576 2129 715 2209 apparet.

214 2227 268 2295 Sic
290 2229 405 2312 aliquis
427 2230 608 2315 peregrinus
628 2231 663 2295 in
681 2248 716 2295 eo
732 2230 811 2296 forte
833 2231 909 2308 loco,
932 2229 988 2295 ubi
1009 2229 1246 2314 perseueranter
1267 2229 1302 2294 in

171 2330 390 2399 obseruatione
420 2333 677 2416 quadragesimae
705 2352 762 2399 nec
791 2337 900 2417 quinta
929 2333 1055 2400 sabbati
1084 2334 1194 2398 lauant
1219 2331 1302 2398 rela-

169 2437 284 2501 xantue
292 2436 460 2502 ieiunium:
474 2435 574 2522 „nori“
587 2436 690 2520 inquit
703 2437 814 2521 „hodie
825 2437 1001 2504 ieiunabo“.
1019 2437 1181 2521 quaeritur
1194 2453 1301 2502 eausa.

172 2540 340 2622 „quianon
354 2538 410 2605 ιιι*
434 2540 538 2623 inquit
554 2540 607 2621 „in
621 2541 723 2623 patria
737 2545 836 2605 mea“.
868 2540 943 2624 quid
958 2540 1046 2607 alind
1061 2542 1120 2607 iste
1141 2540 1203 2605 nisi
1226 2558 1302 2606 con·
1312 2566 1340 2606 ιο

170 2641 369 2707 suetudinem
401 2660 491 2707 suam
524 2644 738 2709 consuetudini
769 2644 899 2710 alterius
929 2663 1117 2732 praeponere
1146 2644 1303 2711 conatur?

170 2761 233 2809 non
256 2745 340 2810 enim
362 2744 442 2809 mihi
465 2744 503 2810 de
525 2745 604 2812 libro
627 2745 677 2811 dei
699 2745 759 2812 hoc
780 2747 968 2814 recitaturus
986 2749 1035 2814 est
1055 2749 1110 2814 ant
1135 2748 1302 2813 uniuersae

170 2865 233 2929 qua
254 2847 407 2913 dilatatur
429 2847 576 2914 ecclesiae
598 2849 691 2933 plena
712 2868 789 2916 uoce
811 2850 945 2917 certabit
964 2856 1020 2917 aut
1042 2851 1186 2918 ostendet
1206 2850 1302 2918 illum

170 2954 279 3017 contra
299 2951 393 3017 fidem
416 2951 528 3029 iacere,
551 2969 584 3017 se
599 2955 707 3018 antem
721 2955 892 3020 secundum
914 2955 1017 3037 fidem,
1041 2973 1204 3040 moresque
1226 2954 1302 3020 hinc

169 3056 302 3137 optimos
324 3057 379 3121 aut
403 3055 495 3122 illurn
517 3055 634 3121 uiolare
655 3059 711 3123 aut
732 3075 766 3122 se
788 3058 941 3124 custodire
970 3059 1141 3125 conuincet.
1178 3057 1340 3123 uiolentae

168 3175 243 3224 sane
264 3160 401 3242 quietem
423 3160 457 3224 et
476 3177 585 3243 paoem
607 3179 696 3225 suam
718 3161 757 3225 de
779 3162 936 3243 superflua
958 3163 1138 3246 quaestione
1158 3161 1302 3229 rixando.

168 3262 294 3327 mallem
324 3265 432 3329 tamen
461 3264 494 3329 in
523 3263 617 3328 rebus
647 3263 741 3330 huius
771 3265 864 3341 modi,
894 3265 990 3330 utet
1018 3264 1073 3330 ille
1095 3267 1129 3332 in
1150 3266 1245 3331 huius
1269 3271 1303 3330 et

272 3416 285 3469 1
305 3414 404 3469 Matth.
422 3416 447 3481 8,
465 3416 483 3470 8
570 3416 587 3471 6
604 3415 637 3470 ci.
656 3416 715 3486 Sap.
735 3417 776 3482 16,
794 3417 829 3471 20
847 3418 892 3484 (cf.
904 3419 973 3488 Aug.
987 3419 1119 3473 Retraott
1132 3418 1171 3485 11,
1183 3419 1229 3486 20)

169 3499 311 3556 relect.
330 3502 372 3566 11,
390 3501 424 3554 29

219 3636 449 3707 lsusceperato
558 3638 1020 3713 animarem-ambo10m.a¹
1123 3642 1238 3699 4enim
1260 3642 1302 3698 V:

105 3712 112 3728 ⁸
167 3720 249 3776 etiarn
275 3722 344 3794 BTo
477 3725 729 3797 6nniuscninsque
756 3728 784 3782 in
811 3727 892 3784 P’To
927 3730 1109 3799 unnsquisque
1134 3731 1165 3783 in
1191 3729 1230 3785 1³¹

166 3808 489 3882 saucio-ninum:
502 3812 570 3868 dicit
582 3815 744 3884 aesopum)
762 3813 828 3869 aaa.
848 3815 927 3870 nce
939 3831 995 3871 rae.
1027 3802 1030 3808 ’
1081 3816 1194 3872 cotenu
1212 3835 1230 3872 v

167 3893 202 3949 10
223 3894 295 3967 inde]
313 3897 342 3950 in
361 3896 404 3952 dic
422 3900 444 3964 (i
460 3899 580 3954 merum
597 3917 616 3954 o
633 3917 668 3955 m.
685 3902 755 3956 21η
772 3904 839 3968 roe.)
862 3902 888 3954 V
990 3904 1019 3957 ll
1045 3904 1108 3972 non]
1128 3919 1198 3958 nnnc
1216 3906 1246 3974 (u
1263 3919 1302 3960 cor

166 3996 279 4063 ucoca,
303 3984 370 4038 cia
386 4000 444 4042 raa.
461 3984 528 4040 odd.
545 4002 580 4041 m.
597 3988 628 4053 2)
655 3984 682 4039 V
783 3987 817 4042 12
839 3987 954 4058 cybiao
1057 3990 1091 4044 14
1113 3989 1229 4046 addito

167 4066 201 4124 15
217 4068 332 4139 epistola
350 4071 421 4127 PTo
505 4071 539 4126 rt
557 4072 596 4128 sic
616 4072 680 4128 TV:
695 4074 766 4147 'sio
859 4076 893 4130 18
909 4075 968 4147 nec]
987 4075 1068 4130 neT
1152 4077 1186 4131 18
1203 4076 1302 4133 tabunt

165 4154 229 4211 MV
328 4157 469 4213 relaxanue
492 4157 518 4213 V
539 4159 680 4214 ralamndo
701 4160 746 4228 (do
763 4178 782 4216 a
799 4165 865 4216 Μ
881 4162 913 4217 ia
928 4163 996 4229 raa.)
1014 4162 1052 4217 Μ
1074 4161 1230 4217 relaxante

164 4240 200 4296 28
216 4243 330 4299 certauit
351 4243 378 4298 V
477 4244 596 4301 ostendit
621 4246 688 4303 TVo
790 4249 824 4303 25
846 4249 966 4319 optimus
988 4247 1015 4302 V
1115 4249 1148 4303 27
1167 4249 1301 4305 inbutus

163 4326 247 4385 Pro:
272 4329 353 4384 bniua
374 4330 401 4385 V
632 4336 636 4343 ’
