2760 4814
205 301 289 367 1070
689 292 852 360 Eugippii

204 489 315 573 pater
344 487 383 551 in
410 503 481 549 sua
503 482 642 564 posuit
664 480 892 564 potestate?
923 483 1032 545 utrum
1053 483 1166 547 autem
1190 481 1337 568 originem

205 593 390 666 animarum,
415 604 508 669 qnam
540 585 677 649 nondum
709 584 783 660 scio,
814 603 856 650 un
884 583 927 649 sit
957 585 1046 660 scire,
1069 585 1104 651 id
1120 588 1175 652 est
1189 588 1336 669 pertineat

204 699 243 761 ad
277 712 332 758 nos
365 693 397 757 id
430 689 520 772 scire,
553 707 590 753 ne
624 686 683 752 hoc
710 687 834 770 quidem
863 687 938 754 seio.
975 707 1051 757 nam
1080 691 1109 755 si
1138 689 1260 755 saltem
1286 689 1336 755 hoc

204 797 328 872 scirem,
359 793 440 875 quod
470 795 612 857 nostrum
642 808 704 855 non
728 790 772 855 sit
794 789 827 856 id
848 791 935 870 scire,
958 810 1020 858 non
1042 792 1147 858 solnm
1173 792 1336 871 affirmare,

205 897 357 982 quamdiu
380 896 494 977 nescio,
518 912 627 958 nerum
650 895 747 958 etiam
770 913 918 977 quaerere
940 895 1004 960 iam
1027 895 1230 962 desisterem.
1263 912 1362 963 nnnet

205 1002 313 1068 autem
344 1001 489 1081 quamuis
519 999 584 1061 tam
612 997 654 1062 sit
677 999 845 1063 obscurum
867 1006 961 1081 atqua
983 1001 1189 1083 profundum,
1215 1005 1250 1065 ut
1271 999 1336 1083 plm

205 1105 272 1171 illic
300 1101 431 1168 docendi
462 1119 590 1166 caueam
622 1101 860 1183 (temeritatem,
891 1121 984 1184 quam
1014 1102 1156 1168 discendi
1186 1101 1333 1185 habeam>

206 1206 423 1290 cupiditatem,
455 1208 558 1268 tamen
583 1204 615 1268 et
636 1203 694 1267 hoc
717 1205 813 1268 etiam
835 1202 950 1269 uellem
973 1206 1060 1282 scire,
1086 1205 1115 1271 ui
1136 1224 1271 1288 possem.
1308 1210 1336 1271 et

206 1310 280 1375 licet
311 1307 411 1373 multo
442 1306 577 1388 amplius
607 1308 649 1370 sit
679 1307 886 1371 necessarium
917 1308 998 1389 qnod
1028 1307 1073 1372 ait
1109 1309 1168 1373 ille
1200 1314 1334 1375 muns:

205 1412 342 1478 notum
371 1410 470 1474 mihi
501 1411 577 1487 lac,
607 1410 778 1492 domine,
810 1409 928 1476 finem
955 1428 1080 1476 meum
1103 1448 1146 1459 —
1169 1430 1235 1478 non
1258 1415 1361 1478 enimn

206 1516 268 1580 ait:
290 1512 419 1578 initium
436 1549 478 1560 -
496 1512 637 1597 <utinam
661 1513 766 1578 umen
787 1532 871 1579 nnnc
890 1512 1049 1598 initium>
1074 1515 1157 1598 qnod
1183 1519 1225 1582 ad
1247 1516 1334 1581 istam

206 1617 422 1700 quaestionem
445 1614 569 1696 attinet,
596 1635 647 1680 me
668 1617 790 1682 lateret.

248 1736 367 1801 Verum
389 1735 427 1800 de
449 1736 515 1819 ipso
538 1753 658 1819 quoque
681 1735 771 1802 initio
795 1755 863 1802 meo
886 1737 1029 1820 ingratus
1053 1738 1176 1805 doctori
1193 1758 1262 1805 meo
1276 1756 1334 1804 non

205 1858 286 1919 snm,
310 1840 391 1921 quod
414 1838 552 1903 animam
576 1839 745 1905 humanam
768 1840 914 1924 spiritum
937 1859 1011 1920 esse,
1034 1859 1096 1907 non
1112 1861 1238 1927 corpus,
1252 1861 1332 1908 eum·

206 1962 265 2025 que
298 1941 482 2008 rationalem
516 1943 568 2009 uel
601 1942 846 2008 intellectualem
880 1945 952 2028 scio,
988 1964 1044 2010 nec
1078 1964 1149 2010 eam
1186 1946 1238 2013 dei
1271 1963 1362 2011 essen

204 2048 362 2124 naturam,
401 2046 455 2111 sed
493 2045 598 2128 potius
636 2050 812 2112 creaturam
849 2048 1046 2131 aliquatenus
1083 2048 1265 2126 mortalem,
1301 2048 1331 2113 in

206 2152 359 2233 quantum
381 2150 414 2216 in
436 2152 572 2215 deterius
596 2152 783 2216 commutari
806 2155 837 2216 et
859 2172 878 2217 a
899 2153 967 2217 uita
988 2152 1048 2236 dei,
1082 2153 1175 2218 cuius
1210 2154 1332 2237 partici-

204 2253 332 2337 patione
361 2252 454 2318 beato
481 2254 528 2335 fit,
552 2252 682 2319 alienari
705 2255 818 2336 potest,
841 2254 874 2318 et
892 2254 1088 2336 aliquatenus
1110 2255 1328 2331 immortalem,

205 2358 353 2438 quoniam
384 2373 518 2434 sensum,
549 2374 609 2438 quo
633 2356 661 2420 ei
683 2358 755 2438 post
777 2356 858 2421 hanc
880 2356 981 2421 uitam
1004 2358 1053 2422 uel
1077 2359 1156 2425 bene
1181 2359 1235 2424 uel
1257 2356 1330 2423 male

205 2461 258 2542 sit,
288 2459 434 2524 amittere
462 2477 524 2523 non
552 2461 663 2542 potest.
709 2461 772 2525 scio
802 2459 898 2526 etiam
928 2477 990 2525 non
1023 2479 1092 2527 eam
1127 2479 1186 2544 pro
1218 2462 1356 2528 actius·

205 2564 279 2625 ante
311 2580 435 2627 carnem
464 2563 560 2645 gestis
592 2563 710 2628 includi
740 2562 774 2626 in
797 2582 885 2627 carne
914 2564 1075 2639 meruisse,
1111 2564 1165 2630 sed
1189 2584 1248 2631 neo
1268 2563 1328 2629 ideo

206 2681 274 2728 esse
298 2664 332 2728 in
354 2663 480 2728 homine
502 2665 570 2729 sine
592 2665 681 2731 sorde
704 2666 832 2748 peccati,
856 2685 911 2731 nec
933 2667 967 2731 si
989 2665 1108 2730 nnius
1132 2667 1236 2751 diei,
1257 2666 1328 2732 sicut

205 2768 356 2849 seriptum
389 2769 446 2846 est,
483 2767 609 2834 fuerit
638 2770 721 2835 uita
751 2769 834 2834 eius
864 2789 981 2853 super
1010 2773 1171 2836 terram.
1220 2790 1256 2839 ac
1282 2787 1327 2854 por

206 2870 265 2936 hoc
285 2872 350 2936 scio
373 2891 408 2936 ex
430 2872 533 2936 Adam
555 2892 610 2957 per
632 2874 745 2937 seriem
767 2874 979 2957 generationis
1001 2873 1068 2938 sine
1090 2880 1220 2957 peccato
1237 2873 1325 2940 nemi·

204 2992 278 3038 nem
302 2976 405 3039 nosci:
435 2975 518 3039 unde
548 2977 580 3039 et
609 2977 748 3059 paruulis
783 2977 994 3043 necessarium
1028 2979 1075 3041 est
1109 2997 1165 3061 per
1199 2976 1352 3062 gratiane

204 3077 449 3158 regenerationis
477 3077 507 3140 in
533 3076 654 3143 Christo
677 3080 807 3144 renasci.
845 3080 921 3144 haec
943 3084 1009 3144 tam
1031 3080 1136 3144 multa
1159 3099 1218 3146 nec
1241 3094 1326 3163 parua

204 3177 242 3242 de
264 3179 355 3244 initio
378 3180 429 3245 nel
451 3181 488 3244 de
510 3179 630 3261 origine
653 3181 827 3246 animarum
850 3186 1036 3258 nostrarum,
1060 3181 1094 3246 in
1111 3182 1228 3265 quibus
1244 3183 1326 3265 plura

203 3284 276 3346 sunt
310 3282 350 3347 ad
379 3301 446 3346 eam
479 3281 642 3348 scientiam
676 3285 873 3366 pertinentia,
908 3303 987 3367 quae
1019 3285 1080 3350 fide
1115 3290 1270 3361 constant,
1300 3285 1326 3347 et

203 3384 346 3451 didicisse
376 3405 427 3450 me
448 3385 589 3469 gratulor
612 3391 643 3450 et
666 3405 753 3452 nosse
776 3387 930 3453 confirmo.
970 3392 1159 3470 quapropter
1180 3389 1209 3453 si
1232 3386 1326 3453 nesdo

203 3486 237 3551 in
260 3488 376 3572 origine
400 3489 585 3570 animarum,
608 3493 713 3556 utrum
737 3492 807 3557 illas
824 3493 900 3556 deus
917 3492 1093 3557 hominibus
1109 3512 1147 3557 ex
1163 3494 1355 3577 propagines

204 3592 308 3670 faciat,
337 3612 412 3675 quas
436 3598 544 3658 tamen
566 3595 605 3659 ab
627 3594 693 3677 ipso
717 3594 785 3658 fieri
807 3613 867 3660 non
890 3594 1024 3678 ambige,
1047 3594 1129 3659 scire
1154 3596 1281 3678 quidem
1301 3594 1328 3657 et

204 3694 263 3760 hoc
295 3697 395 3780 magis
429 3696 509 3780 eligo
550 3717 644 3779 quam
674 3698 809 3781 nescire3
840 3699 895 3763 sed
925 3701 1073 3781 quamdiu
1104 3716 1165 3763 non
1198 3717 1328 3782 possum,

308 3879 498 3948 umus
601 3882 805 3946 umus

252 4045 270 4098 ⁶2
296 4059 331 4097 un
359 4046 433 4099 MV:
469 4065 502 4102 an
529 4054 651 4105 nostrum
676 4067 694 4105 a
807 4051 822 4103 7
850 4054 1192 4110 temeritatem-habeam
1219 4075 1252 4112 a:
1288 4073 1335 4113 on.

202 4128 283 4273 ΜΥγ
400 4132 429 4184 11
457 4134 728 4206 utinam-initium]
757 4153 807 4192 om.
834 4137 899 4193 MV
1028 4139 1059 4194 21
1086 4141 1132 4194 sed
1158 4159 1207 4197 nec
1230 4160 1264 4197 o:
1294 4143 1336 4199 sed

201 4230 234 4268 ne
