2760 4814
248 322 418 391 Excerpta
435 337 470 375 er
488 337 558 391 opp.
577 322 602 377 S.
621 322 814 392 Augustini
837 322 996 379 CCCVIIII.
1124 326 1189 393 993

51 512 179 595 quaerit
200 512 368 594 laetitiam,
392 513 429 576 ut
451 510 489 576 de
512 510 674 577 hominum
697 510 843 576 laudibus
862 511 1030 577 carnaliter
1041 514 1188 597 gaudeat.

50 633 127 682 caro
149 617 242 695 enim,
278 634 358 698 quae
381 614 524 680 subiecta
558 632 624 679 esse
646 613 748 692 debet,
783 614 870 680 nullo
900 616 993 682 modo
1022 619 1070 682 est
1091 614 1189 683 totius

48 722 183 785 naturae
212 721 366 787 humanae
396 723 499 803 eaput.
536 735 647 782 nemo
678 716 804 799 quidem
832 737 1012 801 umquam
1035 738 1189 786 earnem

48 841 162 889 snam
183 824 271 889 odio
296 822 453 900 hahuit,
478 822 562 887 sieut
584 821 743 903 apostolus
766 821 854 899 dicit,
876 841 945 889 oum
970 824 1008 889 do
1031 822 1189 905 diligenda

21 945 145 993 surore
174 927 343 1011 praecipit3
377 926 431 992 sed
463 925 580 1009 caput
609 924 791 992 mulieris
813 925 893 1004 uir,
928 929 978 992 oui
1000 945 1072 992 uero
1095 930 1188 1009 eaput

48 1036 101 1097 est
123 1029 277 1097 Christus.
315 1031 446 1096 interius
480 1048 552 1113 ergo
585 1031 723 1113 gaudeat
756 1032 790 1095 in
824 1028 938 1095 ieiunio
972 1047 1027 1095 suo
1050 1048 1085 1094 eo
1107 1030 1187 1113 ipso,

51 1153 115 1219 quo
137 1134 181 1200 sio
210 1154 242 1200 se
264 1134 430 1201 ieiunando
461 1133 578 1199 auertit
601 1151 621 1198 a
642 1133 805 1216 uoluptate
828 1132 957 1213 saeculi,
991 1135 1027 1198 ut
1048 1133 1091 1199 sit
1113 1134 1187 1199 sub·

48 1238 139 1307 ditus
161 1237 296 1323 Christo,
331 1239 384 1323 qui
418 1238 588 1304 secundum
623 1237 681 1303 hoo
715 1240 915 1324 praeceptum
938 1242 1032 1322 capnt
1054 1237 1187 1301 unctum

47 1342 167 1408 habere
202 1342 368 1408 desiderat.
413 1342 459 1406 ita
492 1342 576 1407 enim
609 1344 642 1406 et
670 1341 784 1408 faciem
825 1342 956 1421 lauabit,
994 1341 1102 1406 idest
1133 1357 1187 1404 cor

10 1468 37 1509 ro
46 1445 227 1523 mundabit,
263 1463 323 1527 quo
357 1445 482 1510 uisurus
516 1450 563 1509 est
596 1445 690 1510 deum
724 1463 786 1510 non
814 1446 1000 1529 interposito
1029 1438 1185 1508 uelamine

44 1549 176 1632 propter
205 1547 424 1613 infirmitatem
454 1546 649 1612 contractam
676 1546 715 1610 de
744 1547 903 1627 sordibus,
937 1548 991 1614 sod
1020 1546 1131 1612 firmus
1154 1547 1187 1610 et

46 1648 190 1734 stabilis,
214 1651 361 1733 quoniam
383 1652 520 1715 mundus
543 1653 591 1715 est
615 1650 648 1714 et
669 1650 810 1733 simplex.
834 1650 1048 1728 lauamini,
1071 1650 1183 1732 inquit,

44 1754 185 1821 mundi
209 1756 351 1834 estote,
380 1751 538 1819 auferte
567 1752 773 1835 nequitiae
801 1753 846 1819 ab
869 1754 1010 1819 animis
1033 1754 1185 1818 uestris

44 1862 171 1940 atque
210 1861 427 1941 conspectu
464 1855 668 1921 oculorum
706 1874 890 1922 meorum.
928 1857 968 1922 ab
998 1855 1049 1921 his
1085 1855 1185 1939 igitur

10 1960 194 2031 nsordilrus
223 1960 318 2026 iacies
342 1961 451 2025 nostra
472 1959 609 2025 lauanda
631 1960 689 2039 est,
713 1959 827 2042 quibus
850 1960 901 2025 dei
922 1959 1067 2042 aspectus
1088 1957 1184 2024 offen·

44 2064 145 2131 ditur.
178 2082 248 2129 nos
271 2065 404 2130 autem
426 2063 609 2129 reuelata
638 2062 740 2128 laoie
771 2062 940 2146 gloriam
962 2062 1026 2128 dei
1049 2079 1185 2145 specu·

43 2168 177 2234 lantes
199 2168 238 2232 in
262 2167 420 2233 eandem
443 2167 652 2247 imaginem
675 2165 1066 2232 transformabimur.

92 2288 192 2371 Saepe
216 2286 315 2354 etiarn
338 2290 486 2373 cogitatio
510 2288 754 2355 necessariarum
777 2308 882 2355 rerum
905 2286 945 2353 ad
968 2288 1062 2352 istam
1080 2284 1180 2349 uitam

44 2390 277 2477 pertinentium
300 2393 333 2457 et
354 2392 476 2459 sauciat
499 2395 530 2457 et
548 2392 688 2458 sordidat
702 2391 883 2458 interiorem
899 2390 1024 2456 oculum
1039 2391 1182 2454 nostrum

10 2498 79 2565 root
102 2498 287 2579 plemmque
310 2496 523 2580 conduplicat,
546 2498 584 2561 ut
605 2513 641 2560 ea
673 2513 752 2577 quae
775 2494 922 2561 uidemur
950 2510 1023 2558 eum
1045 2489 1181 2557 homini-
1284 2560 1286 2565 ,

44 2602 107 2667 bns
129 2602 213 2665 recte
243 2598 346 2664 facere
373 2617 437 2665 non
468 2617 502 2664 eo
530 2598 622 2664 corde
645 2598 809 2677 faciamus,
841 2615 901 2682 qno
923 2596 1069 2662 dominus
1090 2612 1181 2678 prae-

44 2704 136 2787 cipit,
167 2704 199 2769 id
223 2706 272 2768 est
294 2702 369 2784 quia
392 2719 442 2766 eos
467 2700 639 2786 diligimus,
668 2702 723 2766 sed
747 2702 820 2784 quia
849 2700 1047 2767 commodum
1075 2696 1183 2763 abeis

44 2807 175 2892 aliquod
198 2809 325 2890 propter
348 2804 566 2871 necessitatem
590 2805 763 2888 praesentis
777 2804 864 2870 uitae
879 2802 1010 2887 adipisci
1025 2802 1181 2867 uolumus.

44 2910 196 2977 debemus
230 2909 336 2974 autem
370 2909 449 2975 bone
482 2909 583 2975 iacere
617 2908 682 2974 illis
714 2910 843 2992 propter
875 2908 1010 2975 salutem
1039 2905 1181 2989 ipsorum

10 3017 220 3091 scoternam,
243 3030 306 3078 non
324 3012 451 3095 propter
466 3012 638 3096 temporale
654 3013 855 3078 commodum
870 3015 1023 3076 nostrum.
1047 3005 1181 3072 inclinet

44 3134 121 3199 ergo
142 3116 220 3181 dous
251 3133 303 3180 cor
331 3117 476 3180 nostmm
506 3114 540 3179 in
561 3115 744 3180 testimonia
765 3134 832 3195 sua,
863 3118 895 3180 et
917 3131 980 3178 non
1001 3111 1036 3177 in
1058 3108 1179 3175 emolu-

42 3222 199 3285 mentum.
239 3219 337 3284 linis
367 3219 451 3284 enim
479 3218 686 3303 praecepti
720 3219 780 3285 est
810 3218 962 3283 caritas
992 3216 1039 3281 de
1067 3212 1180 3279 eorde

148 3419 346 3489 surpasse
432 3419 651 3488 5100r.11,a
739 3422 771 3476 12
789 3421 834 3481 aa.
854 3424 877 3489 1,
897 3422 931 3476 rc
1018 3417 1179 3476 rancor.

42 3508 69 3573 a,
89 3508 123 3562 rs
226 3506 509 3571 reaccensae
613 3507 646 3561 aa
664 3508 679 3562 1
698 3507 767 3561 urm.
787 3509 846 3573 1,5

28 3686 34 3699 '
97 3692 410 3748 llaudibushominum
429 3690 457 3747 P
541 3682 780 3762 3um⁴¹'⁸'(quam
792 3693 905 3747 addere.
918 3695 949 3761 2)
971 3693 998 3747 V
1080 3696 1180 3749 duero

49 3779 83 3835 V:
109 3780 170 3834 uiro
191 3780 245 3833 GP
336 3778 417 3847 lqno
435 3778 471 3831 V:
499 3780 586 3848 quiP
671 3781 705 3834 10
723 3780 801 3834 deum
813 3778 893 3833 P²Vr
920 3779 1111 3835 dominnmP¹

43 3868 78 3923 12
94 3868 138 3921 est
156 3865 191 3920 V:
221 3882 272 3921 om.
295 3866 323 3920 P
427 3865 460 3919 14
483 3870 625 3934 conspectu
644 3866 678 3920 V:
708 3868 885 3935 aeonspectn
902 3866 931 3920 P
1032 3866 1067 3921 16
1090 3866 1179 3920 antam

45 3986 82 4043 V:
112 3986 185 4040 enim
213 3984 268 4041 on
371 3985 404 4039 17
432 3960 524 4040 auem
541 3988 570 4053 (n
589 3988 655 4042 aee.
673 4005 707 4043 m.
726 3990 755 4057 a)
779 3988 805 4042 V
907 3990 940 4043 18
962 3988 1092 4059 eegreuo
1112 3989 1179 4045 en:

40 4072 210 4143 cogitatione
232 4072 259 4126 V
360 4072 393 4125 19
411 4074 455 4126 et
472 4072 576 4128 raucus
589 4078 613 4139 (s
624 4076 691 4143 rao.)
713 4074 739 4128 V
840 4073 875 4128 20
892 4073 1065 4143 conduplicat
1084 4073 1178 4130 GPV:

39 4174 87 4215 cor
105 4157 227 4227 duplicat
245 4175 264 4212 a
350 4158 382 4211 21
402 4173 455 4227 quo
473 4158 553 4213 P¹V:
581 4159 652 4228 quod
671 4160 710 4214 P’
801 4160 938 4229 praecepit
954 4159 983 4213 P
1064 4158 1098 4213 22
1116 4161 1179 4229 qnia

39 4280 87 4319 eos
106 4261 213 4319 G¹PV:
243 4261 309 4331 qnia
326 4250 358 4274 ”⁸
370 4277 413 4315 eos
437 4262 474 4317 θ’
577 4264 611 4318 25
629 4264 803 4335 temporalem
820 4262 882 4319 PV

88 4364 186 4421 VIIII·
1041 4366 1076 4421 63
