2760 4814
182 343 254 411 ‚390
361 406 365 413 ,
433 407 436 411 ,
671 341 836 413 Eugippii

190 530 322 601 eendnm
354 531 446 610 esset,
482 535 562 614 qnod
594 534 766 616 populns
799 534 966 601 uidebat
998 552 1131 599 nonem
1154 535 1194 599 et
1225 535 1324 601 inm·

190 636 317 721 pedon
339 636 379 701 et
400 652 532 703 nooern
555 636 676 708 tuboe
698 637 737 702 et
757 641 923 705 montem
953 637 1192 721 fumantem,
1224 657 1322 722 qnne-

190 740 252 805 otio
273 737 373 805 moion
406 741 552 816 oreretur,
582 741 734 822 quomodo
767 739 913 808 audiebat
942 740 1104 823 lampados
1126 744 1158 806 et
1180 745 1321 809 montem

191 840 373 923 fumantem,
403 841 484 924 quod
506 844 644 923 pertinet
666 843 706 910 nd
728 861 854 913 oenonm
877 843 1018 910 nidendi.
1051 843 1113 909 nisi
1141 843 1211 927 quin
1235 845 1321 910 dient

191 963 248 1010 neo
271 946 338 1011 torn
360 943 499 1011 breuiter
513 945 677 1013 dioendnm
694 945 800 1026 iniere,
824 951 860 1014 nt
887 949 991 1014 totum
1017 946 1185 1015 diceretur:
1212 948 1323 1014 ondie·
1347 971 1362 1013 n

192 1047 248 1114 bot
277 1065 383 1117 nooem
413 1051 445 1113 et
472 1047 600 1117 uidebat
630 1047 789 1133 lempodon
812 1050 845 1115 et
865 1051 1011 1117 audiebat
1037 1069 1147 1117 nonem
1168 1051 1266 1116 tuboe
1289 1052 1323 1117 et

192 1149 322 1219 uidebat
350 1152 488 1219 montem
514 1151 700 1221 tomnntenn
737 1154 798 1219 dno
823 1153 936 1238 qnippe
969 1171 1083 1237 genero
1115 1152 1200 1219 nocie
1222 1155 1322 1238 erent,

146 1274 152 1286 ·
193 1258 226 1318 et
248 1254 286 1319 do
308 1254 453 1334 nubibus,
488 1257 568 1322 nient
600 1256 751 1336 tonitruo,
785 1256 877 1323 etde
902 1255 993 1336 tubo,
1031 1255 1059 1322 oi
1088 1259 1195 1323 tamen
1220 1257 1322 1342 ipson

193 1357 273 1425 dixit
294 1375 413 1437 nonem,
436 1376 514 1440 quoe
532 1359 571 1426 de
593 1360 727 1426 nnbibne
748 1360 908 1427 edebatur.
939 1379 976 1426 no
998 1378 1051 1443 per
1070 1358 1129 1424 boo
1151 1359 1266 1424 melino
1287 1361 1322 1425 in

192 1459 242 1527 bie
265 1479 343 1545 quoe
364 1462 404 1529 ed
425 1480 551 1528 sensnm
575 1463 719 1530 audiendi
740 1463 941 1547 pertinebant
961 1462 1115 1547 generetis
1136 1481 1244 1529 oenone
1276 1465 1361 1529 entre

193 1562 322 1647 positus,
352 1565 411 1631 hoe
433 1570 481 1630 eet
503 1566 640 1644 uidendi,
669 1584 738 1632 oum
763 1568 899 1635 breuiter
920 1568 1024 1633 totum
1046 1566 1143 1631 uellet
1164 1565 1324 1649 eoriptnrn

192 1667 370 1749 nonnoni,
399 1685 494 1751 qnam
516 1670 552 1735 nt
572 1668 607 1733 in
629 1668 678 1733 bie
700 1688 778 1753 quoe
800 1670 959 1752 pertinent
980 1671 1020 1736 nd
1042 1669 1166 1735 uidendi
1194 1686 1324 1734 nonnum

193 1771 490 1855 subintellegeretnr
512 1772 657 1841 nuditus:
683 1791 744 1857 qno
766 1791 852 1839 more
878 1773 962 1856 loqui
985 1792 1047 1839 non
1067 1775 1215 1839 solemne.
1248 1790 1323 1838 nom

194 1875 287 1954 „nido
319 1875 395 1959 qnid
428 1875 534 1941 sonet“
569 1877 706 1943 eolernne
737 1877 857 1960 dioere;
893 1877 987 1963 „endi
1009 1876 1084 1960 qnid
1110 1875 1232 1942 lnoeot“
1258 1894 1321 1941 non

192 1978 339 2046 solemne.
1333 2003 1359 2046 re

714 2266 805 2353 (III.

193 2475 241 2522 DE
261 2472 317 2525 DIS
340 2475 531 2526 AEGENTEIS
553 2478 597 2525 ΕΤ
618 2477 741 2527 AVREIS
770 2479 863 2527 FIERI
892 2474 1091 2527 PEAECEP'IO
1116 2474 1325 2525 PEOHIBITIS.

399 2581 447 2627 EX
468 2579 588 2628 EODEM
612 2579 716 2628 mono
738 2579 980 2641 QVAESTIONVM
1002 2577 1118 2627 EXODI.

117 2702 185 2773 126
244 2715 326 2784 Non
347 2714 509 2785 fnoietio
530 2717 641 2785 nobie
664 2717 754 2785 deon
777 2719 989 2802 argenteos
1011 2719 1050 2783 et
1072 2716 1163 2782 deos
1186 2734 1329 2784 eureos

202 2835 275 2885 non
307 2819 473 2888 tooietie
505 2820 625 2895 uobis,
664 2820 820 2907 repetitur
851 2819 933 2905 qnod
964 2820 999 2886 in
1028 2821 1130 2902 primo
1160 2819 1363 2902 proeeopne

202 2923 394 2994 inonlootnm
428 2926 492 3009 θεῖς
524 2925 557 2990 et
585 2943 621 2995 ox
649 2923 697 2993 dis
723 2924 878 3007 argenteio
900 2924 933 2989 ot
954 2925 1054 2989 anreie
1083 2921 1189 2988 omnin
1220 2923 1330 3005 ntique

204 3029 371 3107 simnlnorn
404 3025 640 3113 intelleguntur,
673 3026 754 3096 nient
781 3028 815 3101 in
847 3025 903 3093 illo
932 3027 1030 3093 etiem
1058 3024 1196 3109 psalmo:
1222 3025 1331 3092 idoln

194 3135 374 3218 gentium
395 3135 603 3220 argentum
625 3133 663 3200 ot
684 3151 830 3200 nnrnnn

298 3343 331 3399 19
348 3343 395 3400 Ex.
413 3344 456 3412 20,
473 3343 508 3399 23
609 3344 643 3401 22
661 3343 704 3400 Pe.
726 3344 783 3408 184.
803 3344 834 3399 15

251 3546 265 3601 1
286 3561 393 3601 noeeeo
496 3545 513 3599 3
531 3544 646 3598 oriretur
662 3559 680 3597 o
781 3540 934 3598 bbrebiter
954 3539 981 3592 V
1079 3537 1261 3609 dlnpndnoo

194 3631 215 3687 8
232 3632 405 3687 thonitrnno
490 3631 550 3700 ipen
570 3629 597 3685 V
688 3627 720 3684 12
737 3628 776 3698 in]
794 3643 879 3683 oeno
964 3625 1082 3695 pertinet
1101 3625 1127 3680 1'
1221 3623 1256 3679 13
1274 3636 1330 3677 non

196 3735 227 3774 o:
254 3733 303 3772 noo
322 3715 377 3772 TV
477 3716 637 3782 leonnato
742 3713 774 3771 16
791 3729 852 3782 cop.
871 3710 958 3767 om
976 3711 1005 3765 P
1029 3708 1154 3766 CXXVII
1173 3709 1230 3777 0¹²3
1256 3707 1330 3763 deese

197 3803 231 3858 io
259 3803 284 3857 T
392 3802 425 3856 17
450 3802 502 3857 diie
531 3801 602 3858 01²0
705 3797 859 3869 prohibitis]
886 3795 1023 3866 prohibuit
1051 3793 1077 3851 0
1183 3795 1217 3849 18
1243 3793 1330 3863 exodi]

198 3891 289 3961 genesi
307 3888 371 3945 MV
470 3889 506 3945 20
522 3888 669 3960 reppetitnr
688 3886 732 3944 Go
762 3899 768 3913 ·
834 3885 866 3940 21
885 3884 937 3939 diin
957 3883 1027 3940 GPo
1125 3881 1220 3951 ntique
1237 3881 1333 3936 omnin

197 3978 270 4037 olo
