2760 4814
180 348 346 421 Excerpta
363 366 398 405 ex
417 367 487 422 opp.
505 351 530 405 S.
550 354 630 422 Aug.
649 351 853 409 CCLXXXVH.
872 352 1093 409 coemunt.
1137 356 1200 425 929

67 538 203 605 eandem
224 540 383 607 salubrem
399 542 571 607 doctrinam
587 544 807 625 praedicantur
822 546 854 609 et
868 543 1066 626 disputentur
1081 545 1194 609 admit·

65 646 126 718 tat,
156 662 195 708 ue
224 664 280 726 per
309 644 528 710 infidelitatem
559 648 650 712 eorde
680 647 784 712 elause
808 664 844 713 ea
866 665 944 729 quae
966 647 1113 712 dicuutur
1135 647 1202 711 im-

64 745 180 828 probet
210 765 248 811 ae
276 748 431 830 repellat?
460 751 542 815 uude
565 751 597 815 et
620 750 659 815 ad
681 748 856 816 Corinthios
880 750 909 815 ei
933 775 941 813 t
966 751 1207 833 permanebo

64 851 198 918 autem
227 850 374 933 Ephesi
404 870 530 934 usque
556 853 601 917 ed
623 855 899 934 pentecostem
923 852 1071 918 estium
1094 854 1198 918 enim

42 955 164 1024 emilii
186 955 369 1036 apertum
393 958 452 1018 est
474 973 652 1039 magnum
668 960 705 1021 et
721 957 902 1036 euidens,
919 957 1199 1022 eteduersarii

65 1057 195 1124 multi.
227 1057 301 1139 quid
323 1058 375 1122 hie
397 1058 482 1123 aliud
505 1062 607 1141 potest
631 1058 775 1143 intellegi
796 1060 858 1124 nisi
882 1061 1056 1143 praedicato
1080 1060 1124 1124 ibi
1147 1079 1202 1142 per

67 1181 141 1228 eum
171 1161 318 1243 primitus
348 1161 513 1245 euangelio
540 1162 705 1228 credidisse
727 1164 844 1228 multos
867 1167 899 1228 et
922 1163 1037 1227 multos
1060 1163 1198 1227 eiusdem

67 1264 141 1330 fidei
179 1264 372 1330 aduersarios
409 1266 550 1331 extitisse
587 1269 757 1332 secuudum
794 1267 874 1332 illud
911 1267 1043 1331 demini:
1087 1285 1201 1332 nemo

66 1369 181 1435 uenit
203 1369 249 1434 ad
271 1386 342 1444 me,
365 1369 444 1433 uisi
467 1371 530 1435 eui
554 1370 687 1434 datum
709 1370 834 1434 fuerit
856 1390 874 1434 e
896 1371 1010 1451 patre
1033 1387 1133 1447 meo,¹
1152 1370 1199 1433 et:

31 1473 180 1542 rouobis
212 1475 344 1537 datum
374 1474 431 1537 est
453 1491 563 1538 nesse
585 1474 820 1555 mysterium
844 1473 955 1555 regui
980 1471 1197 1552 caelorum,

66 1574 158 1641 illis
191 1577 321 1640 autem
355 1595 429 1640 nen
463 1578 525 1642 est
558 1576 714 1642 datum?
743 1578 856 1641 estium
887 1594 961 1657 ergo
984 1580 1128 1658 apertum
1151 1577 1199 1641 est
1247 1582 1250 1589 '

66 1681 98 1744 in
123 1679 168 1743 eis
191 1679 303 1760 quibus
327 1680 438 1743 datum
460 1680 516 1754 est,
541 1681 711 1745 aduersarii
735 1685 841 1745 eutem
864 1678 958 1743 multi
975 1698 1009 1743 er
1025 1679 1069 1743 eis
1085 1677 1197 1759 quibus

66 1799 130 1846 non
152 1782 202 1845 est
225 1782 345 1847 datum.

108 1903 253 1984 Itemque
286 1902 326 1968 ad
360 1901 481 1967 eosdem
515 1903 549 1966 in
582 1902 717 1967 secunda
747 1902 885 1983 epistula
914 1902 997 1964 idem
1020 1900 1194 1983 apestolus:

36 2025 154 2079 rreum
177 2008 390 2083 uenissem,
413 2006 524 2088 inquit,
548 2006 787 2071 Troademin
804 2001 1199 2088 euangeliochristi,

65 2112 104 2174 et
126 2108 278 2173 estium
300 2110 398 2173 mihi
420 2111 601 2193 apertum
618 2115 722 2175 esset
738 2110 778 2174 in
795 2110 964 2187 domine,
987 2106 1196 2172 nouhebui

64 2212 243 2295 requiem
279 2213 443 2295 spiritui
480 2230 579 2295 meo,
617 2215 718 2295 quod
755 2231 831 2277 nou
873 2211 1011 2275 iuueni
1047 2211 1191 2287 Titum,

64 2315 235 2381 tratrem
257 2333 398 2389 meum,
422 2316 488 2380 sed
510 2315 599 2379 uele
623 2315 710 2379 illis
734 2315 888 2379 faciens
911 2313 988 2377 exii
1010 2313 1050 2376 iu
1072 2313 1194 2377 Maee-

62 2418 231 2485 deniam.
259 2417 372 2499 quibus
388 2417 459 2482 uale
474 2417 559 2495 feeit,
574 2419 634 2482 uisi
652 2417 765 2499 eisqui
782 2416 990 2499 erediderunt,
1012 2414 1045 2478 iu
1065 2431 1196 2496 querum

30 2521 188 2588 »scilieet
210 2521 352 2586 mrdibus
374 2522 598 2604 euangelizarrti
618 2524 761 2603 apertum
778 2525 825 2586 est
841 2520 980 2584 ostium?
1002 2519 1077 2600 quid
1092 2519 1196 2582 autem

59 2624 219 2708 adiunget
232 2624 403 2690 attendite:
421 2626 488 2689 deo
511 2626 663 2707 autem,
686 2624 798 2707 inquit,
820 2623 991 2707 gratius,
1015 2622 1080 2704 qui
1103 2640 1198 2686 sem·

59 2747 136 2812 per
165 2725 415 2819 triumphare
437 2745 502 2792 nos
525 2726 625 2791 feeit
646 2730 684 2791 in
706 2726 869 2793 Christo
891 2729 928 2790 et
950 2725 1108 2790 oderem
1136 2742 1199 2790 uo-

58 2829 186 2896 titiae
215 2848 306 2894 suae
335 2831 576 2896 manifestat
604 2850 671 2912 per
700 2850 765 2896 uos
787 2829 828 2894 in
851 2831 954 2893 omni
976 2829 1080 2907 loeo,
1104 2829 1198 2908 quie

58 2932 220 3001 Christi
243 2933 364 2998 benus
388 2933 480 2997 odor
503 2953 633 2998 sumus
656 2934 722 2998 deo
746 2933 785 2997 in
804 2932 864 2997 his
882 2932 947 3014 qui
965 2931 1068 2995 salui
1088 2929 1199 2993 fiunt

10 3050 46 3099 *a
61 3038 103 3105 et
120 3036 162 3101 in
179 3035 239 3101 his
255 3037 320 3119 qui
335 3039 513 3119 pereunt,
534 3037 765 3119 quibusdum
782 3036 935 3119 quidem
951 3032 1197 3099 odermortie

61 3140 102 3205 iu
125 3141 302 3218 mertem,
333 3140 568 3221 quibusdam
596 3141 727 3204 autem
749 3140 842 3204 odor
864 3138 974 3203 uitae
1002 3138 1040 3202 in
1064 3137 1195 3202 uitem.

60 3260 138 3308 eeee
168 3243 249 3308 unde
272 3243 389 3325 gratias
411 3244 478 3325 agit
498 3243 590 3307 miles
614 3244 782 3308 acerrimus
805 3242 838 3305 et
860 3241 1002 3306 defenser
1024 3239 1195 3305 inuietissi-

60 3364 135 3411 mus
161 3346 298 3428 gretiam
322 3364 391 3411 ecee
413 3349 493 3412 unde
516 3348 635 3431 gratias
659 3348 740 3430 agit:
764 3345 837 3428 quia
861 3343 979 3409 Christi
1002 3344 1099 3408 benus
1122 3344 1195 3408 eder

60 3453 138 3515 suut
160 3450 292 3531 apostoli
316 3451 372 3515 deo
395 3452 429 3513 et
450 3450 483 3514 in
499 3449 546 3515 his
570 3449 622 3532 qui
646 3450 727 3514 salui
750 3448 830 3513 liunt
851 3448 955 3530 gratia
970 3448 1036 3511 eius
1052 3448 1083 3510 et
1098 3445 1131 3510 in
1147 3446 1196 3510 hie

166 3659 301 3716 31001.
327 3660 369 3725 16,
393 3660 460 3728 8eq.
563 3660 647 3714 810.
670 3660 695 3723 6,
714 3660 748 3713 65
851 3659 885 3712 10
911 3658 1010 3712 lllatth.
1035 3660 1125 3723 13,11

65 3746 98 3801 15
119 3745 150 3801 11
169 3745 228 3801 Cer.
246 3746 272 3813 2,
292 3746 393 3799 12-17

115 3943 150 3998 14
160 3942 265 3997 eosdem
280 3941 314 3996 V:
332 3956 377 3994 eos
390 3940 418 3995 P
503 3941 616 4010 epistole
630 3940 683 3995 GP
774 3941 807 3993 15
819 3939 939 3993 troadem
953 3939 1004 3993 1³¹:
1023 3938 1115 3993 troade
1131 3938 1195 3993 01²²

67 4028 94 4083 V
176 4028 315 4097 euangelio
329 4026 396 4082 GV:
423 4027 593 4096 euangelium
606 4027 634 4081 P
723 4026 755 4078 ll
773 4024 845 4093 quod
863 4023 931 4078 PVz
960 4041 991 4078 ee
1008 4024 1126 4093 quodG

65 4114 208 4171 luteciam
218 4114 276 4168 illie
288 4114 317 4168 P
384 4114 436 4167 exii
448 4113 527 4167 P‘V:
545 4113 586 4167 exi
600 4112 677 4167 G¹P¹
696 4112 766 4166 exiui
782 4111 820 4165 θ’
888 4110 1086 4165 machedoniam
1102 4110 1127 4165 V

62 4200 98 4255 20
120 4200 318 4269 euangelimnti
344 4200 409 4254 GP:
440 4199 619 4267 euangelizeti
648 4197 673 4251 V
783 4195 817 4250 29
840 4197 869 4249 in
891 4196 935 4249 luis
958 4196 1005 4264 qui
1028 4196 1098 4250 salui
1125 4195 1192 4250 GP:

62 4286 632 4357 tinq.e.V<efip.191,13.s70,19)

112 4389 208 4446 VIIII·
1055 4386 1089 4439 59
