2760 4814
131 309 212 374 1066
612 299 777 370 Ennianii

129 494 266 578 puluis
295 494 333 557 in
361 493 527 567 terram,
558 490 666 555 sieut
688 492 792 566 erat,
823 491 860 552 et
881 490 1058 571 spiritus
1089 492 1256 554 tenente

129 603 193 664 tur
217 596 265 661 ad
289 596 419 675 deum,
443 594 509 676 qui
532 592 643 657 dedit
665 611 758 656 eum.
797 591 851 655 sed
874 591 1256 676 iaeillimerespondetnr:

129 717 241 782 eorpus
262 699 295 764 in
317 700 446 773 terram,
470 698 507 761 de
530 714 591 778 qua
614 695 732 761 factum
754 699 803 760 est
824 694 961 777 primum
983 694 1127 760 hominis
1143 712 1254 778 corun.

129 804 161 868 et
191 801 320 885 spiritus
350 802 388 866 ad
417 801 521 881 deum,
551 818 569 862 a
597 816 657 880 quo
679 798 764 863 faeta
786 804 835 862 est
858 800 959 880 prima
980 797 1126 863 hominis
1149 799 1257 863 anima.

132 906 232 986 „sient
260 906 343 968 enim
366 904 506 968 nostrum
530 901 658 985 eorpus“
683 901 830 982 inquiunt
855 901 1061 985 „<quamuis>
1093 919 1135 966 ex
1165 901 1282 984 primur

129 1007 184 1072 illo
207 1026 334 1089 corpere
356 1005 561 1090 propagatum
584 1004 636 1083 sit,
666 1022 701 1068 eu
725 1008 832 1069 tamen
855 1005 937 1069 redit
960 1008 1043 1070 unde
1066 1006 1176 1086 ipsum
1198 1003 1256 1086 pri·

129 1130 217 1175 mum
240 1126 351 1191 eorpus
374 1107 519 1173 effectum
541 1109 599 1183 esi,
629 1107 673 1172 sie
703 1108 809 1172 anima
830 1110 945 1184 nestra,
969 1108 1117 1189 quamuis
1142 1126 1180 1171 ex
1207 1104 1256 1170 illa

129 1214 233 1277 anima
263 1216 440 1294 propagata,
472 1228 531 1275 non
560 1211 599 1276 ad
631 1210 776 1291 nihilum,
808 1211 881 1293 quia
911 1212 1102 1276 immortalis
1127 1214 1187 1293 est,
1209 1212 1256 1275 sed

130 1313 170 1379 ad
192 1314 283 1379 iilum
306 1313 387 1378 redii
403 1332 421 1377 a
436 1332 495 1396 quo
511 1315 580 1395 ipsa
601 1314 702 1395 prima
725 1314 830 1378 anima
853 1314 937 1379 faeta
959 1315 1036 1378 est.“
1069 1331 1108 1379 ae
1131 1332 1187 1396 per
1207 1312 1257 1377 hor

130 1417 211 1482 illud
240 1420 320 1498 quod
350 1417 501 1497 scriptum
531 1416 577 1480 est
604 1417 642 1481 de
670 1417 783 1498 spiritu
817 1419 964 1500 cuiusque
999 1417 1152 1496 heminis,
1182 1414 1283 1499 quoda

130 1519 240 1585 redeat
266 1523 304 1584 ad
328 1522 430 1593 deum,
460 1519 513 1601 qui
537 1520 622 1585 dedit
645 1539 725 1595 eum,
750 1539 812 1585 nun
834 1520 930 1587 soluit
951 1521 1050 1585 istam
1074 1517 1255 1585 obseurissi-

131 1642 214 1689 mam
245 1622 467 1706 quaestionem,
497 1623 580 1704 quia,
609 1623 674 1688 siue
703 1643 739 1688 ex
761 1624 817 1689 ille
843 1641 905 1688 une
927 1622 995 1689 siue
1017 1643 1056 1689 ex
1078 1622 1170 1690 nulle
1190 1622 1255 1689 alin.

131 1725 335 1807 deusutique
359 1726 445 1790 dedit
468 1745 548 1791 eum.

178 1846 320 1929 Itemque
342 1844 392 1910 illi
414 1845 469 1928 qui
484 1846 685 1929 propaginem
700 1846 876 1912 animarum
891 1847 1122 1912 inconsiderata
1137 1846 1256 1911 temeri·

132 1952 198 2015 tate
221 1950 399 2026 defendunt,
422 1950 504 2014 inter
526 1951 588 2014 aiia
610 1950 801 2031 testimonia,
824 1968 902 2032 quae
925 1969 998 2015 suae
1021 1969 1137 2016 causae
1151 1950 1281 2016 suffra-s

131 2054 200 2137 gari
228 2054 428 2133 arbitrantur,
461 2053 582 2116 nulium
611 2055 699 2135 quasi
731 2053 927 2118 manifestius
959 2058 991 2118 et
1014 2055 1195 2136 expressius
1208 2069 1255 2136 pru

132 2175 164 2229 se
186 2158 315 2240 possunt
337 2159 446 2238 putare
468 2156 695 2238 proferendum,
718 2175 812 2239 quam
835 2158 866 2221 id
889 2157 972 2239 qued
987 2158 1021 2221 in
1037 2155 1155 2223 Genesi
1170 2156 1255 2237 serie

129 2264 199 2324 tum
237 2265 299 2324 est:
338 2277 466 2324 omnes
505 2263 637 2325 antem
674 2260 842 2341 animae,
879 2278 976 2342 quae
1006 2258 1254 2326 introierunt

131 2382 214 2428 eum
237 2360 353 2428 Iacob
378 2362 418 2427 in
442 2364 677 2446 Aegyptum,
695 2362 956 2445 quiexierunt
981 2362 1253 2429 defemoribus

131 2467 226 2531 eius.
255 2466 314 2530 hoe
336 2465 421 2530 enim
445 2465 534 2531 uelut
556 2466 792 2531 euidentissime
816 2467 993 2531 testimonio
1016 2469 1156 2549 possunt
1177 2462 1279 2531 eredis

133 2569 255 2634 animae
279 2568 415 2633 infilius
438 2587 474 2632 ex
495 2569 676 2652 parentibus
689 2572 866 2653 propagari.
890 2570 1037 2651 quoniam
1061 2570 1144 2635 satis
1159 2573 1254 2654 aperte

130 2672 251 2737 dietum
279 2674 403 2737 uidetur
429 2672 549 2736 animas
578 2672 674 2737 etiarn
703 2674 741 2738 de
771 2672 941 2738 femoribus
971 2671 1081 2751 Iacob,
1112 2692 1175 2738 non
1196 2669 1252 2736 seir

130 2774 231 2840 exisse
266 2792 394 2858 corpora
427 2774 573 2852 tiliorum,
618 2776 655 2840 ut
688 2794 723 2841 ee
757 2777 847 2841 modo
881 2777 975 2840 etiam
1004 2775 1087 2840 illud
1116 2771 1252 2853 intellegi

132 2878 233 2943 uelint
255 2881 383 2960 aparte
405 2881 517 2956 tutum,
548 2879 629 2961 quod
652 2878 732 2944 dixit
756 2879 866 2957 Adam,
891 2898 961 2944 eum
985 2876 1034 2942 illi
1057 2878 1175 2944 mulier
1194 2876 1250 2942 eius

133 2979 365 3046 ostenderetur:
395 2980 465 3045 hoe
488 3000 590 3046 nune
613 2998 653 3045 os
677 2999 720 3046 ex
743 2981 902 3046 ossibus
925 2982 1021 3046 meis
1045 2983 1085 3046 et
1107 2998 1196 3047 caro
1215 2977 1276 3042 dra

132 3103 249 3149 earne
276 3103 371 3161 mea;
400 3102 461 3148 non
490 3083 575 3148 enim
598 3084 692 3149 dixit:
716 3089 748 3149 et
771 3083 877 3149 anima
900 3087 936 3149 de
959 3084 1065 3149 anima
1088 3101 1168 3149 mea.
1205 3078 1252 3147 sed

130 3186 177 3253 ita
197 3186 264 3251 fieri
285 3188 398 3271 petest,
423 3191 457 3252 ut
477 3205 567 3252 earne
583 3189 742 3253 nominata
756 3189 924 3270 utrumque
940 3187 1159 3272 intellegetur,
1181 3184 1250 3250 sicut

129 3289 181 3355 hic
204 3291 323 3356 animas
347 3289 519 3355 nominauit
549 3291 580 3356 et
610 3296 715 3357 tamen
738 3292 833 3356 etiam
854 3309 980 3373 corpora
1008 3289 1042 3355 in
1066 3290 1141 3356 tiliis
1164 3287 1251 3355 intel·

130 3395 195 3480 legi
218 3395 328 3460 uoluit.

173 3513 235 3580 Sed
263 3514 322 3578 hoe
351 3513 567 3578 testimoninm
589 3517 673 3579 eerte
695 3513 783 3597 quasi
806 3514 870 3579 iarn
894 3513 1015 3578 alarum
1037 3516 1135 3596 atque
1158 3510 1278 3579 mani-rr

132 3615 248 3682 festum
263 3616 439 3683 enodandae
451 3615 523 3680 huin
536 3617 708 3699 quaestioni
718 3634 780 3683 nun
791 3616 918 3700 suffieit,
935 3633 988 3680 nen
1004 3614 1032 3681 si
1044 3617 1092 3682 ita
1107 3616 1253 3701 legeretur

232 3843 267 3896 18
285 3842 351 3900 Gen.
368 3845 411 3909 46,
429 3844 463 3900 26
565 3845 600 3900 25
618 3847 683 3898 tien.
701 3844 726 3910 2,
745 3843 779 3897 23

182 4054 348 4123 5quamnia
375 4074 407 4110 a:
443 4075 495 4114 om.
523 4059 553 4111 Μ
559 4058 584 4113 V
718 4060 750 4114 17
778 4059 962 4128 proterendum
989 4076 1020 4113 a:
1056 4059 1259 4129 praeferendum

129 4139 197 4196 MV
296 4140 328 4195 21
348 4147 487 4211 apertear
517 4148 628 4213 apparet
645 4144 711 4199 MV
813 4145 975 4214 diapante
991 4162 1023 4200 u:
1053 4156 1151 4215 aperte
1172 4146 1200 4203 V

128 4228 164 4283 25
181 4242 241 4282 aare
259 4227 291 4281 de
305 4226 311 4300 Ι
325 4227 358 4283 de
375 4245 452 4284 earne
474 4230 500 4284 V
