2760 4814
132 281 196 351 150
614 274 779 344 teriorii

131 486 206 539 oum
226 471 367 552 tempore
387 469 492 535 autem
515 467 616 534 aens
643 469 858 549 autmundus,
884 467 912 532 si
934 467 967 532 in
988 466 1056 534 eius
1078 464 1263 534 eondioioua

131 571 235 642 anons
257 573 305 640 aa
325 571 487 639 mutabilis
509 571 624 655 motus,
647 571 729 636 siout
752 571 878 637 uidetur
893 589 926 636 se
941 569 1056 637 habore
1072 568 1170 637 etiam
1185 568 1262 634 orde

130 675 187 747 ae
219 676 391 759 rumorum
424 694 476 742 sau
505 673 557 742 nol
585 675 704 758 septem
737 673 871 751 oliorum,
905 675 937 740 in
966 671 1080 758 quibus
1109 674 1262 738 maneat

131 796 261 865 uespera
289 780 499 857 nominantur,
529 776 627 844 ‹lonoe
656 777 762 845 omnia
782 793 861 860 quas
883 776 933 843 bis
955 776 1063 843 diebus
1086 775 1162 842 feeit
1182 778 1265 843 dens

131 885 217 951 sexto
252 880 451 966 perficiantur
481 880 538 947 ¹‹lio
574 880 769 966 septimoque
805 881 838 947 in
874 897 987 964 magno
1023 878 1175 963 mysterio
1211 877 1301 944 deis

131 984 255 1053 aroatio
275 985 527 1055 eommoaeloturr
559 985 614 1068 qui
639 985 706 1053 (lios
727 984 816 1051 anius
839 984 924 1051 modi
952 983 1017 1050 sint
1044 987 1100 1050 aut
1120 983 1264 1067 petilii·
1287 1020 1290 1024 ·

131 1087 192 1156 cite
212 1088 302 1155 nobis
332 1093 387 1155 aut
417 1086 610 1172 impossibile
637 1092 686 1155 ost
708 1087 856 1172 cogitare,
885 1090 1001 1171 quanto
1023 1085 1126 1170 magis
1147 1086 1263 1152 dioere.

178 1191 325 1259 Videmus
346 1191 461 1276 qnippe
488 1193 566 1257 istos
594 1190 660 1257 uias
682 1191 771 1260 notos
794 1209 855 1258 non
879 1189 992 1258 babere
1015 1207 1177 1274 uesperam
1198 1190 1264 1257 nisi

131 1294 169 1361 <le
191 1293 267 1361 solis
289 1313 395 1361 oeensu
420 1313 476 1360 nee
495 1311 588 1360 mana
609 1293 672 1360 nisi
695 1294 733 1358 de
755 1293 829 1358 solis
852 1298 974 1370 exortu;
1004 1292 1131 1359 illorum
1152 1296 1263 1359 autem

131 1397 270 1481 priorum
293 1399 357 1464 tres
379 1397 446 1463 (lias
468 1396 535 1463 sina
557 1396 622 1464 sole
645 1391 765 1480 peracti
786 1398 869 1475 sunt,
893 1399 947 1482 qai
961 1396 1012 1464 dio
1026 1400 1137 1481 quarto
1159 1395 1302 1485 laetusq

133 1499 278 1570 retertur.
316 1502 349 1566 et
369 1503 516 1585 primitus
539 1501 666 1585 quidem
687 1501 740 1567 lun
763 1501 813 1567 (lei
837 1499 930 1567 uerbo
954 1499 1039 1567 faeta
1060 1501 1155 1584 atque
1176 1501 1262 1566 inter

131 1605 232 1688 ipsam
255 1607 287 1670 et
309 1605 452 1679 tenebras
481 1604 557 1671 deus
587 1623 747 1688 separasse
776 1608 920 1672 narratur
943 1607 975 1669 st
997 1604 1128 1669 eandam
1157 1602 1265 1671 luoem

131 1722 257 1789 noemae
278 1707 371 1791 diem,
394 1707 538 1775 tenebras
560 1709 664 1775 autem
689 1711 821 1774 nootmr.
858 1710 913 1774 sed
941 1706 1043 1792 qualis
1064 1706 1121 1773 illa
1141 1707 1184 1779 sit
1206 1706 1263 1774 lux

131 1809 165 1877 at
185 1825 246 1892 qno
265 1809 443 1878 alternante
464 1816 553 1878 motu
575 1814 760 1896 qualemque
786 1829 950 1895 amporam
973 1813 1004 1875 et
1026 1827 1118 1875 mane
1141 1809 1264 1894 iebant,

131 1915 289 1985 motum
322 1915 581 1983 belesensibus
614 1917 727 1982 nostris
761 1933 817 1980 neo
848 1914 895 1980 ita
925 1917 962 1979 ut
996 1914 1044 1978 est
1076 1911 1219 1996 intellegi
1242 1930 1302 1997 aq

131 2015 220 2097 nobis
252 2019 375 2103 poauq
406 2019 489 2105 quod
521 2020 627 2084 umen
648 2019 715 2087 sino
744 2018 811 2084 ulla
837 2015 1044 2084 haesitatione
1074 2015 1263 2088 erodendum

132 2119 203 2205 ast.
227 2122 283 2197 aab
316 2119 399 2187 onim
432 2121 538 2206 aliqua
571 2122 623 2191 lun
657 2138 803 2206 eorporea
830 2125 879 2186 est
906 2121 973 2187 siue
995 2118 1029 2187 in
1051 2119 1264 2204 superioribnq

130 2222 254 2306 arnadi.
274 2223 416 2306 partibas
448 2223 542 2310 longe
570 2242 590 2291 a
618 2224 832 2307 conspectibus
861 2224 974 2290 nostris
1006 2222 1075 2290 siue
1103 2223 1186 2290 unde
1213 2222 1264 2303 sot

131 2328 332 2412 postmodam
368 2345 515 2399 moeasau
548 2333 607 2407 ost.
643 2331 698 2395 ant
731 2324 812 2392 lueis
845 2327 971 2397 nomina
1003 2325 1181 2410 signifieata
1213 2331 1265 2393 est

133 2433 242 2503 ”oeta
264 2429 378 2499 oiuitas
400 2429 434 2497 in
453 2430 573 2500 sanetis
596 2430 715 2513 angelis
737 2432 771 2496 et
793 2429 959 2513 spiritibus
987 2429 1096 2508 beatis,
1132 2428 1169 2495 do
1199 2446 1302 2515 quaq

132 2529 217 2617 boio·
243 2530 418 2615 apostolus:
451 2550 550 2616 quae
581 2551 735 2600 sursum
769 2535 829 2598 est
850 2531 1101 2599 Hierusalem
1136 2533 1264 2598 mater

132 2634 272 2705 austra
287 2636 456 2704 aeterna
477 2636 517 2703 in
543 2636 684 2722 oaalis3
718 2637 765 2703 ait
791 2637 906 2720 quippe
928 2639 961 2702 et
983 2637 1045 2702 alio
1067 2635 1153 2705 loeo:
1187 2653 1265 2704 om-.

131 2753 198 2808 aar
234 2738 338 2805 enim
375 2755 442 2804 uos
475 2737 560 2804 filii
593 2738 697 2806 lueis
731 2738 830 2804 estis
863 2747 900 2805 et
935 2739 1022 2806 lilii
1056 2739 1152 2818 diei,
1189 2757 1265 2806 non

131 2856 265 2929 saurus
286 2840 419 2907 nootia
441 2860 564 2925 neque
585 2843 862 2928 tenebrarum
883 2843 910 2908 si
933 2848 1038 2910 taumu
1053 2847 1264 2928 etuesperam

132 2941 194 3015 diei
217 2942 309 3025 buius
331 2943 365 3009 ot
385 2961 477 3011 mane
500 2943 698 3029 aliquatenus
727 2950 934 3030 oongrnonter
955 2945 1134 3031 intellegere
1156 2946 1302 3031 natea-q

131 3063 212 3127 mus,
249 3048 397 3133 quoniam
429 3045 565 3117 seientia
593 3049 750 3121 creatum
772 3049 806 3117 in
828 3049 1091 3134 temperationem
1112 3048 1264 3119 soleatiae

132 3150 280 3219 creatoris
302 3150 438 3237 quodam
460 3153 551 3218 modo
581 3152 769 3237 uesparasoit
796 3151 936 3237 itemquo
964 3150 1094 3233 luoesoit
1116 3154 1149 3218 ot
1170 3172 1266 3238 mano

131 3250 177 3339 lit.
202 3271 273 3323 oum
295 3253 418 3340 etipsa
444 3254 578 3324 refertar
599 3253 639 3320 ad
660 3250 787 3322 laudem
816 3253 1078 3342 dilectionemque
1098 3250 1265 3344 stratoris,

222 3435 441 3506 'monitae
544 3437 800 3506 mibanati

182 3595 388 3652 amantibus
472 3597 615 3655 aaosul¹
706 3597 977 3654 tdourieoitPTa
1068 3599 1263 3657 embado.

129 3679 304 3753 Finem.
385 3681 582 3754 perflantur·
665 3685 869 3743 auocauere
957 3685 1126 3743 laabeblarn
1139 3687 1264 3758 imponit

130 3765 185 3825 blla
202 3766 272 3825 Pte
356 3767 470 3825 enooos
487 3768 528 3825 P*
615 3770 759 3840 liiprloras
772 3771 840 3829 Pro
926 3771 1107 3830 lluerbollai
1125 3772 1195 3830 Mb
1262 3826 1268 3842 Α,

131 3850 356 3910 ΙΜωΜΥ
393 3867 394 3870 ’
432 3855 686 3914 annuentis:
720 3858 869 3916 ruat?
948 3857 1103 3928 aequone
1180 3859 1267 3916 alters

129 3937 238 3998 antel'
258 3974 261 3993 ι
337 3944 411 3997 mota
432 3941 466 3996 V¹
571 3942 604 3999 lo
624 3943 820 4014 aiquiiioetta
918 3944 953 3999 20
975 3943 1145 4014 spiritulibus
1167 3944 1197 4002 Ρ
1262 3987 1264 3999 r

129 4024 276 4084 unsar·
293 4026 328 4091 V;
351 4032 483 4085 rem
552 4028 602 4086 *25
619 4028 672 4084 diei
689 4029 771 4087 Hbs
797 4028 841 4087 osa
859 4029 988 4097 mles.
1005 4029 1127 4087 leorae
1145 4029 1267 4101 &prist

131 4127 199 4167 nasa
209 4111 379 4183 abilensi)
468 4114 503 4172 to
514 4114 638 4186 solantia]
651 4116 776 4172 scientiae
789 4116 854 4173 MV
925 4119 1150 4186 summationem
1162 4118 1267 4177 ram

129 4199 320 4269 oonparationa
338 4201 382 4258 Po
1262 4228 1267 4262 ;
