2760 4814
136 319 178 388 86
622 317 787 389 llugippii

135 506 202 574 nidi
224 525 260 572 ex
284 524 343 590 quo
367 506 469 588 eoepit
491 509 524 572 et
546 511 723 590 perseueret
746 509 875 585 moueri,
904 512 1022 573 utnon
1047 510 1171 575 uideam
1194 526 1268 575 oum

136 609 260 696 desinit,
295 628 355 675 non
384 612 474 675 ualeo
505 611 610 676 metiri
643 610 703 675 nisi
734 609 815 675 forte
850 629 887 676 ex
917 630 977 693 quo
1008 612 1114 679 uidere
1141 613 1268 695 inoipio‚

136 714 232 781 donec
254 713 403 780 desinam.
433 715 556 797 quodsi
572 713 741 794 diuuideo‚
765 715 983 781 tantummodo
1000 715 1128 800 longum
1143 716 1268 799 tempus

135 836 202 884 esse
224 817 376 896 renuntio,
400 835 462 883 non
485 823 593 883 uatem
615 818 767 900 quantum
791 818 842 894 sit,
871 819 943 901 quia
965 819 997 884 et
1019 821 1173 902 quantum
1195 836 1267 884 oum

135 922 267 989 dicimus
288 920 458 988 collatione
484 921 629 1000 dicimus,
652 921 755 988 uelat:
779 923 906 988 tantum
932 922 991 988 boo
1008 923 1160 1005 quantum
1175 921 1267 1001 illud,

134 1027 207 1093 aute
230 1026 360 1109 duplum
383 1028 441 1093 boo
462 1028 502 1093 ad
525 1027 617 1105 illud,
639 1027 672 1091 et
692 1026 720 1092 si
744 1028 819 1111 quid
839 1026 925 1093 aliud
948 1028 1131 1093 istomodo.
1161 1027 1267 1094 siau·

135 1132 199 1196 tem
234 1135 341 1195 notare
373 1130 568 1212 potuerimus
601 1129 739 1195 locorum
771 1129 882 1212 spatia,
917 1131 998 1196 unde
1021 1132 1136 1214 atquo
1158 1129 1266 1196 ueniat

134 1250 245 1316 eorpus
273 1232 355 1316 quod
383 1237 528 1299 monetur
555 1232 605 1297 uel
635 1234 740 1315 partes
769 1230 845 1310 eius,
877 1234 903 1299 si
935 1236 1097 1317 tamquam
1120 1232 1153 1299 in
1175 1235 1266 1299 toruo

135 1339 288 1421 mouetur,
317 1353 479 1419 possumus
507 1334 611 1402 dioere
641 1337 794 1418 quantum
822 1335 866 1400 sit
893 1336 1042 1419 temporis
1073 1356 1110 1402 ex
1137 1354 1197 1420 quo
1227 1337 1266 1402 ab

134 1439 191 1505 illo
213 1441 280 1505 loeo
303 1456 401 1521 usque
423 1439 462 1504 ad
484 1436 577 1503 illum
601 1438 706 1505 losum
727 1444 832 1504 motus
848 1441 984 1521 eorporis
1007 1440 1058 1505 uel
1076 1440 1175 1521 partis
1199 1440 1266 1506 eius

135 1542 263 1609 effeetus
285 1545 342 1607 est.
380 1559 453 1607 oum
483 1539 590 1624 itaque
619 1541 706 1607 aliud
732 1541 776 1606 sit
797 1543 902 1607 motus
926 1541 1072 1625 eorporis,
1096 1540 1182 1607 aliud
1206 1560 1266 1626 quo

133 1645 285 1711 metimur
318 1643 466 1727 quamdiu
499 1642 551 1720 sit,
588 1643 658 1727 quis
688 1662 748 1709 non
777 1644 895 1709 sentiat
928 1645 1004 1728 quid
1025 1645 1137 1711 borum
1160 1646 1266 1726 potius

134 1752 256 1833 tempus
279 1748 444 1816 dicendum
468 1750 533 1815 sit?
567 1767 641 1815 nam
669 1748 728 1814 etsi
759 1748 846 1814 uarie
874 1765 985 1832 eorpus
1007 1748 1175 1830 aliquando
1198 1767 1266 1815 mo

135 1853 235 1931 uetur,
269 1851 437 1936 aliquando
470 1852 543 1935 stet,
578 1872 639 1919 non
673 1852 776 1918 solum
807 1851 946 1938 (motum
981 1852 1047 1918 eius
1081 1853 1135 1918 esd
1168 1852 1267 1919 etiam

134 1957 253 2022 statum
276 1957 416 2038 tempore
438 1955 616 2037 metimur).
647 1973 719 2041 ergo
742 1973 799 2021 neo
821 1953 990 2039 praeterita
1011 1974 1068 2021 neo
1090 1957 1265 2040 praeseutia

133 2076 191 2125 neo
232 2058 466 2143 praetereuntia
509 2063 651 2142 tempore
698 2059 848 2125 metimur
891 2061 926 2126 et
967 2061 1115 2126 metimur
1160 2060 1265 2126 temen

134 2163 283 2246 tempora.

176 2281 279 2348 Dens
316 2284 471 2350 orsator
506 2286 693 2350 omnium:
731 2301 841 2350 uersos
875 2283 935 2348 iste
969 2285 1037 2351 octo
1073 2285 1265 2368 syllabarum

132 2384 279 2452 breuibus
301 2388 333 2452 et
362 2385 465 2469 longis
492 2387 630 2454 alternat
658 2386 798 2471 syllabis.
837 2387 985 2470 quattuor
1012 2387 1120 2469 itaque
1141 2385 1265 2463 breues,

134 2489 245 2570 prima,
268 2487 372 2567 tertie,
396 2486 517 2574 quinta,
539 2490 674 2573 septima
689 2490 822 2572 simplae
837 2491 911 2554 sunt
926 2489 965 2554 ad
980 2491 1129 2572 quattuor
1143 2489 1265 2574 longus,

133 2592 313 2672 seeundum,
342 2594 498 2676 quartam,
529 2594 658 2671 sermm,
687 2596 847 2678 octauam3
880 2593 939 2658 bae
962 2593 1105 2676 singulae
1129 2592 1169 2657 ad
1191 2592 1264 2659 illas

132 2693 270 2780 singulas
300 2693 431 2777 duplum
459 2694 578 2761 habent
606 2695 773 2780 temporis3
803 2695 970 2779 pronuntio
999 2699 1031 2762 et
1059 2697 1203 2761 renuntio
1232 2699 1264 2761 et

133 2795 180 2861 ite
207 2796 264 2872 est,
293 2797 446 2880 quantum
474 2796 609 2864 sentitur
636 2817 730 2865 seusu
759 2799 938 2865 manifesto.
976 2801 1130 2883 qnantum
1152 2817 1264 2867 sensus

131 2897 317 2967 manifestus
347 2902 404 2982 est,
434 2901 523 2968 breui
549 2901 672 2986 syllaba
701 2903 827 2982 longam
858 2903 970 2968 metior
1000 2919 1130 2986 eamque
1161 2903 1264 2970 sentio

130 3000 244 3070 hebere
277 3001 327 3070 bis
361 3007 495 3072 tentum.
533 3007 685 3072 sedtum
719 3005 819 3071 ultera
847 3006 919 3088 post
952 3005 1085 3071 alteram
1112 3007 1264 3083 sonat,si

130 3104 214 3190 prior
235 3108 352 3189 breuis,
375 3109 469 3193 longa
490 3107 651 3194 posterior,
675 3109 827 3191 quomodo
846 3106 960 3174 tenebo
981 3109 1110 3176 breuem
1132 3111 1164 3175 et
1185 3126 1264 3193 quo·

130 3211 222 3278 modo
254 3231 323 3279 eam
352 3212 463 3298 longae
493 3213 627 3278 metiens
656 3211 821 3297 applicabo
854 3215 892 3278 ut
921 3213 1080 3278 inueniam
1108 3212 1189 3297 quod
1213 3212 1263 3279 bis

130 3317 254 3382 tantum
286 3313 412 3393 habeat,
445 3313 697 3400 quandoquidem
725 3314 820 3401 longa
841 3332 953 3380 sonare
974 3333 1036 3382 non
1059 3315 1179 3400 insipit,
1203 3317 1263 3382 nisi

130 3415 235 3484 breuia
263 3436 374 3486 souare
403 3418 583 3485 destiterit?
616 3418 779 3502 ipsamque
806 3417 932 3503 longam
960 3437 1037 3484 num
1065 3422 1262 3502 praesentem

131 3520 252 3603 metior,
280 3524 401 3606 quando
429 3521 491 3589 nisi
520 3521 644 3588 finitam
673 3539 734 3588 nou
761 3521 897 3588 metior?
930 3523 997 3589 sius
1025 3526 1131 3588 autom
1159 3521 1263 3589 linitio

179 3806 330 3861 emenoni
352 3809 399 3862 nr
502 3807 585 3863 suo
607 3808 645 3863 nr
742 3781 876 3864 ursuni
900 3812 937 3865 rr
1035 3812 1103 3868 nuno
1121 3832 1154 3870 a:
1181 3816 1263 3871 inum

129 3890 193 3946 MV
289 3894 465 3949 8moueatur
482 3894 520 3949 Μ
618 3896 797 3951 dmoueatur
820 3897 855 3964 V;
882 3896 967 3952 adel.
985 3902 1054 3954 nul
1160 3901 1192 3956 13
1211 3902 1263 3957 atsi

128 3978 326 4035 azsietMV
411 3982 579 4039 uariaeMV
663 3985 1199 4046 l4motum-metimuratom.MV

129 4064 163 4120 16
179 4066 291 4122 metitur
307 4070 336 4123 et
353 4068 466 4124 metitur
483 4071 522 4124 Μ
527 4086 570 4139 pr.
675 4069 710 4123 20
732 4074 762 4125 at
784 4070 850 4127 MV
949 4071 982 4126 21
1002 4073 1145 4130 seeundum
1162 4090 1195 4130 u:
1222 4091 1264 4131 se·

127 4151 246 4209 eundum
263 4152 331 4209 MV
422 4155 543 4210 octabam
562 4153 628 4211 MV
728 4155 762 4210 22
780 4157 965 4225 pronuntiatio
984 4158 1022 4214 Μ
1122 4158 1156 4216 24
1174 4159 1264 4216 bmuis

128 4238 167 4294 Μ
266 4238 483 4309 dilongeMV
582 4239 827 4298 utM’Vetdl'
