2760 4814
197 287 260 354 316
680 281 845 352 Eueirrii

196 475 343 541 interimi.
388 473 478 540 facile
515 478 563 538 est
598 474 636 538 ut
672 472 873 554 intellegatur
909 470 1071 536 hominum
1117 471 1242 535 illorum
1278 470 1330 534 in-

195 577 415 644 teremtionem
451 575 625 660 significare
662 575 812 641 uitiorum
849 575 978 656 talium,
1022 573 1166 656 qualibus
1202 573 1252 638 illi
1289 573 1330 639 ad

197 682 327 748 eandem
349 680 560 747 idololatriam
583 678 787 745 defluxerunt.
818 679 852 743 in
874 678 953 744 talia
971 679 1087 760 quippe
1108 676 1189 742 uitia
1210 680 1329 743 saeuire

198 803 254 850 nos
277 785 367 850 iubet
388 784 538 867 psalmus,
561 801 633 848 cum
657 783 750 848 dicit:
773 781 1003 847 irascimini
1026 785 1065 845 et
1088 781 1219 846 nolite
1241 800 1329 865 pec·

196 907 295 954 care.
333 888 367 952 iu
397 890 474 953 talia
503 887 585 952 uitia
606 888 726 952 saeuire
747 905 802 951 nos
827 885 914 950 iubet
936 886 1104 967 apostolus,
1136 903 1208 950 cnm
1231 884 1327 951 dicit:
1350 902 1365 947 a

196 991 450 1059 mortificate
480 989 649 1057 membra
677 990 832 1068 uestra,
864 1007 964 1071 quae
994 991 1090 1053 sunt
1111 1005 1226 1070 super
1249 993 1328 1054 ter·

195 1113 294 1174 ram,
317 1094 645 1170 fornicationem,
668 1093 980 1170 immunditiam,
1003 1092 1216 1170 luxuriam,
1241 1112 1328 1158 con·

197 1197 498 1281 cupiscentiam
522 1197 663 1262 malam
686 1199 724 1260 et
746 1197 976 1271 auaritiam,
1001 1197 1178 1277 quaeest
1200 1195 1327 1262 idolo·

196 1319 281 1365 rum
303 1301 494 1366 seruitus.

239 1403 299 1470 Sed
322 1403 396 1486 quid
418 1403 480 1468 sibi
502 1404 581 1469 uelit
602 1403 684 1485 quod
706 1403 792 1487 prins
815 1403 899 1481 feeit,
923 1407 959 1467 ut
981 1402 1083 1486 ipsum
1098 1403 1235 1469 uitulum
1255 1404 1365 1486 ignem

196 1506 401 1583 combureret,
435 1507 620 1572 minutatim
654 1506 830 1573 concideret
852 1509 885 1570 et
908 1508 939 1571 11
968 1524 1081 1588 aquam
1112 1508 1273 1590 spargeret
1295 1508 1328 1571 et

195 1614 305 1692 potum
327 1610 440 1692 populo
464 1610 562 1694 daret,
584 1611 734 1675 maiorem
748 1608 957 1674 intentionem
972 1609 1213 1692 perscrutandae
1228 1609 1327 1692 signi-

196 1712 349 1779 ficationis
379 1713 520 1795 inquirit.
558 1712 586 1777 si
610 1712 694 1778 enim
724 1712 857 1788 tabulas,
888 1729 966 1794 quas
989 1710 1088 1794 digito
1112 1711 1171 1787 dei,
1194 1712 1254 1777 boo
1277 1716 1327 1778 est

197 1816 375 1899 operatione
397 1815 525 1898 spiritus
547 1817 656 1897 sancti,
684 1817 817 1897 scriptas
839 1816 1008 1896 acceperat,
1032 1815 1100 1881 ideo
1123 1815 1228 1899 fregit,
1251 1816 1327 1899 quia

195 1919 340 2003 indignos
370 1937 421 1984 eos
448 1919 559 2002 quibus
581 1936 632 1985 eas
661 1920 779 2002 legeret
808 1918 975 1999 iudicauit3
1008 1918 1037 1983 si
1059 1918 1203 2001 denique,
1226 1923 1263 1983 ut
1286 1920 1367 1985 abra

195 2022 241 2089 eis
264 2022 320 2088 ille
343 2022 463 2088 uitulus
485 2023 609 2104 penitus
631 2020 816 2099 aboleretur,
840 2022 981 2087 incendit
1000 2041 1082 2098 eum,
1107 2024 1267 2102 contribit,
1291 2023 1323 2089 in

194 2145 276 2209 aqua
304 2126 418 2210 sparsit
447 2128 540 2208 atque
568 2125 749 2207 submersit,
781 2128 817 2189 ut
839 2126 922 2213 ,quid
944 2129 976 2191 et
999 2127 1107 2209 potum
1131 2125 1189 2191 boc
1211 2127 1327 2210 populo

194 2229 304 2296 dedit?
334 2248 427 2311 quem
458 2246 519 2293 non
549 2229 663 2294 excitet
693 2228 812 2295 lactum
838 2229 896 2294 hoc
919 2229 959 2294 ad
981 2228 1197 2312 inquirendam
1219 2234 1251 2295 et
1273 2231 1321 2295 in·

194 2333 402 2418 tellegendam
433 2332 645 2416 propheticam
676 2332 958 2413 significationem?
992 2335 1137 2398 occurrat
1163 2352 1236 2419 ergo
1258 2334 1325 2398 iam

195 2434 325 2502 intentis
359 2435 519 2501 mentibus
553 2439 716 2518 tamquam
747 2435 862 2502 diaboli
887 2454 997 2519 corpus
1020 2437 1052 2502 in
1075 2436 1185 2515 uitulo,
1221 2435 1254 2501 id
1278 2439 1364 2503 estro

193 2537 332 2604 homines
355 2539 386 2602 in
410 2538 554 2604 omnibus
575 2536 733 2622 gentibus,
756 2538 868 2621 quibus
884 2538 924 2605 ad
946 2540 1023 2605 haec
1038 2540 1204 2624 sacrilegia
1219 2545 1326 2624 caput,

192 2640 250 2706 boc
272 2645 320 2706 est
342 2644 449 2706 auctor
472 2645 520 2707 est
543 2641 701 2719 diabolus,
730 2660 857 2708 aureum
879 2645 1049 2726 propterea,
1078 2644 1152 2726 quia
1175 2643 1325 2710 uidentur

196 2743 358 2810 idolatriae
385 2743 466 2810 ritus
490 2744 580 2810 uelut
601 2763 621 2810 a
643 2745 837 2826 sapientibus
860 2745 1010 2812 instituti.
1049 2747 1087 2811 de
1109 2745 1222 2830 quibus
1244 2747 1325 2813 dicit

195 2847 373 2930 apostolus:
412 2848 594 2930 quoniam
630 2852 916 2930 cognoscentes
954 2848 1064 2915 deum
1100 2867 1178 2914 non
1215 2851 1325 2916 sicut
1359 2936 1363 2943 ι

196 2950 306 3017 deum
342 2950 688 3034 glorificauerunt
724 2955 792 3018 aut
828 2953 982 3036 gratias
1020 2959 1210 3036 egerunt,
1255 2954 1361 3021 sed2⁵

195 3057 441 3120 euanuerunt
462 3053 502 3119 in
525 3054 846 3137 cogitationibus
868 3056 968 3137 suis,
1002 3060 1042 3121 et
1064 3059 1324 3123 obscuratum

294 3257 312 3311 4
329 3256 374 3311 Pe.
391 3257 417 3322 4,
434 3258 451 3311 5
555 3259 571 3314 6
590 3260 691 3316 Coloss.
709 3261 736 3324 3,
753 3262 770 3315 5
874 3261 909 3315 24
929 3261 1004 3315 Rom.
1026 3264 1048 3327 l,
1067 3261 1098 3314 21
1110 3277 1167 3329 sqq.

242 3445 257 3498 1
276 3444 489 3499 interemtionem
502 3445 582 3499 PTo:
608 3443 795 3498 interemtione
807 3444 866 3499 DV
957 3446 975 3500 1
992 3445 1158 3515 significare]
1176 3446 1275 3516 supple
1287 3463 1323 3503 sc.

189 3529 404 3585 interemtionem
490 3531 619 3585 uitiomm
631 3531 721 3585 om.T
801 3531 877 3587 illac
961 3533 1080 3586 desdam
1092 3532 1140 3587 Do
1156 3547 1214 3586 eam
1228 3533 1258 3588 P

190 3613 345 3670 idolatriam
366 3616 392 3671 T
416 3616 544 3671 idolatria
562 3616 590 3670 P
616 3615 759 3671 idolatriae
775 3618 823 3674 Dc
910 3618 1066 3673 lluxoriam
1078 3619 1137 3674 ΠΤ
1220 3619 1325 3675 8mala

190 3700 230 3756 D¹
323 3703 353 3756 11
374 3701 537 3756 minodatlm
556 3703 593 3756 M
616 3702 828 3772 minutatimque
844 3703 945 3759 DPTo
1031 3720 1101 3773 aqua
1117 3705 1161 3759 Po
1246 3721 1324 3774 apar-

189 3786 261 3857 gerit
276 3787 319 3841 D¹
416 3787 624 3857 1111111111ι
719 3792 921 3857 perscrutatae
1017 3791 1049 3844 14
1066 3789 1247 3860 operationem
1266 3789 1325 3846 D¹o

188 3871 350 3942 operationis
367 3874 405 3928 Ρ·
502 3874 635 3944 acciperat
656 3874 682 3928 V
779 3875 812 3929 lb
828 3876 882 3944 ess]
902 3891 933 3930 ea
949 3875 990 3931 D¹
1095 3876 1127 3931 16
1145 3875 1253 3947 penitus
1271 3892 1324 3931 cru.

187 3973 205 4013 o
290 3960 360 4029 eum]
373 3960 473 4015 cumT
562 3961 594 4015 18
607 3961 712 4030 excitet]
725 3961 904 4017 exercitetD¹
929 3962 1070 4017 exeituto
1161 3961 1323 4031 requirenda

187 4042 229 4098 D²
331 4046 365 4099 19
391 4045 547 4115 prophetico
575 4045 612 4100 P¹
715 4046 751 4102 20
776 4047 921 4102 uituldT
1018 4048 1052 4103 21
1081 4048 1198 4103 bominis
1222 4048 1253 4103 D

187 4129 334 4185 22111111
352 4132 403 4201 est]
423 4135 546 4188 auctores
566 4132 592 4186 Τ
692 4131 816 4188 diabulus
839 4133 870 4188 D
972 4133 1080 4188 uidetur
1101 4134 1127 4188 V
1226 4135 1262 4192 23
1280 4135 1324 4192 in·

188 4214 479 4285 stituti1instituitT
581 4217 616 4272 24
633 4219 820 4287 cognoscentis
837 4218 878 4275 D¹
981 4220 1014 4274 15
1032 4222 1161 4290 aegaruut
1177 4220 1207 4276 D
