2760 4814
282 346 445 416 Excerpta
462 362 497 401 er
514 361 583 417 opp.
601 348 626 402 S.
645 348 835 415 Augustini
859 346 980 403 CCCXL.
1001 347 1140 405 CCCXLI.
1193 350 1274 419 1081

140 538 240 619 atque
261 536 437 602 saeuientes
459 541 490 603 et
512 539 602 621 quasi
625 538 709 605 uieto
732 540 765 605 et
780 557 925 622 oppresso
940 540 1072 622 superbe
1087 538 1276 605 inludentes.

142 639 228 723 quod
250 643 357 706 autem
380 659 504 706 earnem
526 661 617 709 suam
639 645 841 709 resuscitauit
862 650 894 708 et
916 643 1141 726 discipulorum
1166 661 1275 725 aspeo·

140 744 230 809 tibus
259 747 353 827 atque
383 745 581 812 oontaotibus
611 747 747 813 reddidit
783 747 888 832 eisque
924 747 1102 813 uidentibus
1137 746 1277 811 aseendit

142 848 178 911 in
201 847 330 925 eaelum,
354 849 435 931 ipsos
458 849 636 915 aedifioauit
659 855 690 915 et
706 851 781 933 quid
797 852 982 934 exspectare,
1007 850 1082 932 quid
1099 851 1277 931 praedicare

116 948 304 1028 adeberent,
332 952 568 1019 euidentissima
601 953 732 1019 ueritate
766 955 963 1020 monstrauit.
1004 953 1076 1017 iilos
1116 958 1223 1018 summ
1256 971 1276 1019 a

142 1053 258 1136 quibus
279 1056 370 1120 tana
391 1056 477 1121 mala
499 1074 597 1138 usque
619 1057 658 1122 ad
682 1062 816 1123 mortem
839 1058 1022 1140 pertulerat,
1046 1057 1136 1138 quasi
1158 1056 1196 1121 de
1219 1055 1276 1121 illo

141 1160 291 1238 superato
320 1164 353 1222 et
381 1160 517 1225 extincto
544 1161 717 1241 gloriantes
743 1163 777 1226 in
804 1180 840 1226 ea
869 1161 1015 1246 opinione
1041 1160 1215 1242 dereliquit,
1239 1162 1276 1225 ut

141 1261 285 1343 quisquis
308 1278 414 1326 eorum
436 1263 541 1328 salute
563 1266 689 1329 aeterna
711 1263 817 1328 saluus
839 1263 907 1328 fieri
931 1263 1038 1339 uellet,
1061 1264 1119 1328 hoo
1135 1264 1172 1328 de
1186 1262 1276 1328 illius

142 1363 260 1431 mortui
297 1366 519 1432 resurreetione
554 1367 694 1432 erederet
726 1370 807 1449 quod
843 1367 876 1431 hi
908 1367 962 1449 qui
995 1367 1142 1431 uiderunt
1177 1368 1276 1451 signis

106 1496 135 1535 ιο
143 1468 391 1534 contestantibus
413 1471 681 1550 praedicanerunt,
699 1474 730 1535 et
746 1488 801 1552 pro
816 1472 925 1536 eadem
942 1470 1170 1552 praedieatione
1185 1469 1277 1535 simi·
1310 1484 1313 1489 ⁴

142 1572 189 1636 lia
210 1571 328 1653 perpeti
352 1590 414 1636 non
444 1571 677 1639 dubitauerunt.

187 1690 381 1775 Quapropter
409 1694 506 1759 etiam
534 1694 675 1773 Iacobus,
704 1713 785 1759 unus
813 1714 850 1759 ex
878 1694 1028 1777 apostolis
1056 1695 1133 1775 eius,
1157 1695 1190 1759 in
1212 1694 1278 1777 epi·

142 1796 229 1861 stula
261 1815 327 1869 sua,
361 1816 432 1861 oum
466 1798 679 1863 exhortaretur
708 1798 826 1882 fideles,
858 1800 912 1881 qui
941 1801 1012 1880 post
1038 1798 1215 1880 passionem
1244 1802 1276 1863 et

142 1900 399 1965 resurrectionem
429 1899 546 1965 Christi
574 1903 673 1967 adhue
696 1902 729 1966 in
753 1902 817 1965 ista
840 1903 908 1965 uita
931 1903 1126 1977 tenebantur,
1151 1902 1277 1983 dispen-

112 2003 297 2075 nsationem
324 2005 507 2069 testamenti
538 2006 652 2069 ueteris
682 2006 815 2087 nouique
845 2003 1057 2088 distinguens:
1077 2005 1276 2069 sustinen-

141 2109 256 2186 tiam,
278 2106 393 2190 inquit,
416 2107 483 2173 Iob
506 2110 676 2172 audistis
700 2114 737 2172 et
760 2107 884 2171 finem
907 2105 1057 2172 domini
1080 2106 1275 2186 uidistis,

141 2230 182 2277 ne
215 2210 285 2276 ideo
320 2213 476 2293 patienter
506 2213 695 2277 sustinerent
728 2212 912 2293 temporalia
945 2212 1037 2287 mala,
1065 2213 1101 2275 ut
1129 2210 1190 2275 sibi
1219 2210 1277 2276 hoo

140 2315 362 2381 restitueretur
386 2315 467 2396 quod
490 2314 643 2397 recepisse
666 2316 723 2380 Iob
746 2316 889 2400 legimus.
919 2333 992 2380 nam
1014 2315 1046 2377 et
1068 2312 1107 2377 ab
1132 2312 1186 2377 illo
1202 2312 1275 2377 uul-

139 2435 217 2484 nere
239 2421 332 2499 atque
354 2418 519 2500 putredine
542 2419 649 2484 saluus
672 2418 772 2484 iaetus
796 2422 898 2485 estet
920 2419 948 2483 ei
971 2416 1083 2482 cuncta
1101 2434 1179 2499 quae
1194 2416 1275 2481 ami·

100 2522 228 2597 „serat
272 2523 367 2604 dupla
410 2525 486 2587 sunt
529 2523 686 2587 restituta.
746 2523 799 2587 ubi
839 2522 937 2587 etiam
974 2520 1189 2585 commendata
1227 2522 1275 2583 est

139 2624 376 2691 resurrectionis
410 2626 497 2691 fides.
540 2644 615 2691 nam
644 2626 701 2692 filii
735 2645 798 2691 non
826 2627 859 2690 in
888 2624 1030 2707 duplum,
1060 2625 1114 2689 sed
1144 2622 1276 2689 totidem

140 2729 259 2796 redditi
287 2731 385 2795 etiam
413 2728 486 2793 illos
509 2747 585 2810 quos
615 2728 762 2794 amiserat
790 2729 1016 2794 resurrecturos
1045 2726 1274 2809 significarunt.

139 2834 190 2899 sia
211 2832 273 2914 ipsi
296 2849 416 2915 quoque
438 2832 503 2898 illis
525 2832 680 2915 prioribus
710 2831 809 2898 iuneti
833 2850 852 2897 a
875 2830 1073 2896 restitutione
1101 2828 1189 2910 dupli
1213 2845 1275 2893 non

141 2937 358 3001 inuenirentur
379 2936 485 3000 alieni.
523 2941 560 3000 ut
582 2954 654 3019 ergo
677 2954 737 3000 non
755 2935 851 3000 talem
870 2933 1152 2999 remunerationem
1168 2950 1275 3012 spera·

101 3058 257 3117 aremus,
288 3038 411 3120 quando
440 3038 526 3104 mala
554 3039 741 3120 temporalia
770 3043 959 3119 pateremur,
988 3055 1049 3100 non
1083 3036 1143 3099 ait:
1178 3035 1276 3099 susti·

139 3142 283 3209 nentiam
306 3145 338 3205 et
360 3140 454 3206 finem
481 3142 536 3208 Iob
562 3141 706 3219 audistis,
729 3142 783 3206 sed
807 3141 867 3206 ait:
891 3140 1183 3205 sustinentiam
1205 3137 1277 3205 Iob

139 3244 317 3313 audistis
346 3247 384 3309 et
413 3244 535 3309 finem
564 3243 715 3308 domini
745 3243 933 3322 uidistis,
956 3244 1116 3324 tamquam
1140 3241 1274 3306 diceret:

140 3350 228 3415 mala
259 3346 445 3430 temporalia
466 3350 547 3412 sicut
569 3346 625 3412 Iob
649 3346 813 3422 sustinete,
847 3345 901 3410 sed
924 3363 979 3427 pro
1006 3344 1064 3410 hae
1089 3343 1277 3409 sustinentia

140 3470 203 3518 non
226 3451 412 3533 temporalia
433 3453 564 3535 sperate,
587 3469 665 3533 quae
687 3449 736 3514 ilii
760 3450 855 3514 auota
878 3450 1045 3524 redieruut,
1069 3448 1124 3512 sed
1146 3448 1277 3512 aeterna

99 3556 256 3640 „potius¹
294 3573 373 3638 quae
410 3554 441 3619 in
481 3554 605 3618 domino
642 3554 886 3636 praecesserunt.
932 3551 989 3616 Iob
1028 3569 1101 3635 ergo
1134 3550 1173 3616 de
1209 3549 1276 3616 illis

138 3659 284 3743 patribus
317 3661 392 3735 erat,
427 3659 480 3740 qui
514 3657 767 3722 exclamauerunt
801 3660 833 3719 et
861 3654 942 3721 salui
971 3654 1046 3718 faeti
1075 3657 1158 3719 sunt.
1204 3673 1277 3719 oum

247 3898 278 3952 15
297 3899 336 3965 (et
353 3897 399 3964 26)
417 3896 471 3951 Iac.
489 3897 513 3961 5,
534 3894 565 3949 11
644 3897 675 3948 18
693 3893 728 3950 oi.
740 3892 798 3948 Iob.
815 3893 858 3959 42,
878 3893 911 3947 10
985 3894 1017 3947 31
1037 3892 1071 3947 ci.
1084 3891 1130 3947 Pe.
1149 3891 1192 3960 21,
1210 3892 1277 3962 5sq.

194 4118 425 4189 idereliqnidV
510 4119 701 4187 luprando:
728 4116 834 4187 postQ
919 4115 1010 4171 eadem
1029 4117 1105 4173 MV:
1133 4118 1209 4186 eaQ

138 4207 339 4281 praedieatione
359 4205 394 4276 Qr
422 4205 647 4273 praedicationem
670 4205 696 4259 V
787 4204 821 4257 23
839 4204 878 4257 sio
896 4203 973 4258 MV:
1003 4204 1091 4259 uteie
1109 4222 1127 4259 o
1223 4204 1274 4271 ipsi

141 4296 182 4367 Q:
209 4295 275 4364 ipsis
297 4293 324 4349 V
412 4292 444 4347 31
463 4292 587 4362 patribus
608 4292 643 4362 Q:
673 4293 796 4361 partibus
818 4291 845 4345 V
