2760 4814
138 308 204 374 476
624 304 788 374 Eugippii

139 499 213 582 quis
242 497 369 563 uidetur
399 496 577 571 occultum
607 496 728 562 hortari
760 498 865 562 autem
895 498 1071 579 apostolum
1094 497 1211 582 fideles,
1235 480 1301 565 ut'

138 601 171 666 in
194 600 263 680 fide,
286 619 380 683 quam
401 600 519 678 tenent,
544 599 696 666 tenaciter
712 598 917 684 'perseuerent
939 602 1085 667 dicendo:
1112 603 1271 669 tantum

139 705 204 788 qui
227 704 337 769 modo
359 704 468 768 tenet
490 705 637 779 teneat,
661 703 780 768 donec
802 706 846 768 de
868 705 992 769 medio
1016 705 1105 783 fiat,
1135 705 1196 771 hoo
1225 710 1272 772 est

139 808 235 873 donec
264 809 353 872 exeat
382 807 420 871 de
450 809 550 872 medio
573 806 721 872 ecclesiae
751 807 937 890 mysterium
970 807 1156 890 iniquitatis,
1188 813 1271 891 quod

138 929 221 978 nunc
249 911 407 977 occultum
437 915 493 975 est.
535 911 574 974 ad
597 910 700 993 ipsum
723 910 806 974 enim
829 910 1014 993 mysterium
1038 911 1194 994 pertinere
1218 931 1307 978 ιιι-ι

139 1015 295 1081 bitruntnr
329 1015 411 1098 quod
449 1014 495 1078 ait
531 1016 563 1079 in
604 1014 740 1096 epistula
780 1032 836 1079 sua
869 1015 1023 1080 Iohannes
1056 1018 1269 1100 euangelista:

138 1118 265 1204 pueri,
289 1117 513 1183 nouissima
535 1117 628 1182 hora
649 1120 725 1194 est;
759 1121 800 1181 et
821 1116 928 1182 sicut
949 1118 1143 1202 audistis,
1168 1122 1270 1202 quod

139 1224 415 1292 antichristus
437 1222 492 1286 sit
513 1223 722 1298 uenturus,
754 1239 855 1286 nunc
877 1225 1008 1287 autem
1030 1222 1270 1290 antichristi

137 1328 255 1394 multi
285 1327 389 1393 iacti
420 1329 531 1410 sunt3
562 1329 662 1392 unde
690 1327 985 1409 cognoscimus,
1016 1327 1114 1409 quod
1137 1330 1269 1394 nouis·

137 1433 240 1499 sima
261 1432 314 1498 sit
335 1430 437 1497 hora
473 1429 649 1495 exnobis
673 1429 877 1508 exierunt,
901 1431 1063 1496 sednon
1087 1432 1307 1497 ersnterrs

27 1538 30 1543 ’
137 1535 270 1619 nobis,
305 1534 404 1617 quod
437 1533 468 1598 si
503 1533 675 1599 fuissent
709 1553 751 1598 ex
785 1533 914 1609 nobis,
950 1533 1270 1616 permansissent

136 1641 269 1723 utique
302 1637 517 1703 nobiscum.
564 1638 646 1701 sicut
679 1655 751 1720 ergo
785 1638 857 1702 ante
889 1638 985 1702 finem
1019 1639 1051 1703 in
1084 1637 1144 1702 hae
1180 1638 1269 1723 hora,

135 1743 293 1825 inquiunt,
327 1760 419 1826 quam
449 1741 603 1806 Iohannes
636 1741 839 1807 nouissimam
873 1741 963 1820 dicit,
998 1741 1138 1806 exierunt
1170 1743 1270 1810 multi

137 1847 287 1913 haeretici
316 1848 354 1911 de
384 1844 486 1910 medio
517 1845 675 1922 ecelesiae,
706 1861 781 1929 quos
804 1844 922 1910 multos
945 1845 1024 1910 dicit
1053 1845 1268 1926 antichristos,

136 1950 183 2015 ita
211 1967 317 2016 omnes
347 1954 421 2016 tuno
450 1948 524 2014 inde
553 1947 691 2027 exibunt,
722 1949 775 2032 qui
805 1967 866 2015 non
889 1950 929 2014 ad
951 1947 1120 2028 Christum,
1150 1951 1306 2016 sedada

134 2055 227 2120 iilum
243 2055 447 2121 nouissimum
462 2053 682 2146 antichristum
697 2052 907 2136 pertinebunt,
925 2056 956 2118 et
971 2055 1047 2118 tunc
1062 2053 1267 2118 reuelahitur.

135 2157 218 2224 alius
252 2176 324 2241 ergo
358 2160 410 2235 sic,
445 2159 526 2223 alius
557 2161 663 2223 autem
692 2158 738 2222 sie
764 2157 897 2241 apostoli
919 2159 1052 2224 obscure
1074 2159 1170 2222 uerba
1193 2175 1267 2223 con·

136 2262 250 2346 iectat3
284 2262 366 2345 quod
388 2265 493 2327 tamen
516 2280 587 2326 eum
610 2262 725 2327 dixisse
747 2278 807 2326 non
830 2260 961 2327 dubium
982 2265 1046 2327 e'st:
1076 2279 1136 2326 non
1159 2262 1267 2326 ueniet

136 2363 175 2430 ad
197 2364 286 2430 uiuos
309 2368 342 2429 et
368 2370 506 2431 mortuos
540 2365 723 2431 iudicandos
746 2363 901 2444 Christus,
935 2366 996 2429 nisi
1025 2367 1110 2447 prius
1140 2365 1267 2429 uenerit

134 2466 173 2532 ad
196 2468 386 2533 seducendos
407 2468 440 2533 in
463 2468 569 2534 anima
590 2469 730 2534 mortuos
746 2468 949 2533 'aduersarius
966 2467 1033 2533 eius
1050 2467 1303 2547 antichristus,so

134 2572 279 2652 quamuis
302 2571 342 2635 ad
365 2571 522 2636 occultum
554 2573 617 2636 iam
651 2569 803 2636 iudicium
836 2571 886 2636 dei
920 2570 1075 2655 pertineat
1108 2570 1191 2653 quod
1226 2574 1267 2638 ab

133 2672 190 2737 illo
206 2672 404 2739 seducentur.
433 2675 666 2755 praesentia
681 2675 795 2759 qnippe
817 2674 901 2739 eius
925 2675 1023 2752 erit,
1046 2674 1128 2738 sicut
1144 2674 1265 2739 dictum

133 2778 191 2856 est,
214 2777 425 2842 secundum
447 2779 715 2860 operationem
737 2780 899 2843 satanae
920 2777 957 2842 in
980 2778 1085 2842 omni
1107 2779 1265 2845 uirtute

132 2879 173 2944 et
204 2877 333 2962 signis
356 2883 394 2945 et
415 2878 615 2963 prodigiis
649 2879 844 2945 mendacii
867 2882 906 2946 et
937 2880 974 2945 in
1003 2883 1105 2946 omni
1127 2881 1265 2947 seduc·

132 2981 241 3048 tione
262 2981 501 3065 iniquitatis
524 2982 584 3048 his
606 2984 671 3067 qui
694 2985 874 3066 pereunt.
911 2986 986 3049 tune
1016 2984 1100 3049 enim
1121 2984 1304 3051 solueturss

129 3089 256 3152 ostensa
277 3087 310 3151 et
331 3085 499 3168 perillum
522 3085 725 3153 antichristus
747 3086 781 3151 in
803 3086 887 3152 omni
909 3105 966 3152 soa
987 3086 1109 3152 uirtute
1132 3087 1263 3153 mirabi-

132 3187 205 3254 liter
234 3189 370 3272 quidem,
402 3190 456 3254 sed
486 3189 678 3255 mendaciter
705 3189 896 3274 operabitur.
933 3208 1013 3273 quae
1036 3189 1117 3256 solet
1139 3191 1264 3277 ambigi

235 3391 283 3447 71
301 3392 339 3448 Io.
356 3392 383 3459 2,
402 3393 482 3462 lssq.
586 3392 668 3447 2211
686 3392 777 3447 Thess.
795 3393 820 3460 2,
838 3394 905 3462 seq.

182 3577 270 3634 sude
290 3582 341 3636 Tc:
368 3580 498 3635 fldemV
586 3580 668 3651 aqui
688 3581 781 3638 T’Vo:
806 3596 859 3651 quo
879 3582 914 3636 ΤΙ
1008 3583 1216 3639 harbitrantur
1234 3588 1264 3653 (n

130 3671 347 3721 carcosam
365 3665 400 3734 V)
422 3666 488 3722 TV:
514 3666 710 3723 arbitratumo
813 3667 964 3737 6epistols
982 3667 1034 3724 Y¹c
1139 3670 1172 3723 10
1192 3672 1263 3726 exie·

129 3784 197 3838 runt
214 3797 246 3838 ex
263 3783 341 3840 nobis
358 3802 376 3841 c
480 3787 513 3842 12
523 3751 577 3842 horo
594 3787 624 3853 (h
642 3787 707 3843 odei
724 3806 759 3844 m.
777 3792 809 3858 2)
830 3788 856 3844 Y
940 3789 973 3851 lt
991 3788 1120 3860 inquiunt
1139 3791 1204 3847 TV:
1231 3795 1262 3849 in

95 3907 100 3917 .
128 3883 185 3937 qus
202 3870 335 3926 maante
440 3872 473 3928 14
489 3872 667 3929 antichristos
683 3874 785 3931 dicits
890 3876 921 3930 17
940 3876 1055 3946 apostoli
1075 3876 1168 3932 T‘Vo:
1197 3894 1263 3949 spo·

128 3953 217 4010 stolus
241 3955 277 4010 Τι
380 3957 514 4015 coniectat
537 3958 572 4014 72
598 3961 756 4017 coniunotst
779 3962 806 4017 T
828 3964 981 4016 contractet
1004 3978 1020 4017 o
1131 3964 1164 4019 18
1188 3966 1264 4034 quod

130 4056 196 4113 su:
222 4071 275 4128 que
296 4075 314 4114 o
415 4059 452 4114 10
473 4061 635 4118 seducendas
657 4063 684 4119 V
782 4064 841 4119 stus
863 4063 916 4121 Vc:
943 4046 1015 4120 uest
1033 4065 1072 4132 (id
1090 4065 1157 4121 cdo
1174 4084 1211 4124 ssu
1229 4072 1265 4136 2)

127 4143 158 4199 -Τ
258 4143 290 4199 21
315 4144 370 4200 ism
391 4143 426 4200 sd
442 4146 579 4203 oecultum
605 4150 646 4206 To
747 4151 782 4206 26
803 4151 979 4205 antichristus
1002 4152 1038 4208 V:
1064 4153 1265 4211 antichristum

42 4310 44 4315 .
128 4228 171 4284 To
261 4245 311 4284 sua
329 4231 392 4287 TV:
417 4247 504 4288 omo
594 4235 628 4289 11
646 4235 810 4293 mendaciter
830 4237 893 4292 TV:
919 4253 973 4292 nou
991 4238 1192 4295 mendacitate
