2760 4814
246 547 413 619 Excerpts
430 564 465 605 ex
483 565 552 619 opp.
572 550 597 605 S.
615 549 806 621 Augustini
828 551 908 608 CXV.
927 552 1022 609 0va
1137 555 1202 623 403

71 759 144 825 epus
167 746 230 808 est:
254 742 309 807 ubi
332 742 423 808 homo
445 743 528 809 nihil
549 744 624 827 agit,
650 746 721 826 quia
736 764 797 811 non
812 746 1017 830 obtemperat,
1040 746 1095 813 sed
1111 750 1199 814 reatu

70 847 170 927 potins
200 848 353 927 premitur
382 847 451 932 lege
480 847 620 913 minante
649 850 742 931 atque
772 847 951 915 damnante.
988 856 1198 932 peceatum

70 950 185 1028 enim,
204 949 318 1034 inquit,
335 950 377 1016 ut
393 951 585 1034 appareat
605 953 825 1033 peceatum,
848 972 916 1035 per
937 953 1078 1019 bonum
1101 954 1198 1020 mihi

70 1057 273 1135 operatum
296 1054 357 1119 est
379 1055 552 1119 mortem.
590 1054 701 1121 beatus
722 1055 829 1121 auum
851 1056 944 1122 homo
965 1059 1022 1135 est,
1047 1075 1119 1122 enm
1143 1057 1200 1122 hoe

52 1157 251 1222 amandatum
274 1159 419 1223 sanetum
442 1161 473 1223 et
495 1158 613 1224 iustum
636 1161 668 1224 et
690 1159 805 1224 bonum
830 1163 878 1225 est
901 1159 998 1226 etiam
1022 1177 1099 1242 opus
1122 1162 1197 1239 eius,

69 1262 118 1325 sed
140 1280 197 1344 per
219 1261 357 1345 gratiam
380 1261 441 1328 dei.

572 1552 694 1637 olivi.
730 1606 732 1611 -

68 1761 109 1807 ux
139 1761 299 1808 SERMONE
329 1762 378 1807 AI)
406 1761 578 1808 POPVLVM.
610 1761 702 1820 QVAE
732 1761 783 1810 SIT
813 1762 1074 1811 INREMISSIBILIS
1095 1763 1197 1811 BIAS-

347 1864 478 1911 ΡΗΕΜΙΑ
504 1865 541 1912 IN
564 1864 724 1912 smmuvm
747 1864 914 1914 snucuvll.

44 2040 62 2078 o
104 2016 197 2082 Prius
221 2035 294 2101 ergo
315 2020 352 2082 ut
375 2016 547 2082 aduertatis
563 2019 595 2081 et
617 2016 821 2102 intellegatis,
837 2019 986 2084 admoneo
1001 2037 1064 2084 non
1080 2018 1194 2085 dixisse
1206 2018 1268 2085 131

67 2119 241 2187 dominum:
278 2121 397 2203 „omnis
430 2119 625 2205 blasphemia
657 2121 691 2185 in
724 2121 870 2203 spiritum
897 2140 958 2187 non
980 2122 1192 2196 remittetur“,

67 2243 159 2309 neque
174 2224 307 2290 dixisse:
326 2227 397 2308 ,qui
413 2224 527 2289 dixerit
542 2224 759 2307 quodcumque
774 2224 907 2290 uerbum
923 2234 1032 2291 eontra
1047 2225 1194 2308 spiritum

68 2330 216 2410 sanetum,
249 2345 312 2392 non
335 2328 514 2392 remittetur
549 2326 609 2408 ei“,
645 2327 714 2392 sed:
749 2328 815 2410 qui
845 2328 993 2393 dixerit
1023 2328 1193 2393 uerbum.

67 2429 139 2498 illud
174 2433 257 2497 enim
288 2429 315 2495 si
345 2430 484 2513 dixisset,
518 2431 599 2496 nihil
628 2432 716 2497 nobis
746 2431 870 2495 omnino
896 2434 1080 2514 remaneret,
1111 2431 1194 2495 unde

45 2535 221 2621 odisputare
249 2554 422 2618 possemus.
453 2535 609 2618 quoniam,
641 2534 668 2599 si
698 2535 797 2601 omnis
827 2533 1022 2616 blasphemia
1049 2537 1081 2599 et
1104 2552 1193 2598 omne

68 2643 201 2719 uerbum,
221 2641 303 2723 quod
318 2640 434 2706 dicitur
449 2643 557 2705 eontra
572 2640 719 2722 spiritum
736 2639 887 2718 sanetum,
903 2656 964 2704 non
980 2639 1193 2703 remitteretur

68 2741 256 2822 homiuibus,
278 2762 316 2810 ex
338 2743 425 2808 nullo
447 2761 559 2827 genere
581 2743 755 2825 impietatis
778 2762 885 2808 eorum
909 2742 961 2824 qui
981 2745 1060 2808 dono
1076 2740 1194 2806 christi

68 2854 93 2912 et
120 2847 363 2915 sanctificationi
395 2847 546 2911 ecelesiae
581 2847 809 2925 contradicunt,
842 2845 896 2912 uel
917 2863 1112 2929 paganorum
1141 2843 1193 2910 nel

68 2951 248 3018 ludaeorum
271 2954 326 3016 aut
348 2949 559 3034 quorumlibet
588 2949 826 3030 haeretieorum,
849 2949 1074 3016 nonnullorum
1097 2947 1193 3013 etiam

43 3054 92 3120 sin
113 3057 186 3140 ipsa
208 3055 361 3121 catholiea
389 3055 607 3137 imperitorum
637 3072 826 3138 quemquam
850 3051 982 3119 eeclesia
1010 3052 1193 3117 lucraretur.

66 3159 114 3225 sed
137 3160 232 3241 absit,
255 3163 292 3223 ut
314 3157 372 3222 hoe
395 3157 536 3223 dominus
565 3158 697 3242 dineret3
730 3158 821 3235 abelt,
855 3158 994 3241 inquam,
1017 3155 1054 3220 nt
1076 3152 1197 3218 ueritas

65 3261 176 3328 diceret
206 3278 330 3327 emnem
352 3261 581 3344 blasphemiam
604 3263 655 3327 uel
677 3281 768 3327 omne
800 3259 941 3340 uerbum,
973 3258 1055 3344 quod
1086 3261 1196 3323 eontra

65 3367 209 3450 spiritum
232 3367 377 3430 sanetum
400 3364 565 3441 diceretur,
589 3382 650 3431 nen
664 3365 779 3431 habere
800 3365 1015 3431 remissionem
1036 3381 1137 3445 neque
1158 3363 1193 3426 in
1242 3440 1244 3445 Ι

64 3467 118 3535 hoe
140 3469 263 3535 saeculo
285 3487 386 3550 neque
409 3467 443 3533 in
466 3468 580 3534 finturo.

160 3692 178 3744 2
197 3690 272 3745 Rom.
293 3691 316 3754 7,
336 3692 369 3743 13
474 3691 507 3744 13
524 3690 623 3745 Matth.
644 3690 684 3757 12,
703 3691 737 3745 32

109 3899 335 3968 2praemiturV
437 3899 614 3967 Bapareatv
717 3893 1196 3968 ueap.cxx1111ucxxn1>

56 3984 183 4040 CXXXII
206 4004 236 4050 a,
264 4000 314 4039 oss.
340 3985 366 4040 θ
470 3986 488 4039 8
511 3991 575 4040 ante
600 4001 629 4039 ex
649 3986 836 4054 praemittunt
860 3985 968 4041 GPTo:
996 3985 1028 4039 de
1045 3987 1107 4049 (om.
1126 3983 1190 4046 PT)

56 4071 223 4141 blasphemia
240 4072 269 4125 in
288 4071 416 4140 spiritum
435 4072 543 4140 (spiritu
564 4073 600 4135 Τ)
620 4075 743 4126 sanetum
762 4073 866 4141 (saneto
887 4073 924 4138 T)
942 4087 1010 4140 quae
1027 4087 1080 4125 non
1099 4070 1191 4125 remit·

55 4162 130 4212 tetur
146 4173 202 4212 uno
221 4158 329 4211 nomine
347 4160 436 4212 uomri
455 4162 544 4228 potest
561 4158 766 4227 impoenitentia
784 4158 811 4212 id
829 4163 871 4213 est
884 4174 928 4212 eor
946 4156 1122 4227 impaenitens

55 4243 260 4313 pls-phemius
364 4244 397 4299 10
420 4246 460 4316 ut]
484 4262 535 4299 ona
561 4246 587 4299 T
688 4246 717 4300 ll
743 4246 842 4315 spiritu
868 4247 894 4300 Τ
995 4242 1194 4298 remittitur?

55 4331 213 4386 mittete
314 4330 348 4386 12
364 4347 449 4401 neqm
469 4332 534 4386 TV:
562 4335 676 4401 atquae
774 4332 808 4386 13
825 4332 888 4402 nen]
908 4346 977 4386 noo
1081 4330 1113 4384 15
1131 4344 1192 4398 pos·

53 4416 176 4471 simusv
279 4416 313 4472 16
329 4417 487 4472 remittetur
506 4418 532 4471 Τ
626 4418 661 4472 20
677 4417 716 4488 in]
735 4433 786 4474 oso.
803 4417 830 4472 1*
929 4415 1191 4485 soomnem10mne

54 4503 81 4558 Τ
185 4503 434 4572 omne].omnemo

1032 4607 1086 4661 26·
