2760 4814
362 344 528 413 Excerpta
546 360 582 397 ex
599 359 669 413 opp.
687 343 713 399 S.
732 342 923 412 Augustini
945 341 1036 398 CCXI.
1201 342 1262 409 681

132 534 246 608 uoluit,
278 533 331 598 sed
362 535 442 614 quod
473 532 628 598 unitatem
659 532 808 597 ecclesiae
829 533 896 598 toto
918 531 991 598 orbo
1014 532 1143 597 diffusas
1166 531 1264 597 schis-

133 639 257 703 matum
280 635 507 702 concisionibus
530 635 695 718 praetulit;
719 634 855 717 alioquin
879 634 976 699 etiam
998 634 1065 717 ipse
1087 636 1170 700 inter
1192 635 1264 700 illos

133 741 189 822 qui
223 739 298 805 foris
332 740 407 803 sunt
436 739 630 820 deputandus
661 742 718 804 est.
757 738 983 804 constituamus
1010 757 1084 823 ergo
1107 737 1183 804 duos
1207 738 1265 803 ali·

134 861 214 926 quos
248 844 308 908 isto
338 845 446 907 modo:
481 861 578 906 unum
609 858 726 926 eorum,
760 841 849 907 uerbi
880 843 991 926 gratia,
1026 843 1058 906 id
1088 845 1204 908 sentire
1227 841 1264 906 de

110 946 259 1012 sChristo
281 946 362 1028 quod
383 945 514 1010 Fotiuus
537 945 682 1027 opinatus
705 948 753 1010 sst
775 947 807 1010 st
828 946 861 1010 in
884 946 949 1010 eius
971 946 1089 1011 haeresi
1113 944 1264 1028 baptizari

135 1052 225 1114 extra
247 1049 393 1114 ecclesiae
416 1047 588 1114 catholicae
603 1048 774 1127 unitatem3
799 1047 897 1113 alium
913 1066 986 1114 uero
1009 1048 1067 1112 hoc
1089 1048 1173 1113 idem
1195 1067 1265 1114 ssu·

135 1153 211 1230 tire,
248 1155 300 1217 sod
333 1153 366 1217 in
400 1152 552 1216 catholica
588 1151 758 1234 baptizari,
797 1151 1028 1216 existimantem
1066 1152 1166 1235 ipsam
1199 1169 1265 1216 esse

136 1255 324 1322 catholicam
346 1253 458 1319 fidem:
483 1256 579 1319 istum
604 1253 740 1319 nondum
763 1254 958 1319 haereticum
976 1255 1055 1329 dico,
1080 1253 1141 1318 nisi
1165 1254 1265 1318 mani-

137 1360 254 1426 festata
275 1359 335 1424 sibi
354 1359 494 1424 doctrina
510 1359 680 1425 catholicae
698 1359 770 1424 fidei
793 1359 937 1425 resistere
960 1359 1109 1424 maluerit
1131 1364 1162 1424 ot
1184 1358 1265 1422 illud

102 1464 219 1545 acquod
249 1464 377 1529 tenebat
406 1464 550 1547 elegerit3
584 1464 665 1546 quod
696 1465 863 1546 antequam
893 1464 958 1546 fiat,
989 1463 1193 1528 manifestum
1218 1465 1266 1527 est

137 1567 230 1632 illum
260 1567 314 1650 qui
344 1567 420 1632 foris
449 1570 497 1632 est
526 1585 591 1631 esso
619 1568 765 1649 peiorem.
803 1568 908 1649 itaque
938 1567 972 1631 in
1002 1567 1060 1631 hoc
1089 1568 1158 1632 sola
1185 1566 1265 1631 falsa
1327 1624 1330 1629 .

138 1670 253 1753 opinio,
281 1669 315 1734 in
343 1669 399 1734 illo
428 1672 534 1734 autem
557 1670 652 1735 etiam
680 1670 750 1752 ipsa
772 1670 884 1735 diuisis
907 1670 1091 1755 corrigenda
1118 1671 1175 1748 est,
1211 1671 1266 1735 sed

137 1776 173 1840 in
196 1772 307 1838 neutro
329 1772 467 1854 ipsorum
489 1774 676 1837 sacramenti
699 1773 814 1838 ueritas
837 1776 1012 1856 repetenda.
1043 1774 1124 1855 quod
1139 1774 1166 1837 si
1181 1773 1267 1855 quis-

138 1896 235 1960 quam
257 1874 340 1940 idom
355 1877 469 1941 sentiat
487 1876 568 1957 quod
590 1875 649 1954 illi,
674 1880 705 1942 et
721 1895 785 1941 esse
808 1878 967 1942 haeresem
990 1878 1111 1942 nouerit
1131 1877 1170 1942 ab
1193 1878 1265 1942 uni-

106 1982 206 2046 utats
230 1979 400 2045 catholicas
431 1983 616 2064 separatam,
650 1981 704 2044 ubi
737 1981 794 2046 hoc
823 1983 952 2047 docetur
982 1984 1015 2045 et
1036 1981 1177 2056 discitur,
1212 1984 1266 2046 sed

139 2082 274 2147 alicuius
310 2083 477 2147 saecularis
514 2082 717 2148 emolumenti
754 2100 846 2148 causa
882 2083 915 2148 in
952 2083 1106 2148 catholica
1142 2084 1266 2147 unitate

137 2183 293 2268 baptizari
315 2186 448 2251 uoluerit
475 2187 526 2251 uel
551 2187 584 2251 iu
607 2205 643 2251 ea
665 2187 839 2268 baptizatus
862 2189 988 2269 propter
1011 2185 1067 2250 hoc
1090 2187 1161 2252 inde
1184 2189 1265 2251 exire

139 2289 283 2366 uoluerit,
306 2306 365 2353 non
383 2289 484 2354 solum
499 2292 660 2370 separatus
683 2289 843 2354 habendus
865 2295 912 2354 est
934 2308 1045 2354 uarum
1066 2289 1163 2355 etiam
1179 2292 1266 2354 tanto

139 2392 328 2470 sceleratius,
359 2399 477 2475 quanto
507 2393 608 2476 magis
632 2394 727 2457 errori
751 2393 887 2458 haeresis
909 2398 941 2458 et
963 2394 1110 2459 diuisioni
1133 2393 1266 2458 unitatis

106 2495 300 2566 refallaciam
315 2495 525 2561 simulationis
542 2496 693 2578 adiungit.
721 2514 815 2578 quam
832 2500 871 2563 ob
886 2516 951 2561 rsm
968 2499 1115 2580 cuiusque
1129 2497 1267 2562 hominis

140 2601 277 2682 prauitas
300 2600 414 2680 quanto
437 2599 635 2682 periculosior
658 2604 705 2664 est
728 2601 760 2663 et
781 2599 956 2676 tortuosior,
986 2601 1074 2665 tsnto
1097 2601 1268 2666 instantius

141 2704 174 2766 st
203 2703 361 2785 operosius
392 2704 576 2783 corrigenda
605 2706 663 2768 est.
703 2721 760 2768 nec
782 2703 852 2768 ideo
885 2705 1000 2781 tamen,
1027 2705 1053 2768 si
1076 2704 1150 2786 quid
1173 2704 1269 2770 habet

140 2802 312 2887 integrum,
343 2807 526 2888 praesertim
548 2824 609 2870 non
632 2826 732 2887 suum,
761 2810 814 2872 sed
837 2807 896 2884 dei,
927 2812 1051 2891 propter
1075 2809 1140 2873 eius
1163 2809 1269 2890 praui·

139 2912 240 2974 tatem
264 2908 315 2972 uel
338 2910 460 2974 nullum
479 2910 654 2992 putandum
669 2911 717 2974 est
732 2910 783 2975 uel
799 2911 905 2975 eodem
921 2914 1011 2976 modo
1028 2899 1268 2993 uituperaudum

108 3012 191 3082 suel
207 3015 275 3077 eius
292 3013 443 3094 prauitati
467 3014 667 3078 tribuendum
682 3031 719 3078 ao
736 3031 797 3078 non
819 3013 907 3078 illius
929 3014 1080 3097 largitati,
1103 3013 1157 3094 qui
1172 3013 1268 3078 stiam

140 3115 311 3181 fornicanti
339 3135 357 3180 a
386 3135 418 3181 ss
452 3119 572 3181 animae
602 3120 633 3181 st
667 3116 754 3181 eunti
788 3118 857 3199 post
888 3119 1042 3182 amatores
1076 3134 1149 3181 suos
1182 3116 1269 3182 dedit

245 3319 279 3372 26
297 3319 329 3374 cl.
349 3320 393 3374 Os.
413 3320 437 3384 2,
456 3321 538 3389 5sqq.

196 3512 207 3564 l
234 3508 410 3577 soliismutum
437 3508 464 3570 (h
484 3507 535 3561 dcl.
553 3526 587 3561 m.
607 3512 635 3574 2)
658 3507 684 3561 V
710 3507 864 3561 scismatum
889 3508 932 3564 Po
1038 3509 1055 3564 5
1080 3507 1119 3578 in]
1142 3508 1207 3563 odel.
1233 3510 1270 3563 P'

140 3612 217 3665 supr.
237 3611 309 3650 cers.
404 3594 489 3647 heresi
502 3595 574 3649 APo
667 3594 803 3663 baptizare
816 3595 852 3648 P¹
948 3595 1115 3649 Gunitatem
1132 3595 1168 3649 V:
1196 3611 1268 3649 com·

141 3684 295 3737 munionem
307 3682 377 3736 APv
472 3681 553 3750 idem]
572 3680 600 3735 id
618 3682 646 3736 P
739 3680 909 3749 'lbaptizare
927 3682 965 3736 Ρι
1057 3682 1269 3736 exsistimantem

145 3766 172 3823 V
256 3767 352 3836 ipsam]
366 3768 453 3835 ipsum
466 3769 493 3820 A
583 3766 782 3822 8manilestoo
867 3767 1030 3822 9doctrinae
1043 3767 1084 3822 Pu
1178 3768 1211 3822 10
1222 3769 1270 3822 eli·

142 3855 213 3923 gerit
229 3853 256 3908 V
346 3855 377 3906 ll
395 3852 453 3921 hoc]
471 3852 521 3906 hac
541 3852 568 3906 P
654 3853 737 3907 falsa·
754 3855 872 3921 (moos.)
892 3854 920 3906 P
1012 3853 1043 3906 12
1061 3855 1155 3924 openio
1173 3855 1201 3909 Δ

143 3939 176 3993 13
193 3940 222 3992 in
240 3939 345 4007 neutro]
364 3939 437 3992 inne
455 3939 659 3993 om.2inras.
679 3941 718 4006 P;
745 3945 874 3994 neutros
965 3940 1069 4008 141111]
1088 3939 1269 4009 illicloodd.

142 4040 176 4079 m.
195 4027 225 4091 2)
244 4025 272 4079 P
299 4025 380 4080 illes
483 4027 519 4096 et]
538 4042 588 4079 om.
608 4027 636 4081 P
733 4025 848 4080 heresim
867 4027 910 4081 Po
1015 4028 1045 4080 15
1064 4026 1212 4082 catholicae
1235 4027 1272 4082 V:

142 4112 273 4167 catholica
290 4113 361 4168 APo
455 4113 573 4167 discetur
590 4113 627 4168 P¹
724 4115 756 4167 16
774 4113 813 4182 in]
832 4129 883 4168 om.
901 4114 929 4169 P
1025 4114 1057 4166 19
1075 4130 1162 4167 errore
1179 4113 1205 4167 V

144 4199 276 4253 diuisione
304 4216 319 4252 o
438 4200 473 4253 22
500 4201 637 4269 operusins
665 4203 702 4255 A'
824 4200 858 4254 24
885 4200 989 4255 nullum
1018 4203 1079 4262 (om.
1105 4199 1160 4263 uel)
1188 4216 1204 4254 o

143 4286 177 4341 25
195 4286 324 4355 largitate
342 4286 369 4340 P
469 4287 503 4340 26
521 4302 538 4339 a
555 4286 591 4354 se]
611 4301 680 4343 aaa.
700 4288 726 4341 P
