2760 4814
128 272 195 340 666
615 265 779 336 Eugippii

129 462 198 528 eius
211 459 245 524 in
259 458 384 524 malitia
398 457 450 523 uel
461 457 624 541 sacrilegio
636 474 835 540 perseuerans
847 459 1044 538 peccatorum
1057 456 1261 524 abolitionem

131 584 193 631 nou
221 564 323 630 sinere
351 563 428 642 fieri,
463 563 557 646 atque
586 563 631 627 ita
656 560 843 643 intellegant
872 559 905 625 in
927 560 1199 626 communionibus
1221 560 1258 629 ab

132 668 263 736 ecclesia
284 666 434 750 separatis
456 682 545 748 posse
567 663 709 729 homines
731 662 894 747 baptisari,
921 662 974 729 ubi
995 663 1114 729 Christi
1139 665 1258 746 baptis-

132 789 205 839 mus
237 773 345 837 eadem
376 767 567 835 sacramenti
600 767 806 834 celebratione
839 765 932 832 datur
964 769 997 831 et
1026 769 1171 847 sumitur,
1206 769 1259 852 qui

131 880 238 940 tamen
267 877 337 939 tum
366 872 464 956 prosit
493 871 533 938 ad
561 871 775 937 remissionem
797 873 1004 954 peccatorum,
1036 888 1106 937 cum
1131 873 1288 956 quisquae

132 976 354 1045 reconciliatus
383 975 498 1041 unitati
527 974 690 1058 sacrilegio
721 972 922 1039 dissensionis
944 972 1078 1057 exuitur,
1108 993 1171 1058 quo
1194 976 1259 1043 cius

130 1083 257 1167 peccata
284 1078 472 1146 tenebantur
502 1083 533 1144 et
559 1078 679 1144 dimitti
701 1097 763 1143 non
786 1079 976 1145 sinebantur.
1015 1078 1208 1146 sicutenim
1229 1082 1260 1146 in

130 1187 188 1254 illo
210 1185 265 1268 qui
285 1185 378 1250 fictus
399 1183 570 1248 accesserat
587 1183 634 1260 fit,
657 1183 770 1248 utnon
785 1183 886 1249 denuo
908 1183 1092 1266 baptizetur,
1115 1183 1172 1249 sod
1193 1184 1260 1267 ipsa

130 1291 185 1376 pio
207 1289 397 1355 correctione
418 1287 450 1351 et
473 1286 576 1351 ueraci
591 1284 781 1351 confessione
796 1287 957 1372 purgetur,
981 1287 1063 1369 quod
1079 1304 1141 1350 non
1157 1293 1260 1370 posset

130 1394 199 1459 sine
221 1388 386 1471 baptismo,
410 1388 464 1451 sed
485 1390 521 1451 ut
544 1385 622 1469 quod
640 1388 712 1451 ante
728 1389 836 1453 datum
855 1387 902 1452 est
917 1392 993 1453 tunc
1007 1387 1114 1454 ualere
1128 1389 1259 1476 incipiat
1269 1407 1302 1452 ιο

130 1491 335 1570 adsalutem,
367 1508 436 1555 cum
466 1488 525 1554 illa
549 1488 634 1555 fictio
657 1491 762 1556 ueraci
784 1490 975 1557 confessione
997 1492 1181 1560 recesserit:
1215 1495 1260 1560 sic

130 1598 229 1663 etiam
257 1593 318 1659 iste
348 1594 402 1674 qui
423 1591 581 1674 baptisma
603 1591 731 1671 Christi,
763 1594 845 1677 quod
867 1613 930 1660 non
952 1595 1125 1661 amiserunt
1149 1597 1259 1681 quise

129 1703 362 1783 superauerunt,
397 1697 544 1762 inimicus
578 1696 719 1764 caritatis
753 1700 800 1763 et·
818 1698 905 1782 pacis
933 1697 1052 1764 Christi
1086 1699 1119 1765 in
1155 1700 1260 1784 aliqua

130 1801 250 1870 haeresi
279 1803 335 1866 aut
364 1799 532 1867 schismate
563 1803 692 1883 accepit,
724 1820 785 1884 quo
814 1802 967 1887 sacrilego
994 1803 1109 1869 scelere
1130 1806 1261 1887 peccata

130 1908 197 1973 eius
233 1924 295 1971 non
332 1903 583 1988 dimittebantur,
620 1923 691 1969 cum
726 1923 759 1969 ee
793 1906 959 1971 correxerit
982 1905 1075 1971 etad
1109 1907 1311 1973 ecclesiaerfi

131 2009 315 2076 societatem
338 2008 552 2091 unitatemque
578 2008 710 2086 uenerit,
742 2026 803 2073 non
833 2009 947 2075 iterum
970 2009 1178 2092 baptizandus
1200 2013 1258 2089 est,

130 2113 205 2196 quia
227 2114 295 2194 ipsa
317 2112 569 2178 reconciliatione
585 2130 622 2178 ac
640 2130 717 2194 pace
732 2116 918 2195 praestatur,
937 2114 973 2179 ut
987 2113 1027 2178 ad
1043 2113 1259 2180 remissionem

130 2220 328 2302 peccatorum
344 2216 409 2282 eius
431 2216 464 2282 in
479 2217 600 2283 unitate
622 2217 686 2282 iam
701 2218 848 2299 prodesse
870 2217 1003 2301 incipiat
1017 2220 1258 2297 sacramentum,

130 2320 214 2404 quod
235 2325 398 2404 acceptum
420 2319 452 2386 in
475 2320 643 2386 schismate
666 2321 810 2403 prodesse
833 2339 894 2386 non
916 2322 1051 2406 poterat.

173 2423 207 2490 Si
237 2425 342 2489 autem
372 2424 507 2490 dixerint
536 2424 568 2488 iu
598 2423 653 2488 illo
685 2425 738 2507 qui
767 2424 860 2490 fictus
887 2425 1018 2491 accessit
1040 2443 1095 2506 per
1118 2428 1293 2491 sanctamro

131 2525 199 2591 uim
220 2528 303 2592 tanti
324 2526 510 2592 sacramenti
532 2527 661 2594 dimissa
676 2530 804 2610 quidem
826 2528 876 2593 ilii
899 2547 966 2594 esse
987 2532 1115 2610 peccata
1136 2529 1172 2594 in
1194 2528 1260 2613 ipso

131 2631 279 2711 temporis
300 2632 425 2712 puncto,
448 2630 502 2695 sed
525 2648 580 2712 per
601 2630 757 2697 fictionem
780 2633 878 2715 ipsius
900 2632 1017 2698 redisse
1041 2631 1200 2711 continuo,
1224 2635 1260 2697 ut

129 2731 260 2816 spiritus
293 2734 418 2798 sanctus
449 2736 481 2799 et
510 2733 648 2800 adfuerit
670 2735 838 2817 baptizato,
862 2736 898 2802 ut
919 2736 1045 2818 peccata
1067 2735 1260 2817 recederent,

128 2839 162 2902 et
191 2837 452 2920 perseuerantiam
483 2837 618 2904 fictionis
640 2837 768 2922 fugerit,
801 2840 837 2903 ut
866 2839 1012 2918 redirent,
1046 2841 1083 2903 ut
1113 2841 1147 2904 et
1181 2838 1261 2904 illud

130 2960 242 3007 uerum
262 2941 320 3007 sit:
344 2940 535 3025 quotquot
556 2941 594 3005 in
611 2939 770 3007 Christo
791 2941 989 3026 baptizati
1012 2941 1136 3022 estis,
1151 2940 1295 3010 Chri-re

232 3095 267 3149 ab
285 3095 345 3150 Gal.
363 3096 388 3160 3,
406 3095 441 3149 27

183 3233 370 3288 labolitioue
394 3234 422 3287 A
526 3233 702 3302 3baptizare
725 3233 753 3287 P
854 3233 949 3288 btnm
970 3233 1007 3287 V:
1036 3235 1103 3288 tunc
1120 3233 1194 3289 APo

128 3322 146 3375 6
169 3321 370 3376 reconsiliatus
394 3324 422 3389 (b
440 3321 509 3391 ras.)
533 3321 559 3375 V
657 3321 773 3391 exuitur]
792 3337 806 3374 r
824 3337 858 3376 em
875 3338 888 3374 s
905 3337 975 3376 corr.
994 3322 1033 3384 P;
1061 3324 1156 3375 erutus
1175 3337 1193 3377 u

128 3408 265 3478 9ueraci]
288 3407 394 3463 neraei
418 3408 447 3463 P
472 3423 536 3462 nera
552 3407 645 3464 eiuso
748 3407 833 3477 possit
854 3408 884 3462 P
985 3407 1019 3460 10
1035 3405 1106 3475 quod
1123 3408 1157 3460 ut
1173 3421 1192 3460 o

130 3497 161 3551 ll
186 3492 269 3565 fictio]
293 3494 375 3550 factio
402 3494 429 3548 A
533 3492 565 3548 12
588 3493 650 3563 iste]
673 3494 765 3563 ipsiu
868 3493 1012 3563 baptisma]
1038 3492 1172 3562 baptizati
1197 3495 1263 3548 sunt

127 3598 145 3637 u
245 3581 407 3635 amicuerunt
424 3580 453 3635 P
555 3581 588 3635 13
606 3580 1149 3650 separarerunt(untecantcorr.m.1)
1166 3578 1196 3634 V

128 3667 467 3736 inimicu11iuimieiciiso
571 3667 605 3721 14
627 3666 832 3721 schismataeV
858 3667 998 3721 scismatse
1015 3666 1042 3719 P
1145 3666 1181 3721 15
1204 3681 1263 3722 cor·

128 3752 223 3809 rixerit
243 3753 268 3809 V
371 3753 403 3808 ld
420 3752 597 3823 baptizandos
616 3752 653 3807 P¹
757 3753 789 3808 17
807 3752 1043 3838 reconcbiiiations
1062 3751 1092 3818 (b
1110 3750 1164 3808 dei.
1179 3768 1216 3807 m.
1230 3755 1263 3822 2)

132 3857 158 3913 V
260 3857 293 3912 18
316 3857 384 3928 eius]
407 3872 493 3914 omo
596 3856 660 3927 iam]
680 3871 764 3912 om.o
865 3855 901 3910 20
920 3857 1047 3910 sanctas
1149 3855 1185 3910 21
1204 3857 1264 3912 uim

127 3943 211 4014 tanti]
234 3958 325 4000 om.o
427 3945 633 4000 sacrementao
736 3942 900 4012 illi]i11ao
1002 3941 1037 3995 22
1059 3956 1106 4008 per
1123 3939 1265 3999 fictionem

128 4029 197 4088 AV:
223 4028 409 4099 perfectionem
427 4029 471 4085 Po
561 4030 596 4086 23
614 4029 759 4084 recederint
776 4028 814 4084 Ρι
904 4027 939 4082 24
955 4027 1192 4098 perseuerantiae

127 4114 242 4187 ingerit]
260 4113 344 4169 inerit
361 4115 400 4169 Ρ*
425 4114 554 4171 dermite
638 4114 674 4170 25
690 4114 827 4185 quodquot
844 4114 873 4183 (d
884 4115 941 4169 int
957 4129 1027 4169 corr.
1040 4128 1076 4168 m.
1088 4116 1117 4180 2)
1135 4112 1197 4169 PV

127 4201 263 4274 baptenti
281 4201 303 4269 (i
319 4202 386 4272 rae.)
402 4202 432 4258 P
