2760 4814
244 306 408 375 Eroerpta
426 322 461 360 ex
479 322 549 375 opp.
568 306 594 359 S.
612 306 800 375 Augustini
822 306 1010 360 CCXXVIIII.
1131 308 1190 373 751

57 514 136 561 non
165 496 319 562 iudicat
347 496 609 584 quemquam),
639 498 838 564 sodomus
867 496 1060 574 iudioium
1081 498 1192 563 dedit

58 599 165 665 filio.
203 600 286 682 quod
309 606 416 665 utrum
439 620 474 665 er
503 600 561 665 illa
583 600 736 665 locutione
759 601 879 665 dietum
902 603 954 683 sit,
982 620 1076 685 quam
1098 619 1192 683 supra

59 705 384 781 commemoramus,
408 703 462 768 ubi
485 704 544 767 ait:
572 705 630 768 sio
653 703 765 767 dedit
788 702 879 769 filio
903 704 1045 769 habere
1067 703 1190 769 uitam

58 805 102 870 in
132 808 256 870 semet
285 809 386 889 ipso,
417 812 454 872 ut
475 804 678 890 significaret,
701 806 775 888 quia
797 806 842 870 sio
870 805 979 890 genuit
1005 805 1120 883 filium,
1151 825 1191 871 an

30 928 99 977 aex
121 908 178 973 illa
201 927 262 990 qua
291 909 433 991 loquitur
454 909 613 990 apostolus
636 908 758 975 diosus:
788 910 953 992 propter
982 913 1084 991 quod
1107 929 1190 974 eum

59 1012 284 1077 suseitauit
317 1013 355 1076 et
388 1012 552 1077 donauit
585 1012 618 1076 ei
653 1032 807 1090 nomen,
845 1011 948 1096 quod
982 1015 1042 1076 est
1073 1030 1191 1094 super

58 1132 170 1178 omne
193 1133 331 1178 nomeu
347 1151 391 1162 —-
405 1115 464 1181 hoo
478 1116 563 1180 euim
579 1119 617 1181 de
632 1114 696 1179 filio
712 1115 846 1179 hominis
863 1115 985 1179 dictum
1001 1116 1058 1191 est,
1077 1133 1189 1179 seeun-

60 1218 137 1283 dum
161 1236 252 1299 quem
276 1219 325 1282 dei
355 1218 440 1282 filius
462 1218 628 1284 suscitatus
652 1219 699 1281 est
721 1236 740 1281 a
761 1217 904 1283 mortuis.
938 1217 993 1282 ille
1021 1220 1132 1299 quippe
1154 1219 1187 1281 in

58 1320 162 1385 forma
196 1320 245 1385 dei
277 1321 415 1403 aequalis
448 1326 497 1386 est
526 1323 618 1403 patri,
653 1339 689 1385 er
720 1339 780 1403 qua
801 1340 834 1384 se
857 1320 1029 1412 exinaniuit
1053 1322 1189 1386 formam

12 1458 47 1499 ,ο
58 1423 145 1489 serui
178 1424 351 1505 aooipieus;
385 1425 417 1489 in
451 1427 518 1507 ipsa
551 1425 652 1489 forma
683 1425 767 1489 serui
796 1426 829 1489 et
858 1424 927 1507 agit
948 1428 979 1487 et
1016 1424 1135 1506 patitur
1157 1428 1190 1487 et

58 1526 184 1609 accipit,
219 1545 298 1609 quae
327 1531 548 1608 cousequenter
579 1528 716 1591 conterit
739 1529 917 1609 apostolus:
951 1527 1189 1591 humiliauit

58 1650 115 1706 se,
140 1631 270 1695 iaetus
293 1630 505 1695 oboediens
529 1649 650 1712 usque
673 1631 716 1695 ad
739 1638 918 1705 mortem,
942 1635 1104 1694 mortem
1126 1649 1189 1694 au-

57 1742 137 1799 tom
161 1734 299 1800 oruois.
337 1736 618 1817 propterquod
642 1754 724 1798 eum
748 1733 1190 1799 exaltauitetdouauit

58 1840 95 1902 ei
130 1855 282 1913 nomeu,
317 1840 416 1919 quod
446 1844 647 1920 estsuper
677 1858 788 1903 omno
811 1856 960 1916 nomen,
997 1836 1103 1902 utin
1126 1854 1189 1900 no·

17 1944 164 2009 umine
187 1943 275 2005 Iesu
301 1959 408 2005 omne
437 1960 534 2022 genu
569 1942 763 2005 flectatur
786 1942 1037 2021 caelestium,
1070 1942 1189 2003 terre-

59 2045 209 2109 strium
233 2047 270 2108 et
293 2047 539 2110 infernorum
563 2051 600 2109 et
623 2046 743 2111 omnis
767 2046 903 2128 lingua
925 2044 1188 2117 eonfiteatur,

58 2148 150 2229 quia
179 2148 359 2213 domiuus
383 2150 493 2213 Iesus
517 2147 702 2213 Christus
731 2147 769 2212 iu
800 2147 931 2232 gloria
961 2151 1021 2211 est
1044 2146 1104 2210 dei
1127 2164 1188 2228 pa-

56 2251 136 2315 tris
158 2288 203 2299 -
224 2256 330 2315 utrum
361 2271 433 2335 ergo
463 2253 634 2317 seeundum
658 2252 745 2317 illam
768 2270 808 2315 an
831 2255 999 2316 seeundum
1023 2252 1119 2316 istam
1142 2252 1187 2316 lo·

59 2355 219 2418 tutionem
242 2355 362 2419 dietum
385 2357 441 2421 sit:
474 2374 583 2420 omne
613 2355 807 2419 iudicium
829 2353 939 2418 dedit
969 2354 1078 2433 filio,
1109 2355 1187 2419 satis

24 2456 111 2521 ahio
125 2461 262 2539 apparet,
285 2458 367 2540 quia,
391 2459 417 2523 si
436 2459 603 2523 secuudum
627 2457 707 2522 illud
725 2457 887 2534 diceretur,
912 2461 1081 2522 seeundum
1105 2456 1186 2539 quod

58 2560 265 2625 dictumest:
296 2562 406 2626 dedit
435 2561 528 2626 silio
551 2561 697 2625 hahere
719 2560 843 2625 uitam
874 2562 914 2624 iu
936 2566 1056 2626 semet
1086 2564 1186 2644 ipso,

59 2682 120 2728 uon
156 2663 263 2744 utiquo
292 2663 467 2729 diceretur:
502 2667 611 2746 pater
645 2683 719 2728 uon
753 2664 908 2729 iudioat
941 2682 1186 2748 quemquam:

58 2766 229 2831 seeundum
252 2768 310 2832 hoo
333 2768 427 2847 enim,
452 2770 533 2849 quod
551 2767 715 2849 aequalem
729 2772 819 2849 pater
837 2768 947 2851 genuit
969 2768 1080 2843 filium,
1105 2767 1185 2833 iudi·

58 2872 109 2934 eat
132 2887 204 2934 oum
226 2869 291 2934 illo.
321 2873 491 2935 seeundum
514 2870 571 2934 hoo
594 2888 665 2953 ergo
687 2870 807 2935 dictum
829 2874 887 2948 est,
911 2872 992 2952 quod
1015 2872 1048 2935 in
1070 2870 1186 2935 iudicio

29 2991 118 3036 amon
141 2971 174 3035 in
193 2972 293 3037 forma
308 2973 367 3052 dei,
391 2972 445 3037 sed
468 2973 568 3038 forma
591 2973 649 3037 tilii
673 2973 807 3038 hominis
830 2976 1001 3056 apparebit,
1031 2991 1090 3037 non
1114 2973 1187 3055 quia

55 3094 118 3141 non
143 3074 294 3141 iudicabit
316 3077 370 3158 qui
386 3094 476 3141 omne
500 3076 654 3141 iudicium
669 3076 753 3141 dedit
771 3076 845 3157 tilio,
869 3096 939 3142 oum
962 3077 1000 3140 de
1023 3076 1078 3141 iilo
1100 3075 1186 3140 tilius

54 3178 162 3243 meat:
196 3179 257 3243 est
286 3180 349 3262 qui
381 3181 544 3262 quaerat
566 3181 604 3243 et
634 3179 804 3257 iudicet,
839 3179 892 3243 sed
914 3181 961 3243 ita
982 3180 1100 3244 dietum
1123 3180 1185 3242 est:

52 3284 173 3363 pater
202 3297 275 3343 nou
305 3281 461 3346 iudicat
489 3300 729 3364 quemquam,
760 3282 827 3346 sed
855 3301 964 3346 omne
994 3281 1184 3346 iudicium
1271 3286 1275 3293 '

53 3382 171 3447 dedit
191 3382 299 3458 filio,
323 3402 358 3447 ao
373 3384 401 3447 si
420 3384 590 3448 diceretur:
617 3386 757 3467 „patrem
773 3403 861 3449 nemo
878 3384 998 3449 uidebit
1013 3385 1046 3448 in
1069 3384 1184 3449 iudicio

10 3494 37 3541 *o
51 3485 202 3550 uiuorum
225 3487 258 3550 et
280 3488 483 3570 mortuorum,
505 3489 556 3551 sed
581 3505 688 3551 omnes
711 3486 844 3560 filium“‚
876 3487 948 3570 quia
970 3492 1000 3552 et
1023 3486 1107 3552 filius
1130 3488 1185 3549 ho-

50 3591 151 3654 minis
174 3589 231 3665 est,
255 3591 292 3654 ut
313 3589 413 3670 possit
434 3592 467 3654 et
482 3590 521 3654 ab
535 3589 642 3672 impiis
659 3591 768 3667 uideri,
791 3610 863 3655 cum
877 3596 909 3655 et
924 3590 973 3655 iili
993 3590 1187 3656 uidebant

52 3690 95 3757 in
119 3710 229 3773 quom
253 3697 517 3775 pupugerunt.

159 3895 177 3948 3
194 3897 233 3957 (et
245 3896 288 3959 21)
302 3895 340 3949 Io.
353 3896 377 3957 5,
391 3895 425 3948 26
510 3897 526 3948 5
545 3898 584 3959 (et
596 3897 638 3961 li)
652 3896 767 3966 Philipp.
780 3898 804 3962 2,
817 3899 899 3966 8sqq.
986 3900 1018 3951 31
1039 3897 1075 3950 lo.
1096 3896 1134 3961 19,
1153 3896 1186 3949 37

51 3980 145 4041 (Zaeh.
166 3980 207 4043 12,
229 3981 272 4047 10)

107 4150 345 4219 aloquutioneV
447 4153 478 4205 18
501 4153 684 4220 loquutionem
711 4151 736 4206 V
834 4154 869 4207 20
886 4154 931 4209 hic
954 4156 989 4209 V:
1020 4156 1083 4207 hino
1100 4170 1118 4206 a

56 4232 171 4305 2811011]
190 4252 241 4291 om.
264 4236 314 4301 V¹;
331 4238 396 4291 add.
419 4238 451 4291 V²
468 4254 543 4307 supr.
562 4254 633 4293 aere.
