2760 4814
188 552 272 619 1002
673 550 842 620 nugrpprr

192 741 286 807 deum
323 743 493 807 intentione
530 740 681 806 faciamus
718 757 930 823 quaecumque
967 738 1117 817 facimus;
1157 744 1194 805 et
1232 740 1326 805 mults

188 845 346 910 incertum
377 846 425 909 est
454 862 514 927 quo
537 843 628 909 corde
650 842 738 925 fiant,
762 843 800 909 de
824 843 936 927 quihus
961 840 1101 907 iudicare
1123 842 1324 909 temerarium

188 951 246 1012 est.
287 948 421 1013 maxime
452 949 557 1013 autem
586 946 619 1012 hi
649 949 767 1013 temere
798 946 938 1012 iudicant
961 947 999 1012 de
1021 946 1156 1011 incertis
1181 952 1217 1013 et
1239 946 1324 1013 facile

188 1049 429 1131 reprehendunt,
460 1051 514 1134 qui
545 1052 645 1134 magis
673 1055 780 1116 amant
803 1051 982 1134 uituperare
1005 1053 1038 1115 et
1059 1049 1215 1117 damnare
1237 1068 1323 1134 quam

189 1154 354 1220 emendare
384 1156 477 1237 atque
499 1156 668 1237 corrigere:
698 1154 780 1236 qnod
803 1154 920 1219 uitium
942 1154 995 1219 uel
1017 1153 1187 1234 superbiae
1210 1160 1257 1218 est
1277 1153 1346 1217 nelr

188 1255 382 1324 inuidentiae
410 1294 454 1306 -
483 1258 704 1340 consequenter
734 1258 849 1324 subicit
880 1260 912 1322 et
941 1255 1035 1322 dicit:
1065 1257 1163 1338 qnid
1194 1263 1321 1323 autem

191 1362 300 1427 uides
322 1360 583 1431 festucamin
607 1363 723 1427 oculo
747 1359 891 1427 fratris
913 1361 988 1436 lui,
1016 1360 1176 1426 trahem
1200 1362 1320 1426 autem

189 1465 227 1529 in
257 1467 323 1529 tuo
354 1466 470 1530 oculo
500 1483 574 1530 non
603 1464 740 1529 uides?
772 1466 809 1529 nt
831 1465 858 1529 si
881 1463 1017 1528 feruenti
1039 1465 1128 1530 nerhi
1152 1464 1320 1547 gratiana

189 1566 244 1631 ille
281 1569 432 1651 peccauit,
471 1571 507 1631 tu
544 1566 614 1631 odio
651 1566 869 1649 reprehendas.
906 1569 1060 1648 quantum
1098 1571 1210 1633 antam
1246 1569 1319 1633 inter

190 1669 343 1736 festucam
366 1674 398 1735 et
420 1671 553 1748 trahem,
575 1670 664 1752 quasi
688 1674 812 1734 tanturn
835 1671 917 1735 inter
938 1670 1018 1735 iram
1040 1669 1140 1736 distat
1162 1672 1199 1736 et
1214 1671 1344 1737 odiuma

189 1775 296 1840 odium
319 1776 366 1838 est
388 1775 472 1839 enim
494 1775 540 1839 ira
561 1774 745 1850 inueterata,
769 1776 858 1856 quasi
881 1793 960 1857 quae
982 1775 1142 1839 uetustate
1166 1775 1237 1858 ipsa
1256 1779 1317 1839 tan·

190 1879 259 1941 tum
282 1877 375 1941 robur
397 1878 562 1959 acceperit,
588 1879 624 1941 ut
638 1880 749 1942 merito
765 1879 974 1962 appellaretur
989 1877 1102 1943 trahes.
1133 1877 1206 1942 lieri
1223 1879 1317 1944 antem

190 1980 303 2062 polest,
326 1981 371 2059 ut,
395 1982 421 2045 si
451 1980 595 2045 irascaris
624 1980 754 2058 homini,
784 1982 865 2047 uelis
888 1999 958 2047 eum
990 1980 1121 2063 corrigi3
1160 1981 1189 2045 si
1220 1986 1316 2046 antem

191 2081 292 2147 oderis
314 2082 483 2161 hominem,
506 2101 567 2148 non
589 2088 676 2166 potes
699 2102 768 2149 eum
793 2083 875 2149 nelle
897 2082 1058 2166 corrigere.

234 2201 435 2281 Quomodo
473 2204 576 2269 enim
620 2205 723 2270 dicis
766 2205 890 2270 fratri
929 2208 1011 2268 tuo:
1057 2202 1145 2269 sine
1184 2205 1341 2271 siciano

191 2305 384 2370 festucam
415 2307 460 2372 de
483 2309 594 2374 oculo
616 2311 699 2389 tuo,
731 2309 769 2372 et
791 2325 877 2373 ecce
899 2305 1037 2372 trabes
1060 2308 1188 2371 estin
1213 2307 1316 2373 oculo

191 2409 281 2474 tuo?
310 2409 537 2493 hypocrita,
568 2412 649 2476 eice
671 2413 837 2494 primum
859 2410 1010 2477 trabem
1032 2408 1077 2474 de
1101 2410 1221 2475 oculo
1241 2412 1315 2483 tuo,

192 2516 230 2577 et
253 2517 347 2577 tunc
376 2512 534 2579 uidebis
564 2515 693 2579 eicere
727 2513 926 2580 festucam
955 2513 1000 2577 de
1030 2512 1146 2578 oculo
1183 2512 1316 2579 fratris

192 2615 270 2680 tui:
294 2615 326 2679 id
349 2620 395 2679 eet
417 2616 518 2698 primo
534 2617 589 2682 ahs
605 2619 637 2681 te
655 2615 773 2698 expelle
796 2616 912 2696 odium,
935 2617 968 2681 et
990 2616 1099 2681 deinde
1122 2617 1243 2700 poteris
1263 2618 1317 2682 ian

191 2737 264 2783 enm
287 2736 379 2800 quem
402 2719 507 2803 diligis
531 2720 706 2785 emendare.
745 2721 778 2784 at
800 2720 876 2784 hene
898 2718 957 2783 ait:
981 2717 1206 2802 hypocrita.
1236 2738 1343 2787 socr-a

192 2839 261 2886 sare
282 2821 365 2885 enim
388 2822 467 2886 uitia
489 2822 625 2887 officium
649 2826 696 2887 est
718 2822 869 2887 honomm
884 2823 1024 2887 uiromm
1042 2823 1074 2886 el
1089 2823 1317 2903 beniuolorum3

192 2925 273 3005 quod
296 2939 367 2987 oum
390 2924 465 2989 mali
488 2926 619 3004 faciunt,
642 2925 763 2991 alienas
784 2927 888 3009 partes
910 2931 1010 3011 munt
1031 2926 1113 2991 siout
1136 2927 1317 3011 hypocritae,

193 3028 246 3110 qui
276 3031 388 3110 tegunt
415 3030 474 3092 sub
503 3048 635 3112 persona
665 3030 746 3112 quod
775 3034 850 3094 sunt
879 3030 912 3094 et
941 3031 1101 3094 ostentant
1131 3028 1164 3095 in
1195 3046 1318 3113 persona

193 3131 275 3213 qnod
304 3148 366 3195 non
389 3135 474 3195 sunt.
513 3132 746 3216 hypocritarum
771 3150 843 3215 ergo
866 3132 991 3197 nomine
1012 3130 1217 3199 simulatores
1239 3150 1318 3198 acce·

192 3234 283 3317 peris.
311 3235 344 3299 et
366 3236 415 3297 est
436 3253 510 3300 uere
532 3235 668 3300 multum
685 3236 859 3301 cauendum
875 3236 906 3300 et
921 3235 1087 3300 molestum
1104 3235 1343 3303 simulatorius

194 3354 300 3421 genus,
332 3336 386 3417 qui
416 3353 489 3401 cnm
511 3338 651 3402 omnium
674 3338 824 3402 uitiorum
847 3338 1057 3402 accusationes
1079 3335 1150 3403 odio
1173 3338 1207 3404 et
1228 3338 1318 3403 liuore

193 3438 375 3521 suscipiant,
406 3440 500 3504 etiarn
531 3440 737 3506 consolatores
766 3440 867 3506 uideri
896 3460 928 3504 se
956 3440 1077 3505 uolunt.
1116 3444 1149 3505 et
1179 3440 1250 3506 ideo
1277 3440 1320 3522 pie

193 3544 343 3623 cauteque
373 3541 570 3625 uigilandum
600 3547 658 3623 est,
689 3548 734 3622 ut,
765 3561 836 3608 cum
862 3543 1001 3626 aliquem
1029 3542 1256 3625 reprehendere
1275 3540 1318 3606 uel

192 3643 356 3727 obiurgare
378 3643 547 3710 necessitas
569 3646 714 3729 coegerit,
736 3645 837 3729 primo
860 3646 1041 3728 cogitemus,
1065 3650 1177 3712 ulrum
1199 3648 1261 3713 tale
1282 3645 1320 3711 sit

297 3856 314 3910 6
332 3855 431 3913 hlattla
451 3854 474 3921 7,
492 3855 509 3909 3
614 3856 647 3910 15
670 3855 770 3910 Matlh.
790 3857 814 3921 7,
831 3856 897 3925 leq.

247 4056 260 4107 1
280 4054 359 4107 deum
375 4052 451 4108 GP¹2
479 4053 527 4107 deo
540 4053 609 4109 ΡΨ
692 4055 843 4109 intentione
859 4053 895 4109 V:
922 4055 1028 4109 intento
1042 4053 1109 4110 G³P
1135 4054 1209 4110 inter
1223 4056 1260 4112 6¹

193 4140 221 4193 et
243 4137 324 4193 P’V:
355 4140 418 4207 quia
435 4143 462 4193 et
485 4141 523 4194 P¹
626 4141 644 4195 4
668 4140 883 4209 repraehendnnt
905 4140 931 4194 V
1031 4140 1048 4193 8
1072 4142 1191 4196 feruenti
1215 4141 1324 4197 Hortel:

193 4222 326 4277 femetV
354 4222 425 4278 forte
449 4222 504 4278 GP
605 4226 623 4279 9
647 4228 738 4280 autem
761 4225 799 4280 V:
829 4228 921 4279 autem
943 4225 1057 4280 interest
1085 4226 1141 4281 ΟΡ
1246 4229 1280 4283 10
1300 4234 1326 4281 et

193 4308 285 4363 odium
308 4309 344 4363 V=
374 4311 456 4379 atque
472 4310 564 4365 odium
583 4312 610 4366 P
718 4311 751 4367 12
768 4311 898 4381 acciperit
918 4311 947 4366 V
1046 4314 1233 4382 appellaretur
1251 4314 1327 4370 P¹V:

192 4394 344 4465 appelletur
362 4395 399 4450 Ρ1
503 4397 536 4452 14
552 4403 628 4467 potes
651 4398 717 4453 GP:
743 4398 870 4468 putesV
965 4399 1096 4467 corrigere
1119 4399 1156 4456 V:
1182 4402 1329 4471 comigeret

194 4481 223 4535 P
315 4481 347 4535 21
367 4482 554 4537 beneuolornm
575 4483 630 4539 GP
720 4484 755 4538 24
772 4483 898 4553 acciperis
915 4483 984 4539 P¹V
1075 4484 1217 4543 aelthere
1239 4488 1267 4545 V
