2760 4814
211 275 278 344 572
696 275 861 347 Eminuit

214 465 293 531 mini
315 465 425 547 nostri,
454 466 550 531 donec
572 466 726 548 completa
747 468 836 532 sexta
865 466 920 532 illo
943 468 1095 551 pendente
1118 467 1231 534 fierent
1253 470 1348 536 tene·

211 569 296 649 brae,
326 568 438 651 quibus
460 571 524 634 tres
546 568 754 652 euangelistae
776 572 977 652 attestantur,
1000 571 1189 654 Matthaeus,
1210 570 1345 640 Murcus

209 673 245 737 et·
265 671 377 738 Lucas.

253 791 446 874 Quaeramus
482 793 546 860 iam
583 795 813 878 consequenter,
849 813 904 860 our
941 794 1055 862 dixerit
1090 794 1224 876 Merene,
1264 814 1342 863 oum

209 898 483 964 commemorasset
511 897 592 981 quod
615 897 829 982 crucifigentes
854 918 925 963 anm
948 899 1124 964 diuiserunt
1145 898 1378 966 uestimentae

209 1000 285 1075 eius,
308 1001 472 1068 mittentes
495 1003 592 1067 sortes
613 1019 706 1085 super
728 1002 781 1079 sis,
805 1001 875 1084 quis
897 1001 972 1085 qnid
994 1002 1130 1077 tolleret,
1154 1006 1186 1068 ot
1208 1005 1339 1070 secutus

205 1105 403 1170 adiunxerit:
433 1107 670 1172 enatantem
694 1105 788 1172 hora
809 1106 948 1186 tertia,
971 1111 1012 1172 et
1033 1105 1339 1172 crucifixerunt

207 1228 302 1274 eum.
337 1209 401 1275 iam
423 1212 506 1276 certe
528 1209 665 1275 dixerat:
698 1209 735 1274 et
758 1210 1055 1294 crucifigentes
1077 1229 1161 1275 enm
1183 1209 1334 1277 diuise·

205 1315 299 1378 runt
321 1313 561 1378 uestimenta
584 1313 678 1379 eins.
715 1314 761 1378 sic
783 1313 881 1378 etiam
903 1315 998 1380 ceteri
1020 1315 1223 1390 attestantur,
1248 1315 1334 1397 qnod

205 1434 241 1482 oo
263 1415 406 1481 crucifixo
429 1415 621 1483 uestimenta
642 1417 743 1482 diuisa
764 1421 847 1483 sunt.
877 1418 904 1483 si
928 1416 994 1482 eins
1016 1418 1059 1482 rei
1074 1419 1183 1502 gestae
1205 1420 1372 1498 tempnere

203 1517 308 1584 uoluit
330 1536 571 1584 commemorare
592 1519 729 1597 Marcus,
759 1519 915 1586 sufficeret
945 1520 1062 1586 dicere:
1093 1525 1334 1585 enatantem

205 1621 299 1689 bora
331 1621 469 1697 tertia3
505 1622 636 1705 utquid
660 1622 820 1688 adiunxit:
854 1625 892 1688 et
925 1622 1213 1689 crucifixerunt
1235 1642 1332 1704 eum,

202 1726 263 1791 nisi
286 1727 358 1808 qnia
381 1724 482 1790 uoluit
503 1725 621 1807 aliquid
651 1726 884 1809 recapitulando
914 1725 1100 1810 significare,
1130 1725 1212 1809 qnod
1235 1744 1333 1810 quae-

200 1830 299 1895 situm
315 1828 516 1912 inueniretur,
534 1848 605 1895 cnm
620 1831 774 1913 scriptura
788 1830 857 1914 ipsa
872 1829 936 1896 illis
952 1829 1144 1915 temporibus
1159 1829 1330 1914 legeretur,

202 1932 317 2016 quibus
348 1932 512 1999 uniuersae
545 1934 696 2001 ecclesiae
728 1940 837 2000 notum
871 1936 948 2012 erat,
983 1953 1044 2017 qua
1076 1935 1151 1999 hora
1184 1933 1366 2001 deminuere

201 2036 286 2121 ligno
316 2054 484 2120 suspensus
514 2039 572 2117 est,
604 2039 685 2103 unde
706 2042 812 2121 posset
840 2037 932 2104 buius
954 2037 1007 2104 uel
1030 2055 1115 2103 error
1137 2037 1253 2121 corrigi
1276 2037 1330 2104 uel

200 2139 397 2207 mendacium
419 2141 577 2207 refutari?
607 2142 661 2206 sed
684 2143 757 2225 quia
778 2142 897 2209 sciebat
920 2161 939 2207 a
960 2141 1116 2208 militibus
1139 2158 1328 2225 suspensum

197 2244 376 2328 dominum,
405 2261 468 2309 non
497 2262 516 2309 a
544 2245 682 2323 Indaeis,
714 2245 798 2310 sicut
826 2245 979 2311 Iohannes
1010 2245 1207 2327 apertissime
1236 2244 1327 2325 dicit,

197 2349 317 2414 occulte
338 2348 441 2413 uoluit
456 2352 618 2415 ostendere
634 2365 685 2414 eos
700 2350 802 2433 magis
817 2349 1003 2416 crucifixisse
1025 2347 1079 2432 qui
1094 2350 1325 2425 olamauernnt.

197 2453 233 2516 ut
264 2450 506 2535 crucifigeretur,
541 2471 635 2536 quam
668 2453 739 2518 illos
773 2453 827 2536 qni
859 2453 1068 2519 ministerium
1100 2450 1235 2536 principi
1269 2469 1363 2517 suoeo

195 2555 366 2620 secundnm
388 2573 481 2619 sunm
496 2554 635 2622 officium
656 2555 879 2639 praebuerunt.
909 2556 1106 2641 intellegitur
1127 2572 1203 2638 ergo
1225 2554 1327 2622 fuisse

195 2656 272 2722 bora
288 2658 392 2735 tertia,
408 2678 478 2724 oum
495 2659 712 2726 clameuerunt
727 2660 845 2741 Iudaei,
861 2662 898 2726 ut
911 2661 1055 2728 dominus
1073 2658 1324 2743 crucifigentum

195 2763 228 2825 et
260 2761 460 2827 ueracissime
494 2763 723 2830 demonstratur
757 2768 833 2830 tnnc
867 2783 918 2831 eos
951 2764 1152 2842 crucifixisse,
1196 2761 1323 2845 quando

193 2862 420 2948 olamanerunt,
443 2867 578 2934 maxime
600 2868 675 2951 quia
696 2867 846 2933 nolebant
868 2867 969 2933 uideri
991 2887 1025 2933 se
1044 2867 1105 2934 boo
1126 2864 1256 2945 ieciss03
1289 2869 1323 2931 et

192 2969 356 3049 propterea
388 2987 459 3033 eum
485 2969 591 3036 Pilato
624 2971 831 3055 tradiderant,
865 2972 946 3054 quod
977 2989 1083 3037 eorum
1112 2968 1210 3035 uerba
1239 2969 1358 3036 satisne

292 3153 570 3222 normannum
586 3156 667 3213 mro.
680 3156 766 3221 rasa
784 3156 848 3212 auc.
859 3157 902 3226 22,
913 3157 948 3211 24
1036 3156 1146 3211 unna
1160 3156 1203 3225 15,
1214 3155 1250 3211 22

188 3238 307 3294 enare.
326 3241 367 3309 re,
386 3241 420 3296 24
524 3243 558 3298 re
574 3243 608 3299 er.
625 3243 664 3298 10.
683 3242 725 3309 19,
742 3242 777 3297 ee

240 3411 436 3483 ermengerus
454 3415 483 3470 P
568 3416 585 3470 5
603 3416 834 3470 commemorasset
850 3415 917 3483 (com
935 3413 1000 3469 add
1013 3416 1090 3481 222)
1109 3413 1138 3469 Ρ
1223 3414 1242 3469 6
1260 3431 1318 3471 eor·

188 3500 230 3553 tes
242 3498 283 3552 A=
305 3502 379 3554 sorte
390 3500 417 3555 V
435 3503 533 3556 nortem
546 3500 590 3558 Po
675 3501 692 3556 1
705 3503 794 3556 entem
806 3500 889 3556 APo:
906 3500 978 3556 enim
991 3499 1072 3568 Vtri.
1080 3517 1112 3570 p.
1124 3503 1186 3568 273,
1197 3503 1248 3569 21)

188 3585 222 3640 10
238 3585 339 3656 gestae]
352 3588 479 3656 222221)ι
500 3589 650 3659 goeteeto
735 3588 879 3658 temposA
974 3588 1005 3642 11
1018 3587 1247 3643 commemoratio

184 3687 537 3760 erat-adiunxitlooeP'
624 3692 659 3746 15
669 3681 803 3747 22122222·
815 3692 963 3759 (eodem
974 3692 1047 3761 2)1’
1135 3694 1318 3762 irrumpa

184 3775 442 3841 ecorr.m.2)V
539 3776 1068 3846 dominns(nsecooorr.os.2)t⁷
1168 3779 1318 3849 ltposstt

183 3877 202 3916 2
288 3875 376 3916 mor·
391 3861 420 3917 P
444 3876 593 3919 erroremo
678 3865 712 3921 18
728 3865 831 3921 iudaeis
843 3866 905 3935 (om.
916 3868 943 3933 2)
962 3866 990 3920 A
1074 3865 1200 3922 iohannis
1216 3865 1245 3920 A

184 3947 218 4002 19
229 3947 366 4003 2212221222
378 3949 465 4003 221212
476 3950 550 4007 APo
626 3950 659 4006 21
672 3951 898 4022 intellegetur?¹
972 3952 1045 4023 ergo]
1060 3968 1140 4009 2222
1213 3953 1315 4009 aad»

184 4034 320 4089 manarint
336 4033 375 4089 ΡΙ
460 4034 495 4091 23
513 4034 676 4092 uomuissimi
694 4038 733 4093 Ρί
819 4037 1048 4094 demonstraretur
1063 4055 1082 4094 2
1167 4038 1203 4095 24
1219 4038 1315 4095 nidere

182 4118 250 4173 ΔΡ*
351 4120 389 4190 se]
413 4121 438 4175 ei
460 4122 489 4175 A
591 4123 827 4194 2122212222
928 4124 1138 4179 tradiderunto
1238 4126 1314 4195 quod

181 4203 267 4259 APor
295 4205 402 4275 qnando
422 4206 450 4261 V
