2760 4814
211 556 294 623 1004
693 553 856 623 Eugippii

206 744 320 821 estis,
351 742 516 817 fratres3
548 743 706 808 tantum
735 763 779 810 ne
809 743 1040 809 libertatem
1068 744 1109 809 in
1139 746 1350 811 occasione

208 844 479 923 carnisumis,
513 845 577 910 sed
597 865 663 929 per
684 847 895 911 caritatem
916 847 1070 913 seruite
1094 847 1134 911 in
1158 846 1348 913 inuicem

209 950 290 1033 quod
312 948 380 1014 fieri
403 967 464 1014 non
488 950 590 1031 potest
614 949 675 1013 nisi
697 949 826 1015 alterius
849 949 1065 1015 infirmitatem
1082 949 1222 1033 quisque
1237 949 1347 1016 habeut

206 1055 296 1138 quasi
318 1071 417 1131 suam,
441 1056 477 1117 ut
498 1071 568 1117 eam
590 1052 816 1135 aequanimiter
838 1053 928 1137 ferat,
958 1052 1056 1120 donec
1078 1056 1120 1119 ab
1138 1072 1178 1118 ea
1201 1053 1348 1119 liberetur

207 1159 261 1223 ille
284 1158 370 1223 cuins
393 1159 485 1221 curat
506 1157 650 1221 salutem.
1361 1178 1371 1217 s

251 1278 331 1343 Raro
360 1294 433 1359 argo
461 1276 493 1340 et
521 1294 639 1358 magna
667 1277 853 1342 necessitate
883 1275 1115 1362 obiurgationes
1145 1276 1346 1343 adhibendae

207 1384 291 1458 sunt,
325 1382 370 1446 ita
404 1381 520 1462 tamen,
554 1380 592 1444 ut
619 1380 714 1445 etiam
743 1380 775 1443 in
805 1378 852 1444 his
882 1378 957 1462 ipsis
985 1396 1045 1443 non
1067 1381 1170 1460 nobis,
1213 1382 1267 1446 sed
1292 1380 1346 1445 dao

206 1485 243 1548 ut
264 1483 421 1549 serutatur
442 1483 606 1548 instemus.
634 1484 701 1564 lpse
723 1481 772 1546 est
794 1481 901 1564 etiam,
931 1483 969 1546 ut
991 1481 1073 1547 nihil
1096 1482 1220 1566 duplici
1257 1482 1345 1549 conde

205 1585 368 1666 faciamus,
400 1586 575 1652 auferentes
603 1587 725 1651 trabem
749 1585 786 1648 de
815 1585 904 1650 oculo
929 1586 1035 1650 nostro
1068 1584 1269 1652 inuidenIIae
1298 1586 1345 1651 uel

206 1688 348 1754 malitiae
381 1689 432 1753 uel
463 1688 689 1767 simulationis,
727 1691 759 1752 et
788 1688 952 1754 uideamus
983 1691 1080 1754 eicere
1111 1687 1271 1755 festucam
1308 1689 1371 1754 dec

207 1792 296 1857 oculo
318 1792 426 1856 fratris
453 1792 563 1858 nostri.

681 2045 863 2131 oocxffl.

204 2238 378 2298 qvnuuuss
400 2237 696 2285 INTELLEGENDVII
718 2237 785 2285 SIT:
814 2239 857 2286 IN
879 2236 974 2285 IPSO
996 2238 1191 2287 ΗΑΒΙΤΔΤ
1216 2240 1340 2288 olims

203 2340 449 2389 PLENITVDO
478 2338 760 2387 DIVINITATIS
789 2340 1127 2388 CORPOBALITER·
1164 2342 1217 2390 EX
1240 2344 1340 2391 muno

436 2443 482 2489 DE
505 2442 719 2489 Pannonium
745 2444 805 2490 DEI
827 2443 874 2489 AD
897 2444 1101 2491 DARDANVII.
1347 2452 1368 2494 II

130 2601 194 2669 338
247 2598 383 2664 Habitat
413 2598 446 2661 in
475 2597 610 2681 singulis
641 2597 717 2662 deus
740 2597 902 2679 tamquam
931 2597 965 2662 in
988 2597 1115 2680 templis
1150 2600 1220 2666 suis
1254 2600 1338 2666 etin

205 2700 350 2767 omnibus
373 2699 469 2765 simul
493 2701 523 2764 in
546 2719 646 2765 unum
668 2700 868 2783 congregatis
891 2704 1054 2782 tamquam
1077 2703 1111 2766 in
1133 2704 1256 2789 templo
1275 2720 1339 2768 suo.

205 2805 286 2887 quod
309 2803 465 2887 templum
496 2802 646 2884 quamdiu
676 2804 760 2868 sicut
787 2821 860 2868 arca
882 2802 948 2869 Noe
975 2804 1008 2868 in
1030 2803 1089 2869 hoc
1111 2807 1243 2871 saeculo
1263 2806 1336 2887 fluc-

203 2908 284 2984 tuat,
308 2907 346 2972 fit
368 2905 449 2989 quod
472 2907 505 2971 in
528 2908 649 2990 psalmo
672 2908 824 2989 scriptum
848 2910 913 2974 est:
937 2908 1118 2974 dominus
1141 2890 1336 2975 diluuium

203 3010 427 3092 inhabitat,
466 3010 611 3091 quamuis
642 3011 769 3093 propter
802 3009 919 3075 multos
949 3009 982 3074 in
1011 3011 1157 3077 omnibus
1190 3011 1364 3097 gentitus»

202 3115 333 3197 populos
356 3112 506 3193 fidelium,
530 3130 606 3195 quoa
629 3131 781 3195 aquarum
804 3114 929 3178 nomine
953 3113 986 3178 in
1001 3115 1195 3199 Apocalypsi
1219 3114 1333 3200 signifi·

201 3219 262 3295 cat,
286 3218 386 3300 possit
409 3221 616 3301 congruenter
644 3216 807 3299 intellegi:
839 3216 1022 3282 dominus
1053 3216 1257 3285 diluuium
1283 3218 1333 3283 iu·

201 3319 372 3385 habitat.
407 3320 549 3403 sequitur
571 3323 692 3385 autem:
727 3324 764 3384 et
798 3319 957 3386 sedebit
990 3320 1173 3387 domiuus
1202 3322 1332 3389 neuin

201 3426 427 3501 aeternum,
458 3422 568 3506 utique
599 3423 633 3486 in
662 3423 729 3506 ipso
752 3423 870 3506 templo
896 3441 951 3489 suo
974 3423 1092 3488 iamin
1118 3425 1184 3491 uita
1213 3430 1331 3492 aeterne

201 3531 272 3609 post
294 3525 532 3592 fluctuationem
561 3524 655 3590 huius
680 3528 798 3592 saeculi
827 3528 1008 3594 constituto.
1043 3526 1120 3592 deus
1144 3526 1255 3611 igitur,
1282 3524 1356 3610 quia

202 3628 318 3712 ubique
352 3647 509 3712 praesens,
541 3631 590 3695 est
626 3631 659 3694 et
696 3629 810 3714 ubique
841 3632 928 3698 totus
958 3649 1105 3713 praesens
1136 3648 1194 3696 uec
1222 3631 1328 3713 uqune

201 3732 357 3815 habitans,
387 3733 500 3798 sedin
529 3732 647 3816 templo
676 3751 743 3819 suo,
773 3733 824 3799 cui
852 3753 907 3818 par
938 3735 1075 3816 gratiam
1097 3732 1254 3818 benignus
1275 3735 1325 3813 est,

304 3947 336 4000 13
355 3946 412 4002 oon.
431 3947 455 4013 a,
475 3948 491 4000 e
579 3946 611 4000 19
624 3946 719 4015 (etan)
737 3946 781 4000 ns.
800 3946 842 4013 aa,
862 3947 895 4001 no
980 3946 1013 4000 21
1033 3946 1066 4001 cf.
1079 3948 1162 4017 spec.
1182 3949 1224 4015 un,
1243 3950 1274 4003 15

251 4141 267 4193 1
285 4139 420 4194 occasione
443 4140 478 4196 V:
509 4143 673 4199 occasionem
691 4143 720 4197 P
826 4142 890 4197 lin
908 4142 1024 4198 inuicem
1043 4142 1129 4211 V(cf.
1147 4144 1258 4202 Riaect
1273 4145 1322 4199 tc

195 4240 226 4292 p.
237 4225 317 4294 233):
344 4225 460 4280 inuicem
480 4228 536 4284 GP
625 4228 716 4298 Sipse
735 4232 797 4297 (om.
815 4231 867 4297 est)
887 4229 925 4285 G¹
1017 4230 1100 4285 etiam
1118 4230 1155 4285 V:
1182 4232 1253 4285 euim
1269 4229 1322 4284 fini:

199 4308 269 4376 GP;
297 4325 320 4364 e.
337 4310 379 4365 lau
395 4311 462 4376 fort.
561 4314 593 4369 10
610 4318 638 4369 at
658 4314 696 4370 V:
723 4319 755 4370 ut
775 4315 830 4371 GP
924 4317 954 4370 ll
973 4316 1060 4371 nostri
1078 4316 1114 4369 V:
1141 4332 1193 4372 cen.
1211 4316 1266 4372 oP

200 4394 233 4450 12
244 4411 303 4466 cap.
316 4395 502 4453 CCCXXVIII
515 4398 543 4452 P
559 4399 700 4456 CCCXXV
713 4401 740 4457 G
757 4399 929 4456 CCCXXXc
1004 4402 1037 4455 16
1047 4401 1160 4456 habitat
1172 4402 1208 4458 V:
1225 4400 1321 4456 habitet

197 4482 290 4551 itaque
305 4482 360 4538 GP
439 4485 475 4539 20
486 4486 610 4554 quamuis
627 4486 662 4540 V:
681 4488 804 4555 quamuis
815 4491 844 4543 et
858 4487 912 4543 GP
992 4488 1026 4543 25
1037 4489 1087 4557 qni
1099 4488 1167 4545 PV:
1184 4505 1233 4544 osc
1244 4504 1263 4542 o
