2760 4814
132 310 195 377 322
614 304 781 377 uugrppn

133 518 226 583 quem
248 499 439 582 promiserat,
470 498 566 564 misit.
608 496 689 580 quod
712 497 855 563 futurum
878 497 972 562 etiam
995 514 1050 579 per
1073 496 1265 562 Iudaeorum

131 602 247 687 pascha
280 602 491 686 significatum
525 606 582 678 est,
616 618 688 667 cnm
721 600 978 684 quinquagesimo
1008 599 1057 664 die
1087 604 1158 681 poet
1181 600 1265 665 cele-

131 705 308 772 brationem
330 706 398 772 ouis
421 705 542 771 occisae
566 704 668 770 Moses
690 703 789 787 digito
812 703 861 768 dei
877 704 1028 784 scriptam
1051 703 1151 786 legem
1171 721 1266 768 acce·

130 811 239 895 pitin
268 815 382 876 monte.
419 809 515 892 legite
549 809 746 892 euangelium
780 811 812 873 et
847 808 1003 872 aduertite
1037 807 1082 871 ibi
1115 804 1264 889 spiritum

132 916 276 981 sanctum
306 913 497 997 appellatum
528 911 665 996 digitum
695 911 753 977 dei.
792 928 828 975 ea
857 911 971 993 quippe
993 910 1205 976 anniuersario
1230 915 1303 976 ins

132 1017 264 1083 ecclesia
291 1016 496 1093 celebrantur,
527 1033 605 1097 quae
634 1014 800 1098 insigniter
823 1012 1009 1080 excellentia
1033 1014 1126 1078 certis
1149 1011 1264 1078 diebus

131 1120 218 1186 lacta
251 1125 334 1198 sunt,
372 1123 409 1184 ut
441 1136 548 1185 eorum
581 1117 788 1184 necessariam
822 1117 1042 1199 salubremque
1076 1117 1262 1182 memoriam

130 1222 288 1290 festiuitas
318 1221 533 1289 concelebrata
563 1221 729 1287 custodiat
767 1221 793 1286 ei
818 1220 917 1286 uultis
947 1238 1021 1306 ergo
1051 1237 1141 1286 nosse
1164 1238 1262 1303 quare

132 1327 325 1393 celebremus
347 1325 478 1408 pascha:
507 1324 582 1406 qnia
604 1327 679 1388 tnnc
700 1342 757 1405 pro
781 1322 869 1389 nobis
892 1323 1075 1389 immolatus
1097 1326 1146 1388 est
1168 1322 1262 1388 Chri·

131 1435 207 1496 stus.
245 1428 392 1494 sinultis
416 1445 506 1493 nosse
527 1445 622 1510 quare
645 1445 706 1492 non
728 1427 809 1494 illud
831 1428 897 1494 ritu
912 1427 1034 1493 indaioo
1050 1427 1303 1493 celebramuszco

131 1532 204 1616 quia
226 1532 283 1597 illa
305 1535 371 1597 erat
394 1531 520 1596 uenturi
534 1531 601 1596 ueri
619 1529 848 1614 praefiguratio,
871 1530 948 1596 haec
963 1531 1109 1613 completi
1125 1548 1263 1595 comme

131 1634 271 1701 moratio.
315 1634 458 1700 futurum
496 1635 602 1700 autem
639 1636 672 1700 et
709 1633 912 1717 praeteritum
950 1652 1007 1698 nec
1045 1634 1120 1716 ipsis
1155 1632 1263 1699 uerbis

130 1739 245 1803 nostris
268 1737 375 1803 eodem
398 1739 488 1802 modo
512 1736 712 1816 enuntiatum
742 1738 824 1804 unde
847 1737 911 1801 iam
934 1737 1012 1802 satie
1035 1737 1067 1802 in
1090 1736 1149 1803 boc
1171 1753 1264 1820 opere

131 1841 227 1906 locuti
249 1859 368 1907 sumus.

174 1977 207 2045 Si
231 1981 337 2045 autem
361 1984 392 2044 et
414 1980 473 2045 hoc
496 1978 654 2063 quaeritis,
686 1996 740 2044 cur
763 1999 800 2044 ex
823 1977 968 2044 omnibus
992 1979 1078 2058 cibis,
1107 1978 1303 2063 aquibusia

132 2082 166 2147 in
188 2082 300 2149 umbra
323 2082 499 2149 futurorum
522 2081 654 2164 populus
671 2083 720 2146 est
742 2081 796 2146 ille
815 2081 1001 2163 prohibitus,
1025 2101 1080 2147 nos
1095 2082 1262 2148 morticino

130 2190 162 2250 et
185 2184 390 2252 immolaticio
412 2203 474 2250 non
497 2185 663 2263 nascimur,
687 2186 719 2249 et
741 2185 797 2250 hoc
811 2184 918 2250 audite
934 2187 966 2250 et
989 2185 1153 2251 calumniis
1175 2186 1264 2252 uani-

130 2288 207 2354 tatis
242 2308 351 2355 uerum
385 2288 553 2371 aliquando
587 2287 773 2371 praeponite
814 2306 869 2353 cur
902 2288 986 2354 enim
1022 2307 1083 2354 non
1117 2289 1265 2371 expediat

130 2390 334 2457 immolaticio
357 2392 443 2457 uesci
472 2391 643 2458 christiano
674 2392 832 2476 apostolus
862 2391 954 2460 dicit:
992 2394 1081 2460 nolo
1103 2411 1189 2469 nos,
1214 2393 1262 2458 in-

130 2493 214 2576 quit,
252 2495 381 2560 socios
416 2494 510 2561 lieri
548 2495 855 2563 daemoniorum.
901 2515 1000 2579 neque
1038 2496 1121 2560 enim
1159 2496 1302 2580 ipsamro

129 2596 377 2661 immolationem
394 2598 602 2682 reprehendit,
618 2618 712 2681 quam
725 2600 882 2666 iaciebant
896 2602 1001 2683 patres
1017 2600 1264 2684 praefigurantes

130 2699 312 2781 sanguinem
347 2700 503 2779 sacrificii,
538 2720 598 2784 quo
633 2720 685 2767 nos
715 2700 857 2769 cbristus
891 2702 1034 2780 redemit,
1073 2702 1138 2767 sed
1168 2721 1264 2786 quae

130 2801 338 2867 immolant
366 2807 524 2885 gentes,
556 2804 796 2880 daemoniis,
820 2805 933 2888 inquit,
966 2805 1193 2880 immolant,
1226 2808 1264 2870 et

130 2925 203 2973 non
225 2906 301 2973 deo.
340 2906 448 2975 deinde
471 2908 586 2975 adiecit
608 2911 689 2993 quod
712 2909 789 2977 dixi:
812 2912 904 2976 nolo
927 2928 994 2976 uos
1017 2910 1146 2976 socios
1168 2908 1263 2974 fieri

129 3009 430 3077 daemoniorum.
461 3029 533 3077 nam
550 3011 578 3077 si
594 3013 705 3078 natura
726 3014 796 3097 ipsa
817 3013 1040 3080 immolaticias
1054 3013 1156 3079 carnis
1179 3016 1302 3079 essetis

129 3114 302 3193 immunde,
326 3115 434 3197 utique
457 3119 489 3180 et
511 3117 696 3182 nescientem
721 3117 959 3182 contaminaret.
996 3115 1203 3197 nequeenim
1227 3136 1263 3180 eo

130 3217 234 3282 minus
256 3217 323 3301 ipsa
345 3220 436 3296 esset,
460 3236 519 3301 quo
534 3220 638 3285 minus
653 3221 692 3285 ab
707 3220 824 3285 sciente
840 3221 1040 3303 acciperetur,
1065 3218 1118 3283 sod
1133 3225 1264 3303 propter

230 3440 248 3493 3
260 3439 293 3494 cl.
306 3439 352 3495 Ex.
366 3441 408 3504 19,
420 3441 435 3494 1
447 3442 475 3496 et
486 3441 528 3508 31,
542 3440 575 3496 18
643 3442 660 3495 5
672 3439 706 3495 cf.
719 3440 783 3496 Luc.
797 3441 837 3508 11,
850 3439 884 3496 20
959 3440 1018 3495 191
1032 3440 1091 3496 Cor.
1106 3440 1146 3505 10,
1159 3440 1194 3496 20

181 3645 199 3699 2
225 3645 478 3715 quinquagesimum
505 3645 575 3701 diem
602 3647 689 3701 P¹Vo
803 3647 991 3702 celebrationes
1018 3664 1035 3703 o
1069 3647 1265 3701 celebrationi.

130 3729 167 3783 ΡΙ
271 3731 410 3800 3moyaea
429 3732 472 3786 Po
574 3733 784 3787 4montemT
885 3734 955 3803 legit
973 3734 1000 3788 P
1102 3734 1264 3787 banniuer-

128 3815 214 3870 aeriae
231 3814 287 3870 PV
310 3816 527 3873 anniuersariao
618 3819 838 3874 Siestiuitatiso
931 3820 964 3873 10
975 3819 1136 3874 celebremus
1153 3819 1194 3875 To

129 3904 162 3956 11
186 3902 315 3970 completi
336 3902 365 3956 P
394 3904 508 3973 competi
535 3905 562 3958 P
672 3905 705 3959 13
727 3904 818 3959 eodem
841 3921 872 3959 o:
899 3921 929 3959 eo
953 3905 1018 3959 labri
1131 3905 1163 3958 15
1187 3905 1266 3974 cybis

130 3987 158 4041 P
234 3987 472 4043 16110ήί2111)ι
550 3991 581 4045 ll
594 3991 768 4045 immolatitio
784 3993 816 4058 (ti
828 3991 1058 4058 odd.m.2eapr.
1072 3990 1196 4054 ocra)P

128 4074 191 4143 oon]
204 4088 253 4128 con
268 4074 304 4129 1¹¹
383 4076 512 4130 nescimus
525 4077 553 4133 V
629 4078 662 4133 18
674 4093 735 4131 uero
748 4076 787 4131 Ρ1
868 4077 900 4131 19
912 4076 1098 4146 immolaticio]
1112 4078 1268 4132 immolatio

129 4161 168 4214 P¹
195 4160 363 4218 immolatae
457 4161 590 4218 20eocius
603 4162 641 4217 Ρι
735 4163 768 4218 21
788 4164 877 4233 qnam]
892 4179 998 4233 quomo
1091 4163 1269 4220 23inrmolot

129 4247 243 4315 (genta)
257 4245 286 4300 P
380 4247 522 4305 ildixito
616 4249 650 4303 26
661 4249 837 4305 nescienteeo
927 4249 960 4304 21
973 4250 1035 4319 quo]
1049 4248 1119 4318 quod
1139 4249 1164 4301 V
