2760 4814
295 427 463 499 Exaerpta
481 445 517 483 ex
534 445 603 500 opp.
622 431 648 484 S.
667 433 857 502 Augustini
882 432 922 485 10.
942 433 982 487 11.
1165 436 1208 501 95

64 618 203 695 munao,
227 635 307 701 qnae
329 619 511 702 conceptam
535 638 589 703 per
611 623 716 688 oculos
733 622 868 705 eorporis
890 621 1088 706 phantasiam
1104 623 1206 690 uarie

65 721 147 788 tatis
180 722 355 788 seminibus
384 740 479 788 earne
508 726 666 808 conceptis
700 730 853 808 quantum
888 730 1000 793 natura
1032 745 1124 810 passa
1159 728 1207 793 est

64 829 281 909 asperserunt,
310 826 413 892 multo
442 826 547 892 minus
575 829 638 894 dici
668 847 759 912 posse
785 848 933 895 ranarum
955 832 1206 912 serpentiumque

66 930 225 1097 {reatorets
258 930 385 1014 angelos
419 933 529 1010 malos,
565 950 620 1017 per
647 951 723 1016 quos
747 933 832 1017 magi
854 933 1027 1000 Pharaonis
1050 937 1126 998 tunc
1150 934 1206 1000 illa

43 1054 59 1094 s
79 1051 194 1099 eceran
213 1083 220 1096 .

66 1328 115 1375 DE
145 1326 265 1376 CAVSIS
294 1328 538 1376 ORIGINALIBVS
568 1329 821 1377 CREA'I'VRARVM
848 1329 1088 1390 bertramum,
1119 1331 1206 1391 Qvas

67 1430 196 1479 nuno
212 1431 371 1479 cremon
387 1430 554 1481 mssavrr.
575 1433 621 1479 EX
638 1433 741 1481 LIBRO
754 1435 793 1482 111
808 1434 855 1481 DE
870 1433 1054 1482 Tmm'rsua
1074 1436 1103 1480 T.
1123 1436 1205 1482 vnn.

112 1567 175 1636 Sed
205 1589 243 1634 ne
272 1570 310 1635 de
339 1570 531 1637 animalibus
563 1567 653 1653 quasi
687 1571 812 1637 diuersa
845 1571 925 1636 ratio
956 1576 1090 1650 moueat,
1125 1574 1206 1654 quod
1219 1577 1255 1641 11

69 1673 190 1740 babent
217 1674 367 1756 spiritum
396 1674 480 1739 uitae
509 1693 582 1741 cum
611 1693 704 1740 sensu
733 1674 899 1758 appetendi
928 1693 1006 1757 quae
1034 1676 1205 1741 seeundum

36 1781 220 1847 resumam
243 1780 319 1843 sunt
340 1777 522 1860 uitandique
551 1779 714 1854 contraria,
733 1778 828 1844 etiam
846 1780 903 1844 boc
919 1783 967 1844 est
983 1779 1089 1844 nidere
1112 1797 1205 1861 quam

69 1882 167 1947 multi
201 1881 341 1947 bomines
374 1883 519 1948 mouerint
541 1901 577 1948 er
600 1882 713 1965 quibus
745 1883 849 1950 barbis
881 1885 937 1948 aut
971 1882 1117 1948 carnibus
1151 1885 1206 1948 aut

71 2001 268 2068 quarumque
300 2003 407 2050 rerum
440 1985 635 2068 quibuslibet
667 1987 750 2052 sucis
780 1988 836 2051 aut
863 1984 1048 2051 humoribus
1077 1987 1130 2051 uel
1159 1986 1207 2051 ita

70 2089 184 2172 positis
208 2089 260 2154 nel
281 2088 329 2155 ita
350 2088 472 2155 obrutis
495 2090 546 2154 uel
568 2092 614 2155 ita
627 2090 773 2156 contritis
798 2090 849 2154 uel
871 2089 919 2155 ita
937 2089 1112 2155 commistis
1128 2106 1206 2170 quae

68 2191 223 2258 animalia
250 2193 337 2258 nasei
363 2192 501 2277 soleant3
533 2211 665 2277 quorum
694 2213 726 2259 se
754 2193 824 2276 quis
853 2198 920 2259 mm
943 2193 1070 2259 demens
1093 2193 1206 2259 audeat

38 2296 176 2362 adicere
198 2297 393 2362 creatorem?
426 2297 501 2379 quid
531 2315 604 2382 ergo
632 2299 748 2363 mirum
770 2297 797 2364 si
820 2297 1082 2380 quemadmodum
1104 2298 1207 2379 potest

70 2417 164 2465 nossa
197 2399 330 2482 quilibet
362 2400 573 2483 nequissimus
607 2401 698 2467 bomo
731 2401 813 2467 unda
848 2400 897 2466 illi
926 2399 978 2465 uel
1006 2399 1055 2465 illi
1084 2417 1206 2464 uermes

71 2521 263 2588 memeque
285 2505 462 2585 nascantur,
485 2504 532 2569 ita
552 2505 628 2571 mali
648 2503 752 2584 angeli
767 2522 823 2586 pro
839 2502 1016 2570 subtilitate
1032 2501 1083 2568 sui
1098 2520 1206 2568 seusus

70 2606 105 2672 in
130 2605 358 2673 occultioribus
393 2607 617 2674 elementorum
651 2607 822 2674 seminibus
856 2609 970 2672 norunt
1003 2605 1085 2672 unde
1114 2624 1206 2672 ranae

71 2711 298 2796 serpentesque
336 2713 501 2776 nascantur
534 2711 566 2776 ei
605 2711 681 2777 baec
713 2730 769 2794 per
803 2713 902 2776 certae
937 2712 969 2774 et
1003 2714 1091 2776 notas
1125 2711 1206 2775 tem-

38 2813 274 2899 »perationum
296 2816 547 2897 opportunitates
575 2814 707 2880 occultis
730 2812 869 2878 motibus
891 2812 1065 2879 adhibendo
1086 2813 1208 2880 faciunt

70 2919 183 2995 esuri,
208 2936 271 2983 non
292 2920 421 2984 creant?
443 2919 499 2983 sad
521 2918 578 2983 illa
599 2918 739 2984 homines
763 2935 840 2999 quae
856 2919 958 2983 solent
972 2917 1011 2984 ab
1029 2917 1208 2985 hominibus

70 3023 142 3088 tisri
165 3039 227 3087 nou
241 3023 404 3088 mirantur.
433 3022 557 3106 quodsi
573 3023 737 3105 quisquam
753 3021 930 3087 celeritates
945 3022 1208 3088 incrementorum

73 3127 156 3193 forte
176 3128 318 3209 miratur,
341 3127 422 3210 quod
441 3126 498 3191 illa
512 3126 684 3193 animantia
699 3127 767 3191 tam
783 3126 845 3192 cito
861 3126 943 3192 sacta
957 3131 1043 3204 sunt,
1064 3127 1209 3191 attendat

73 3228 338 3313 quenadmodum
371 3235 403 3294 et
437 3230 500 3296 ista
531 3248 586 3315 pro
622 3232 749 3296 modulo
785 3230 944 3296 facultatis
982 3229 1135 3294 humanae
1168 3227 1208 3294 ab

41 3333 258 3400 staminibus
282 3337 494 3416 procurentur.
530 3334 613 3400 unde
636 3335 719 3399 euim
737 3333 826 3399 litut
848 3334 958 3399 eadem
973 3350 1101 3414 corpora
1116 3329 1209 3396 citius

75 3440 276 3503 nermeseant
302 3442 422 3504 aestate
451 3457 543 3521 quam
573 3437 686 3515 bieme,
716 3437 810 3503 citius
834 3438 868 3502 in
892 3436 1092 3502 calidioribus
1116 3452 1208 3517 quam

128 3700 142 3753 1
167 3701 296 3766 conceptu
319 3695 349 3750 P
449 3695 543 3751 oculus
560 3695 602 3750 D¹
706 3695 845 3749 2carnem
867 3695 905 3750 θ’
1009 3695 1211 3763 eaerpentum·

75 3799 127 3853 qu
151 3781 180 3837 P
282 3780 574 3837 inseminatam.
593 3779 706 3835 2a'nP
807 3780 875 3836 VIII
901 3780 983 3845 GTo3
1010 3794 1061 3833 om.
1085 3778 1144 3833 DP

75 3875 219 3957 Habent
241 3902 270 3988 Ρ
290 3906 319 3971 (a
337 3903 403 3958 add.
420 3920 454 3959 aa.
474 3905 504 3969 2)
610 3904 639 3958 ll
665 3901 783 3955 hominis
805 3901 847 3956 D¹
950 3904 1084 3954 nouerant
1107 3899 1143 3952 Ρ1

78 4025 111 4079 ia
130 3997 297 4096 quarumque
315 4025 344 4080 P
360 4026 404 4094 (etl
422 4024 487 4080 add.
499 4042 535 4079 m.
547 4026 577 4093 2)
673 4023 790 4096 quilibet
807 4022 935 4077 DG¹P¹v
1030 4020 1060 4074 15
1079 4022 1212 4073 austeram

81 4110 105 4164 T
189 4110 459 4181 quemammoduml'
545 4113 576 4167 16
593 4114 692 4171 uermis
710 4109 793 4166 D'P'
881 4108 913 4162 17
933 4121 1088 4174 nruscequaa
1106 4104 1145 4159 Ρι

79 4199 227 4252 mutar
243 4197 273 4252 P
360 4198 392 4252 18
409 4196 569 4257 ocultoribns
589 4205 627 4266 0¹
720 4198 753 4255 19
772 4198 908 4266 perceptas
926 4194 1001 4250 DGv
1086 4191 1121 4245 20
1138 4206 1213 4258 opor·

81 4285 212 4339 tanim
228 4283 294 4339 labri
378 4284 411 4337 21
430 4283 476 4352 qul
495 4282 531 4337 P·
613 4299 648 4360 22
666 4282 822 4352 celeritatis
841 4279 924 4340 G¹Pa
950 4278 1086 4334 ostentate
1104 4277 1145 4332 D¹

81 4368 116 4425 23
131 4369 229 4425 forum
246 4369 290 4425 Β*
395 4368 429 4423 24
446 4369 468 4421 si
481 4381 541 4435 pest
555 4403 581 4456 et
598 4389 665 4462 add·
687 4369 808 4442 00¹Pe
915 4371 949 4427 25
972 4365 1005 4420 ad
1023 4363 1113 4419 eadem
1131 4380 1147 4417 a
