2760 4814
165 376 329 447 Excerpta
347 392 384 432 ex
401 391 470 447 opp.
489 376 514 432 S.
534 378 721 446 Augustini
740 376 921 433 cccxuml.
941 377 1085 433 cccxlv.
1106 380 1185 446 1091

60 569 99 633 in
122 566 301 646 ieiuniis,
332 568 371 633 iu
394 568 602 646 castitate,
626 566 873 647 inscientia,
897 569 935 633 in
957 566 1186 652 longanimi·

58 674 161 750 tate,
195 671 236 736 in
272 670 468 748 bonitate,
502 671 542 735 in
575 671 723 752 spiritu
756 675 912 753 saneto,
946 671 984 736 in
1017 672 1188 737 caritate

59 794 136 841 uon
173 775 288 853 iiota,
320 774 358 838 in
380 773 502 839 uerbo
532 773 738 852 ueritatis,
769 775 806 839 in
836 773 990 839 uirtute
1019 775 1097 850 dei,
1123 793 1189 858 per
1239 833 1241 837 Α

59 896 166 945 arma
193 878 383 943 iustitiae
412 895 431 942 a
460 876 611 942 dextris
641 881 682 942 et
711 876 907 959 sinistris,
933 896 1000 960 per
1021 879 1189 961 gloriam

35 987 100 1049 set
128 980 448 1065 ignobilitatem,
479 999 547 1062 per
576 980 777 1046 infamiam
802 985 840 1046 et
869 980 1003 1046 bonam
1033 982 1189 1064 famam3

59 1090 104 1151 ut
148 1084 377 1149 seductores
414 1084 452 1147 et
487 1101 664 1162 ueraoeS,
709 1085 752 1148 ut
788 1084 852 1166 qui
888 1085 1113 1167 ignoramur
1150 1087 1190 1149 at

60 1190 352 1274 cognoscimur,
384 1185 497 1269 quasi
519 1189 735 1252 morientes
765 1186 803 1251 et
825 1205 910 1251 eooe
933 1187 1123 1266 uiuimus,
1147 1191 1189 1252 ut

61 1289 260 1357 ooheroiti
290 1293 328 1354 et
363 1308 438 1354 non
475 1290 732 1369 mortificati,
767 1296 809 1353 ut
841 1291 1001 1369 tristes,
1039 1311 1190 1374 semper

60 1397 191 1462 autem
219 1393 456 1478 gaudentes,
494 1394 603 1459 siout
633 1394 761 1478 egani,
796 1394 945 1460 multos
974 1396 1103 1459 eutem
1135 1395 1189 1459 di·
1237 1454 1239 1459 .

24 1501 210 1578 rotantes,
247 1500 446 1579 tamquam
479 1496 586 1562 nihil
619 1496 810 1562 habentes
844 1500 882 1561 et
912 1499 1041 1563 omnia
1069 1499 1189 1580 possi·

61 1603 203 1669 dentes
226 1638 268 1647 -
291 1600 364 1683 quid
397 1605 452 1684 est,
483 1601 565 1684 quod
594 1601 790 1666 aooendimur
827 1602 860 1666 in
896 1602 1063 1669 dileetione
1099 1602 1190 1666 Pauli

61 1705 206 1790 apostoli,
229 1723 300 1769 oum
321 1705 383 1769 ista
397 1703 542 1786 legimus,
558 1704 621 1769 nisi
642 1704 724 1789 quod
739 1704 892 1771 oredimus
907 1724 979 1770 eum
994 1707 1040 1771 ita
1053 1704 1192 1769 uixisse?

61 1809 234 1875 uiuendum
270 1809 376 1872 tamen
412 1807 459 1872 sio
492 1825 559 1873 essa
593 1808 642 1873 dei
676 1808 828 1873 ministris
863 1826 925 1873 non
958 1812 996 1875 de
1029 1808 1186 1890 aliquibus

62 1912 208 1979 auditum
236 1912 397 1993 oredimus,
429 1911 484 1976 sed
511 1911 597 1976 intus
625 1910 707 1994 apud
730 1929 795 1990 nos,
819 1912 870 1975 uel
891 1913 994 1994 potius
1018 1930 1112 1992 supra
1134 1929 1190 1974 uos

27 2020 95 2086 rein
130 2017 199 2099 ipsa
231 2015 364 2079 ueritate
395 2015 613 2096 oonspioimus.
654 2015 746 2080 illum
777 2033 850 2098 ergo
880 2033 972 2098 quem
1003 2014 1048 2080 sio
1076 2014 1191 2080 uixisse

61 2120 229 2196 oredimus,
260 2136 296 2182 ex
323 2116 382 2182 hoo
411 2117 492 2199 quod
515 2119 655 2184 uidemus
686 2118 858 2200 diligimus,
889 2124 921 2184 ot
943 2117 1003 2182 nisi
1027 2117 1105 2182 hanc
1128 2117 1190 2181 for·

61 2240 158 2305 mam,
182 2240 276 2304 quam
298 2239 420 2304 semper
441 2221 588 2287 stabilem
609 2225 702 2305 atque
720 2220 1010 2287 incommutabilem
1026 2221 1189 2297 cernimus,

61 2325 227 2411 praeeipua
255 2324 467 2406 diligeremus,
495 2343 556 2389 non
578 2325 645 2390 ideo
668 2325 869 2409 diligeremus
891 2325 999 2407 illum,
1024 2322 1098 2405 quia
1121 2323 1188 2387 eius

61 2431 174 2507 uitam,
212 2446 284 2493 oum
317 2427 352 2491 in
386 2446 477 2492 oarne
513 2428 645 2510 uiueret,
683 2427 756 2493 boio
792 2429 910 2493 formae
943 2429 1121 2508 coaptatam
1160 2430 1190 2490 et

29 2537 285 2617 sooongruentem
316 2529 413 2596 fuisso
446 2531 600 2596 oredimus
633 2535 665 2595 et
698 2530 757 2597 fide
787 2532 971 2609 retinemus,
1007 2530 1060 2596 sed
1087 2531 1189 2595 neseio

63 2635 216 2721 quomodo
239 2635 372 2717 amplius
394 2638 425 2699 et
449 2635 481 2698 in
504 2635 599 2716 ipsius
622 2633 739 2698 formae
762 2634 927 2699 caritatem
948 2636 1119 2699 excitamur
1136 2651 1190 2716 per

62 2741 166 2817 fidem,
195 2758 256 2822 qua
283 2739 439 2804 oredimus
466 2737 582 2803 uixisse
611 2738 655 2802 sio
681 2737 828 2820 aliquem,
857 2739 889 2803 et
919 2757 1016 2819 spem,
1047 2756 1108 2818 qua
1135 2754 1190 2801 nos

63 2862 184 2927 quoque
206 2843 253 2906 ita
275 2861 364 2925 posse
380 2842 496 2920 uiuere,
520 2841 573 2924 qui
588 2840 730 2906 homines
745 2860 863 2915 sumus,
885 2860 921 2906 ex
936 2861 972 2906 eo
992 2840 1075 2922 quod
1091 2839 1189 2921 aliqui

62 2946 205 3010 homines
222 2946 267 3010 ita
281 2945 425 3010 dixerunt
440 2945 569 3009 minime
584 2946 792 3028 desperamus,
808 2948 844 3010 ui
862 2945 918 3009 boo
932 2949 963 3008 et
982 2943 1188 3009 desideremus

29 3080 53 3119 a
63 3049 226 3114 ardentius
249 3053 280 3112 et
303 3048 451 3113 fidentius
466 3065 634 3130 precemur.
671 3048 717 3113 ita
733 3049 765 3113 et
778 3049 880 3130 ipsam
895 3050 994 3112 uitam
1010 3047 1085 3112 faoit
1102 3046 1190 3112 nobis

64 3151 157 3236 diligi
179 3151 295 3216 formae
318 3151 404 3216 illiue
428 3151 566 3228 dileetio,
590 3149 760 3216 secundum
777 3170 871 3234 quam
886 3150 999 3216 uixisse
1013 3150 1190 3222 ereduntur,

63 3257 97 3319 et
119 3254 245 3319 illorum
260 3254 328 3319 uita
349 3254 469 3319 eredita
484 3252 515 3317 in
533 3256 662 3318 eandam
677 3255 810 3320 formam
824 3253 1059 3338 flagrantiorem
1075 3253 1190 3318 excitat

63 3357 238 3435 mutatam,
261 3361 297 3421 ut
319 3359 435 3440 quanto
462 3356 645 3440 flagrantius
668 3355 828 3439 diligimus
850 3360 953 3438 deum,
971 3359 1059 3423 tanto
1075 3356 1189 3423 certius

116 3648 134 3701 2
152 3647 180 3699 in
198 3646 321 3701 bonitate
339 3645 387 3700 M:
417 3661 466 3701 ona
488 3646 511 3717 Q
605 3645 620 3698 l
639 3647 666 3700 et
684 3659 741 3699 ecoe
758 3644 845 3715 M‘Q:
875 3660 933 3699 ecoe
951 3645 997 3700 Μι
1090 3646 1107 3700 9
1125 3661 1189 3714 gau·

62 3734 158 3788 dentes
178 3731 214 3802 Q:
244 3731 343 3801 gaudes
361 3732 398 3785 M
498 3734 530 3786 11
549 3730 620 3801 quod
642 3730 677 3802 Q:
707 3747 757 3786 om.
776 3730 813 3785 M
916 3731 949 3784 12
969 3730 1009 3784 ita
1026 3730 1125 3785 uixisse
1142 3732 1191 3787 M:

63 3822 88 3874 it
107 3818 211 3873 aumsse
231 3818 254 3888 Q
340 3819 374 3872 13
391 3816 529 3873 ministros
541 3817 577 3873 M
663 3816 694 3872 17
714 3833 794 3887 quarn
807 3818 856 3872 M:
883 3833 960 3887 quem
974 3817 998 3888 Q
1084 3819 1117 3872 18
1134 3832 1188 3872 non

64 3922 124 3978 ideo
142 3920 317 3991 Quemne
335 3920 383 3977 M:
414 3921 509 3992 om.Q
611 3920 647 3975 20
670 3919 801 3976 oredimus
819 3921 869 3975 M:
898 3920 992 3991 om.Q
1094 3924 1122 3975 et
1139 3921 1192 3977 fide

64 4042 224 4110 retinemus]
255 4041 479 4096 fideretiueramns
511 4041 535 4112 Q
580 4006 774 4096 ethbaeremus
803 4042 842 4105 (in
872 4039 938 4096 add.
968 4057 1001 4094 rra
1028 4044 1059 4108 2)
1088 4042 1126 4096 M

64 4148 152 4203 uestio
181 4146 204 4218 Q
339 4144 374 4202 28
401 4162 432 4201 ex
460 4146 497 4217 Q:
526 4146 568 4200 lex
595 4147 632 4202 M
758 4145 844 4214 aliqui
870 4161 902 4198 or
931 4144 1036 4214 aliquid
1061 4145 1123 4215 MQ

62 4237 99 4291 24
117 4234 283 4302 disseramus
301 4233 338 4289 M
439 4232 620 4287 derideremur
637 4233 674 4287 M
774 4231 809 4286 25
831 4231 916 4285 itaet
938 4231 984 4285 M:
1014 4231 1078 4285 haee
1100 4231 1124 4300 Q

61 4322 98 4376 27
118 4319 327 4389 flagramtiorem
348 4317 372 4388 Q

1036 4419 1088 4475 69⁸
