2760 4814
200 544 265 611 996
686 541 851 613 sigipert

110 734 189 802 335·
244 733 294 819 [Si
317 733 417 799 enim
440 732 789 817 euangelizauero‚
813 733 928 818 inquit,
952 750 1025 798 non
1048 735 1111 798 est
1134 733 1238 799 mihi
1260 734 1336 819 glo·

199 838 274 903 ria:
302 837 419 904 idest:
452 837 479 901 si
502 836 769 920 euangeliaauoro,
795 840 832 902 ut
866 837 928 902 ista
960 835 1038 902 fiant
1060 835 1094 901 in
1117 855 1182 920 me,
1218 835 1336 902 idest:

199 942 226 1006 si
254 940 418 1025 propterea
446 942 710 1026 euangelizauero‚
746 944 783 1006 ut
815 941 939 1007 odilla
967 940 1152 1025 pemaniam
1182 943 1216 1007 et
1246 939 1334 1006 lidorn

199 1043 356 1127 euangelii
384 1046 416 1110 in
444 1045 512 1110 cibo
541 1048 572 1110 et
599 1046 676 1127 potu
706 1045 738 1110 et
770 1045 889 1111 uestitu
919 1045 1117 1110 collocauero.
1155 1044 1214 1110 sed
1244 1064 1334 1127 quare

198 1147 325 1214 nonest
342 1146 371 1212 ei
392 1147 519 1233 gloria?
540 1149 763 1214 necessitas
786 1150 904 1229 enim,
928 1148 1040 1232 inquit,
1064 1147 1163 1214 mihi
1186 1150 1361 1215 incon-a

198 1249 274 1333 hit,
296 1250 415 1316 idest:
438 1251 566 1316 ntideo
590 1251 811 1335 euangelicam,
835 1251 908 1334 quia
930 1254 1009 1317 unde
1032 1252 1141 1315 ninam
1157 1269 1222 1317 non
1238 1251 1334 1317 habeo

198 1358 253 1420 aut
282 1355 445 1437 adquiram
482 1354 688 1439 temporalem
721 1356 859 1421 imotnm
889 1356 925 1421 de
962 1354 1195 1438 praedicatione
1234 1359 1334 1419 aeter·

198 1474 321 1523 norum.
349 1459 393 1523 sic
409 1458 494 1524 enim
508 1460 573 1523 iam
589 1459 759 1524 necessitas
776 1462 836 1525 erit
852 1459 885 1524 in
904 1458 1076 1542 euangelio,
1092 1475 1156 1523 non
1174 1458 1333 1523 noluntas.

198 1579 268 1626 nae
299 1561 401 1625 enim
430 1560 529 1625 mihi
558 1563 634 1640 est,
664 1562 776 1644 inquit,
808 1563 841 1626 si
873 1580 948 1626 non
979 1561 1332 1645 euangelizauero.

198 1666 350 1746 quomodo
378 1663 473 1730 debet
501 1664 739 1748 euangelicam?
769 1663 891 1731 scilicet
913 1666 950 1729 nt
971 1663 1039 1750 (in)
1063 1665 1230 1747 euangelio
1250 1664 1283 1730 et
1303 1662 1361 1730 ina

198 1785 293 1850 regno
321 1770 416 1849 ponat
443 1767 633 1852 mercedem3
667 1768 713 1832 ita
741 1770 827 1833 enim
854 1770 958 1851 potest
987 1785 1048 1832 non
1079 1768 1209 1834 coactus
1241 1784 1332 1832 euan-

199 1870 342 1953 gelizare,
371 1871 425 1935 sed
455 1870 575 1938 uolens.
613 1873 645 1935 si
669 1871 772 1936 enim
794 1871 958 1950 uolens,
981 1870 1095 1956 inquit,
1118 1869 1192 1935 hoc
1214 1869 1330 1943 facio,

197 1973 418 2039 mercedem
451 1973 594 2051 habeo;
629 1974 662 2038 si
697 1976 828 2041 antem
863 1975 1038 2050 inuitus,
1075 1972 1332 2057 dispensatio

197 2076 290 2144 mihi
318 2076 475 2143 credita
503 2082 581 2161 est,
605 2077 722 2143 idest:
757 2080 785 2143 si
807 2084 934 2144 coactns
956 2077 1062 2161 inopia
1084 2096 1195 2142 earnm
1218 2094 1331 2149 rerum,

197 2198 275 2263 quae
302 2181 468 2265 temporali
496 2183 580 2247 uitae
610 2185 683 2247 sunt
714 2182 915 2259 necessariae,
942 2179 1088 2264 praedico
1117 2179 1359 2263 euangeliumrs

197 2282 252 2349 alii
273 2303 330 2366 per
351 2305 402 2350 mo
423 2284 544 2350 habent
566 2286 740 2351 mercedem
759 2284 925 2368 euangelii,
942 2286 995 2368 qui
1010 2283 1214 2366 euangelium
1231 2285 1330 2367 ipsum

197 2407 247 2454 ms
269 2388 469 2472 praedicente
484 2387 629 2471 diligunt.
666 2407 722 2471 ego
738 2389 843 2453 antem
859 2407 920 2453 non
934 2387 1041 2465 habeo,
1058 2387 1213 2469 quianon
1230 2386 1330 2469 ipsum

196 2492 397 2577 euangelium
420 2493 527 2575 diligo,
550 2494 604 2558 sed
627 2492 692 2557 eiua
716 2493 852 2575 pretium
875 2492 907 2556 in
931 2491 997 2556 eius
1012 2490 1244 2574 temporalibus
1261 2506 1328 2554 con·

197 2596 357 2661 stitutum.
387 2597 470 2680 quod
492 2596 579 2662 nesae
602 2601 649 2662 est
668 2596 744 2680 lieri,
762 2600 798 2662 nt
813 2614 873 2661 non
887 2599 1053 2677 tamquam
1069 2593 1156 2659 filius
1172 2592 1328 2660 ministret

197 2698 326 2782 quisque
348 2700 555 2782 euangelium,
576 2701 630 2765 sed
652 2705 816 2782 tamquam
839 2718 956 2774 seruus,
980 2698 1028 2762 cni
1052 2697 1247 2781 dispensatio
1263 2714 1357 2761 cre-a

197 2801 265 2866 dita
296 2805 354 2879 est,
384 2808 420 2868 nt
446 2806 610 2886 tamquam
631 2804 769 2868 alienum
792 2804 906 2886 eroget,
930 2801 1012 2866 nihil
1033 2800 1108 2866 inde
1131 2801 1199 2883 ipse
1224 2798 1327 2883 capiat

195 2908 319 2988 praeter
341 2905 469 2989 cibaria,
492 2924 572 2989 quae
595 2906 718 2972 nonde
740 2905 980 2990 participatione
1003 2906 1101 2989 regni,
1125 2903 1182 2969 sed
1205 2905 1324 2968 susten·

196 3009 337 3075 taculum
359 3008 493 3075 miserae
515 3010 677 3076 seruitutis
700 3010 815 3074 dantur
838 3007 1050 3092 extrinsecus]

299 3249 312 3301 1
332 3247 347 3301 I
364 3247 422 3301 Cor.
440 3246 465 3311 9,
483 3248 517 3302 16
526 3261 566 3315 sq.

247 3471 261 3525 1
286 3486 356 3540 poue
379 3470 480 3525 tocco·
503 3485 555 3525 om.
580 3469 658 3535 offl-
685 3469 778 3524 collatc'
795 3473 861 3524 sunt
880 3468 955 3522 cPo
1057 3465 1074 3520 2
1098 3466 1154 3520 ista
1177 3484 1210 3522 o:
1240 3462 1322 3519 icat

195 3556 242 3611 Po
328 3556 448 3612 thebeo
467 3572 502 3610 ec
520 3555 631 3610 habeam
650 3570 720 3610 corr.
741 3556 779 3610 P²
872 3555 954 3609 lant
975 3552 1072 3609 G¹Po=
1104 3555 1154 3607 aut
1172 3555 1205 3607 nt
1222 3552 1262 3607 θ’

195 3646 299 3747 irnctn'a
317 3665 396 3729 (corr.
414 3676 448 3714 m.
467 3661 494 3727 1)
516 3661 542 3715 G
643 3661 720 3714 9est
739 3659 775 3713 P:
807 3658 861 3712 erit
881 3657 924 3713 (ἓν
1028 3656 1061 3711 10
1079 3636 1253 3724 ”⁴qnomodo
1271 3651 1320 3719 (sed

195 3764 260 3819 odd.
279 3781 313 3820 m.
332 3768 360 3831 3)
389 3766 416 3821 G
519 3764 703 3834 euangelicam
728 3765 788 3819 Go:
818 3761 1037 3831 euangeliaanero
1063 3758 1092 3815 P
1196 3759 1226 3812 in
1248 3770 1319 3811 enau-

193 3851 267 3919 gelio
290 3868 322 3905 a:
357 3852 496 3922 euangelio
522 3852 609 3907 G¹Po
633 3851 678 3918 (cf.
698 3867 729 3919 p.
748 3853 814 3918 929,
832 3852 881 3918 29)
916 3847 1028 3917 inipso
1052 3847 1195 3914 euangelio
1220 3843 1258 3900 θ’

194 3936 227 3990 11
251 3952 335 4006 ragno
355 3937 449 3992 G'Po:
478 3953 560 4006 regno
584 3936 628 3991 dei
653 3936 693 3992 θ’
795 3936 836 3989 ita
859 3935 934 3989 enim
956 3933 1045 4002 potest
1068 3947 1121 3985 non
1146 3935 1255 3985 coactus
1273 3927 1317 3983 6³:

193 4036 247 4075 non
265 4023 337 4075 enim
354 4024 443 4091 potest
460 4039 513 4077 non
533 4022 621 4079 0²Po
649 4021 786 4076 nonenim
798 4022 888 4090 potest
908 4019 945 4074 θ’
1043 4017 1214 4086 euangelista
1233 4015 1259 4070 P

193 4107 227 4160 14
245 4108 269 4160 si
287 4110 393 4162 coactns
413 4109 474 4163 θυι
501 4108 615 4164 siccatus
634 4108 662 4162 P
756 4108 790 4161 15
807 4122 875 4176 quae
895 4106 957 4161 Gor
983 4119 1035 4174 qno
1053 4105 1081 4160 P
1175 4103 1208 4158 18
1225 4102 1254 4156 in
1270 4099 1320 4154 eius

195 4191 294 4248 G¹Po2
320 4192 423 4248 inillis
443 4193 481 4250 θ’
570 4194 605 4248 22
623 4193 725 4249 cibaria
743 4210 774 4248 c:
800 4192 927 4249 cibariam
948 4190 1022 4247 GPo
1114 4187 1320 4245 smtantacnlnm

193 4278 294 4336 0¹Po:
323 4278 357 4334 ad
375 4280 588 4336 sustentaculum
608 4280 646 4337 θ’
