2760 4814
233 333 396 404 Excerpta
412 351 448 388 ex
465 350 535 404 opp.
553 335 579 389 S.
597 336 786 404 Augustini
807 334 880 391 000.
898 332 986 391 0001.
1112 333 1176 399 973

44 524 252 591 necessarium
283 528 330 589 est
360 543 410 590 eos
439 543 528 589 nosse
552 528 584 589 et
612 543 688 607 qnos
711 524 921 591 necessarium
945 530 992 591 est
1015 543 1053 591 ea
1075 544 1174 601 nosse,

42 646 105 695 nou
128 629 231 695 solum
253 628 429 711 praesentia
450 629 501 693 uel
523 628 694 711 praeterita
723 647 833 693 uorum
861 627 958 695 etiam
981 627 1088 695 futura
1110 629 1175 713 spi·

42 734 110 799 ritu
137 732 190 798 dai
219 732 378 798 reuelante
408 749 602 816 cognoscere,
631 733 712 797 sicut
735 750 796 797 uon
819 750 925 797 omncs
948 733 1099 808 hominos,
1122 733 1175 796 sed

40 836 223 919 prophetae,
252 837 327 901 dum
357 833 409 900 hic
438 834 592 910 uiuerent,
623 835 860 919 cognoscebant,
896 853 952 900 uec
974 836 1036 918 ipsi
1059 835 1175 911 omnia,

18 941 98 1007 asad
121 955 200 1021 quaa
222 936 288 1002 illis
310 955 377 1003 esse
398 937 568 1002 reuelauda
590 936 641 1002 dei
658 938 854 1020 prouidentia
874 937 1049 1005 iudicabat.
1089 937 1176 1001 mitti

39 1061 165 1125 quoque
187 1041 226 1106 ad
248 1043 337 1107 uiuos
359 1040 480 1123 aliquos
503 1059 539 1106 ex
561 1043 703 1117 mortuis,
727 1043 809 1107 sicut
839 1060 856 1107 e
878 1041 1035 1107 contrario
1056 1042 1175 1107 Paulus

40 1165 80 1211 ax
101 1146 184 1211 uiuis
207 1145 240 1211 in
262 1143 441 1227 paradisum
463 1146 572 1226 raptus
595 1144 653 1223 est,
677 1145 785 1211 diuina
806 1144 964 1226 scriptura
984 1145 1131 1210 testatur.

85 1248 171 1315 Hinc
192 1253 225 1313 et
247 1247 306 1313 illa
326 1247 461 1313 soluitur
484 1247 635 1329 quaestio,
666 1264 802 1329 quonam
824 1247 915 1314 modo
937 1252 1092 1330 martyres
1114 1247 1176 1329 ipsi

41 1348 210 1429 beneficiis,
234 1366 315 1431 qaae
337 1347 452 1413 dantur
475 1347 678 1424 orationibus,
699 1348 839 1414 iudicant
862 1367 895 1412 se
917 1350 1068 1415 interesse
1082 1350 1176 1433 rebus

10 1454 196 1528 iohumanis,
220 1451 249 1516 si
273 1450 417 1517 nesciunt
439 1449 556 1516 mortui
579 1450 654 1533 quid
677 1453 773 1534 agant
795 1450 871 1516 uiui.
909 1471 969 1517 uon
993 1452 1079 1519 enim
1100 1453 1175 1518 solis

42 1555 265 1622 beneficiorum
287 1553 447 1619 effectibus
469 1572 579 1619 uarum
601 1553 678 1637 ipsis
699 1554 796 1619 etiam
821 1554 983 1621 hominum
998 1555 1176 1639 aspectibus

42 1659 253 1725 confessorem
274 1657 455 1740 apparuisse
480 1657 626 1735 Felicem,
650 1657 737 1722 cuiue
753 1658 979 1741 inquilinatum
994 1659 1044 1742 pie
1060 1657 1176 1742 diligis,

43 1781 118 1828 cum
148 1779 169 1827 a
197 1761 335 1827 barbaris
358 1759 440 1826 Nola
469 1760 710 1842 oppugnaretur,
742 1762 931 1843 audiuimus,
963 1779 1025 1827 non
1047 1761 1176 1827 incertis

42 1864 233 1941 rumoribus,
249 1863 303 1930 sed
318 1862 454 1929 testibus
470 1862 575 1928 certis.
599 1882 708 1928 nerum
725 1864 789 1929 ista
811 1864 966 1930 diuinitus
989 1863 1176 1930 exhibentur

10 1968 139 2052 alonge
161 1967 264 2048 aliter,
287 1985 383 2049 quam
405 1985 471 2032 seeo
494 1966 589 2032 habet
612 1967 749 2032 usitatus
767 1970 840 2034 ordo
861 1966 995 2052 singulis
1018 1970 1175 2033 creatura-

42 2090 116 2138 rum
140 2072 305 2154 generibns
325 2070 508 2136 attributus.
547 2071 710 2136 nonenim
727 2071 801 2154 quia
815 2071 849 2137 in
864 2071 974 2136 uinum
990 2087 1079 2151 aqua,
1102 2089 1174 2135 cum

43 2174 148 2243 uoluit
170 2175 324 2255 dominus,
347 2179 475 2258 reponte
497 2193 644 2240 conuersa
665 2177 722 2252 est,
745 2176 814 2241 ideo
833 2194 893 2241 non
917 2175 1075 2251 debemus,
1099 2173 1175 2255 quid

43 2296 127 2363 aqua
154 2277 262 2344 ualeat
291 2280 325 2343 in
355 2278 580 2345 elementorum
610 2280 718 2345 ordine
740 2279 872 2361 proprio,
896 2278 935 2342 ab
958 2278 1050 2343 istius
1073 2275 1175 2342 diuini

43 2382 146 2466 operia
168 2382 298 2449 raritate
321 2382 373 2447 uel
388 2381 492 2466 potius
507 2381 731 2466 singularitate
745 2384 933 2459 discemero;
957 2398 1013 2445 nec
1027 2379 1174 2462 quoniam

10 2484 181 2551 almarus
202 2485 378 2563 resurrexit,
407 2486 477 2551 ideo
507 2485 649 2551 mortuns
671 2485 783 2560 omnia,
806 2485 928 2568 quando
951 2483 1031 2562 uult,
1054 2486 1174 2565 surget,

44 2590 102 2655 aut
123 2605 160 2651 oo
183 2590 272 2653 modo
293 2588 443 2654 exanimis
460 2607 478 2653 a
501 2587 628 2653 uiuente
643 2587 796 2671 quomodo
814 2606 832 2652 a
847 2587 1003 2672 uigilante
1019 2586 1175 2650 dormiens

42 2690 210 2757 excitatur.
247 2690 302 2755 alii
323 2692 399 2756 sunt
420 2691 629 2756 humanarum
652 2691 768 2756 limites
784 2709 898 2765 rerum,
921 2690 983 2755 alia
997 2688 1176 2754 diuinarum

43 2792 137 2879 signa
166 2793 339 2877 uirtutum,
368 2793 433 2859 alia
454 2794 528 2858 sunt
554 2812 633 2875 qnae
661 2793 857 2873 naturaliter,
886 2793 951 2858 alia
978 2811 1057 2874 qnae
1079 2791 1176 2857 mira-

43 2895 155 2963 biliter
170 2896 260 2974 fiunt,
284 2895 427 2978 quamuis
442 2897 475 2959 et
490 2896 621 2961 naturae
644 2895 719 2960 deus
736 2895 830 2979 adsit,
846 2899 883 2960 ut
899 2894 952 2970 eit,
969 2898 1000 2959 et
1015 2893 1176 2959 miraculis

10 3000 160 3067 sanatura
175 3017 237 3064 non
252 3000 341 3065 desit.
372 3016 433 3064 non
447 2998 545 3082 igitur
559 2998 628 3064 ideo
642 3002 816 3083 putandum
832 3004 878 3066 eat
894 3000 1035 3064 uiuorum
1053 2995 1178 3081 (rebus)

44 3102 202 3187 quoslibet
234 3103 385 3167 iuteresse
413 3120 502 3183 possa
532 3101 704 3181 defunctos,
734 3104 881 3185 quoniam
912 3101 1096 3184 quibusdam
1126 3118 1189 3185 ea,

43 3204 160 3273 nandie
183 3205 234 3269 uel
257 3204 441 3270 adiuuandie
465 3209 618 3289 martyres
642 3209 765 3285 adsunt,
788 3207 842 3271 sed
864 3205 932 3271 ideo
954 3204 1057 3286 potius
1081 3202 1176 3266 iutel-

43 3306 215 3393 logandum
239 3310 296 3388 est,
320 3309 400 3389 quod
422 3327 477 3390 per
499 3307 640 3372 diuinam
662 3308 836 3391 potentiam
858 3311 1012 3392 martyres
1034 3308 1177 3371 uiuorum

23 3411 138 3477 ,robus
160 3410 328 3491 intersunt,
344 3411 490 3490 quoniam
513 3408 654 3475 defuncti
678 3431 733 3494 per
748 3411 894 3476 naturam
910 3410 1070 3494 propriam
1086 3408 1174 3475 uiuo-

10 3531 120 3578 aorum
142 3512 236 3578 rebus
258 3513 408 3577 iuteresse
430 3530 491 3577 non
515 3518 658 3595 possunt.

150 3698 220 3755 tat.
238 3697 268 3753 11
287 3698 345 3754 Cor.
364 3699 406 3765 12,
424 3699 441 3752 2
544 3700 577 3754 16
595 3699 628 3755 cf.
646 3700 686 3756 Io.
703 3701 729 3765 2,
747 3701 764 3754 9

98 3872 114 3927 1
142 3872 172 3923 et
194 3885 339 3938 quos—ea
361 3885 439 3924 nosse
464 3871 541 3925 61³¹:
571 3870 623 3925 dcl.
646 3871 697 3936 P¹;
723 3888 774 3926 om.
803 3872 826 3925 V
927 3873 945 3926 4
971 3872 1016 3927 hic
1045 3872 1081 3925 V:
1117 3873 1180 3926 hinc

43 3974 74 4031 Ρ
177 3972 333 4041 Bquouam
354 3971 391 4025 V:
421 3987 473 4041 quc
493 3974 519 4028 G
548 3957 596 4042 effi
613 3976 640 4029 P
742 3976 759 4029 9
782 3974 951 4029 orationibus
973 3974 1009 4028 V:
1039 3975 1179 4031 orantibus

44 4059 104 4117 GP
214 4058 250 4112 20
271 4062 392 4113 mortuos
417 4059 445 4113 P
552 4064 646 4130 surget
668 4061 706 4114 V:
736 4061 856 4130 resurgit
881 4061 907 4116 0
937 4066 1062 4131 resurgat
1085 4063 1112 4116 P

41 4146 76 4201 21
97 4144 238 4215 mainis]
258 4160 293 4199 ex
310 4145 445 4199 exanimus
464 4160 535 4199 corr.
553 4146 593 4200 P·
693 4162 710 4199 a
727 4146 860 4215 uigilante
880 4147 958 4202 61³²:
989 4148 1123 4218 uigilante
1142 4148 1179 4202 P¹

41 4266 192 4323 aarum
213 4263 240 4318 V
341 4265 375 4318 ee
392 4230 532 4351 meracius
551 4266 578 4322 1³
681 4268 714 4321 ao
733 4268 811 4322 reone
829 4286 860 4322 a:
890 4285 941 4324 om.
962 4268 1045 4325 cnr
