2760 4814
266 378 436 450 Excerpta
452 395 488 435 ex
507 396 578 451 opp.
596 382 624 440 a.
640 381 830 451 Augustini
853 380 999 439 CXCVIII.
1134 385 1198 453 659

64 572 249 638 numentum
276 568 547 648 reconciliationis,
575 588 630 652 per
658 570 821 636 uinculum
850 570 950 653 pacis.
982 589 1038 637 nec
1066 572 1135 638 ideo
1163 592 1196 640 se

63 676 180 757 putent
207 690 297 739 sanos
324 690 401 752 asse,
436 673 510 756 quia
537 672 671 739 dicimus
700 692 752 739 eos
785 674 898 740 habere
925 673 1045 757 aliquid
1073 694 1195 757 muum,

65 794 127 843 nec
154 794 262 842 rursus
290 774 359 841 ideo
381 777 494 861 putent
515 776 688 842 curandum
710 794 777 842 esee
799 778 880 859 quod
903 796 1014 843 sanum
1036 781 1094 855 eet,
1122 781 1196 863 quia

66 881 263 947 ostendimus
285 879 405 963 aliquid
426 880 637 945 uulneratum.
671 880 779 963 itaque
801 879 836 944 in
851 881 1038 946 sacrementi
1058 882 1194 949 sanitato

40 983 143 1066 aquia
165 987 273 1049 contra
294 1001 350 1048 noa
372 1001 434 1048 nou
456 985 538 1061 sunt,
561 983 719 1066 pronubis
735 985 825 1067 sunt;
847 984 881 1049 in
896 982 1073 1049 schismatis
1089 990 1196 1052 autem

65 1087 197 1152 uulnere
227 1085 379 1171 quidquid
409 1104 481 1151 cum
502 1085 626 1152 Christo
656 1104 719 1152 non
742 1087 906 1169 colligunt,
934 1090 1094 1172 spargunt
1132 1108 1195 1155 non

64 1189 257 1255 extollantur
285 1209 322 1254 ex
354 1189 403 1254 his
437 1208 516 1272 quae
545 1189 670 1255 hahent
707 1189 782 1272 quid
816 1192 943 1255 tantum
974 1208 1028 1272 per
1058 1208 1195 1275 eaquae

64 1296 239 1360 sanarunt
261 1294 411 1376 superbos
435 1294 539 1359 oculos
563 1293 704 1359 ducunt?
726 1296 760 1360 et
781 1295 895 1360 uulnus
917 1313 1008 1361 suum
1027 1295 1195 1379 dignentur

63 1396 230 1462 humiliter
258 1397 374 1464 intueri
396 1415 452 1463 nec
474 1397 575 1464 solum
598 1399 672 1479 quid
700 1397 792 1474 adsit,
821 1398 874 1464 aod
897 1398 993 1463 etium
1016 1398 1091 1481 quid
1112 1398 1194 1479 desit

27 1500 239 1569 roattendani.

108 1620 247 1686 Videant
269 1638 362 1704 quam
384 1621 486 1686 mulla
501 1623 533 1686 et
548 1638 644 1704 quam
659 1638 773 1705 magna
795 1620 877 1685 nihil
894 1622 1022 1704 prosint,
1046 1621 1074 1686 ei
1096 1640 1194 1689 unum

62 1724 215 1808 quiddam
243 1723 387 1802 defuerit,
422 1726 453 1789 et
480 1725 610 1790 uideant
637 1725 712 1808 quid
740 1726 784 1790 sit
812 1725 915 1807 ipsum
942 1744 1042 1790 unum
1063 1743 1121 1791 nec
1141 1745 1193 1792 me

61 1830 96 1894 in
119 1826 177 1893 hoc
200 1827 338 1907 audiant,
367 1826 421 1893 sed
444 1829 636 1911 apostolum:
665 1827 698 1892 si
725 1826 879 1911 linguis
907 1826 1120 1907 hominum,
1142 1828 1193 1894 in·

62 1929 143 2014 quit,
181 1931 323 2013 loquar
358 1933 394 1996 et
429 1932 671 2015 angelorum,
710 1932 924 1997 caritatem
958 1932 1086 1996 autom
1119 1949 1192 1997 non

31 2033 242 2111 uhabeam,
276 2033 411 2100 factus
442 2053 526 2099 sum
555 2036 820 2100 aeramentum
849 2051 994 2099 sonans
1025 2035 1063 2098 et
1091 2052 1191 2117 cym-

61 2137 197 2204 halum
219 2137 413 2219 tinniens3
437 2139 474 2202 et
492 2139 525 2203 si
543 2136 717 2202 habuero
739 2137 993 2220 prophetiam
1010 2141 1047 2200 et
1064 2138 1190 2202 sciero

60 2240 192 2307 omnia
224 2244 474 2306 sacramenta
502 2243 540 2306 et
569 2259 719 2306 omnem
746 2242 976 2323 scientium,
1010 2243 1047 2304 et
1069 2241 1105 2304 si
1127 2240 1189 2306 ha·

60 2345 182 2411 bucro
212 2362 361 2410 omnem
388 2344 528 2423 fidem,
558 2348 600 2410 ut
622 2348 771 2410 montes
799 2344 1064 2424 transferam,
1092 2343 1190 2408 cari·

60 2450 187 2514 tatem
217 2450 347 2513 autem
376 2465 449 2513 non
476 2448 660 2526 habeam,
689 2447 794 2513 nihil
821 2467 912 2514 sum.
949 2445 1024 2530 quid
1046 2464 1119 2529 ergo
1141 2448 1186 2511 eis

10 2555 195 2635 sepiolae,
219 2553 246 2617 si
268 2551 412 2636 linguam
433 2553 467 2617 in
489 2554 586 2618 sacris
608 2553 768 2636 mysteriis
789 2552 926 2619 habeant
947 2549 1132 2633 angelorum
1153 2554 1187 2614 et

60 2654 274 2739 propheticam
309 2655 571 2738 quemadmodum
605 2655 738 2738 caiphas
772 2658 804 2721 et
836 2654 922 2738 Saul,
955 2654 992 2718 ut
1023 2653 1190 2736 aliquando

60 2758 257 2845 prophetent,
288 2777 363 2842 quoe
386 2759 483 2824 fuisse
505 2758 698 2825 damnabiles
729 2759 836 2825 sancta
857 2759 1012 2841 scriptura
1033 2756 1190 2822 testatur?

59 2863 88 2927 oi
108 2866 304 2928 sacramenta
326 2879 387 2927 non
409 2862 535 2926 metum
557 2862 660 2928 sciant
681 2864 734 2927 sed
756 2864 789 2927 et
811 2861 957 2940 habeant,
980 2860 1063 2926 sicut
1079 2859 1191 2924 hahuit

59 2963 168 3031 simon
190 2966 328 3048 Magus?
363 2966 390 3030 si
416 2965 522 3050 fidem,
551 2966 633 3031 nont
655 2965 819 3031 daemonia
841 2965 981 3030 confessa
1002 2960 1188 3053 1111110111-

10 3071 171 3134 testum?
200 3087 298 3151 neque
314 3071 397 3135 euim
413 3088 473 3136 uon
488 3068 666 3147 credebant,
691 3086 760 3133 cum
781 3069 936 3134 dicerent:
958 3065 1050 3148 quid
1075 3064 1186 3130 nobis

60 3173 98 3237 et
118 3170 199 3237 tibi
221 3173 297 3249 est,
319 3171 389 3237 fili
406 3173 484 3251 dei,
507 3172 650 3237 scimus
669 3173 733 3255 qui
752 3173 816 3237 sis.
845 3171 873 3235 si
888 3168 1073 3252 dispertiant
1088 3167 1185 3235 etiam

162 3358 195 3412 rs
217 3358 232 3413 1
251 3359 311 3415 cor.
336 3360 377 3426 13,
396 3358 463 3415 1-e
566 3358 599 3411 21
624 3358 660 3412 cf.
679 3357 716 3412 10.
741 3358 782 3424 11,
800 3359 832 3412 51
857 3358 886 3410 et
907 3356 922 3411 1
939 3355 1005 3425 aeg.
1024 3355 1066 3423 ro,
1086 3357 1120 3410 1ο

57 3442 320 3511 1411111113
422 3443 652 3510 1511111114

108 3611 581 3682 lreeoucliiliationisffidet.m.2)
600 3612 627 3668 V
709 3616 878 3683 putentaeo
964 3613 1186 3682 2sun0s1sauus

55 3718 84 3774 a
170 3718 292 3788 quia-3
309 3733 405 3772 enum
422 3717 476 3786 ee]
494 3733 544 3772 om.
562 3717 590 3770 P
672 3716 837 3786 canae]
855 3697 951 3771 ibae
968 3717 996 3771 Ρ
1084 3717 1186 3772 sea-

55 3804 165 3861 nse-a
182 3804 220 3873 (ic
235 3807 302 3869 ruo.)
321 3803 350 3858 P
446 3803 625 3858 tertullatur
643 3804 681 3857 Ρ1
779 3802 854 3873 quid]
873 3803 921 3873 qui
937 3803 965 3856 A
1061 3803 1133 3872 8ot]
1151 3808 1184 3859 ut

53 3891 100 3947 Pu
185 3890 274 3960 auum]
292 3905 370 3944 sunm
387 3904 476 3944 nono
567 3889 598 3944 11
617 3889 650 3959 ei]
669 3904 697 3943 se
714 3889 751 3944 Ρι
838 3890 872 3944 11
888 3888 998 3958 quidam
1015 3889 1084 3944 ΑΡι

52 3979 105 4033 aar
121 3979 152 4046 (n
169 3980 235 4042 rue.)
254 3976 283 4031 P
384 3976 417 4029 13
440 3974 553 4029 audiant
576 3975 597 4040 (i
613 3991 649 4030 cu
664 3991 679 4030 e
696 3978 778 4040 corr.)
801 3976 829 4030 P
933 3975 1022 4045 inquit
1044 3976 1185 4030 homiuum

51 4066 151 4137 loquar
173 4065 201 4120 P
228 4064 368 4119 homiuum
391 4063 486 4132 loquar
509 4063 637 4132 inquito
741 4064 773 4119 19
795 4063 917 4134 habeam]
934 4063 1049 4119 habuero
1072 4064 1116 4119 Po

51 4154 88 4209 1)
105 4151 143 4221 sil
161 4151 185 4206 si
202 4153 232 4206 et
247 4150 276 4205 A
362 4149 520 4220 angelorum
535 4148 569 4204 V:
596 4151 746 4220 angelicam
764 4151 864 4207 AGPu
948 4150 982 4204 11
1000 4151 1182 4220 propheticam

54 4238 97 4294 V:
123 4235 294 4308 prophetiam
310 4235 382 4290 APu
475 4234 559 4290 misna
576 4235 632 4290 ΔΡ
725 4235 760 4291 11
777 4236 938 4292 damnabilis
955 4235 993 4290 P*
1078 4235 1182 4305 anob]

48 4338 165 4381 ncnc
264 4321 299 4376 14
317 4336 412 4391 symon
430 4321 458 4375 P

1026 4424 1081 4480 42*
