2760 4814
239 328 407 398 Excerpta
424 344 461 383 cr
478 344 550 399 opp.
567 328 595 383 S.
612 329 799 399 Augustini
822 326 1008 385 ccnxxrln.
1126 331 1191 398 869

56 516 222 583 Salomone
244 516 393 583 dicuntur
415 519 565 585 excedunt
580 521 646 585 eius
661 519 788 584 modum
805 521 837 584 et
851 521 957 602 potins
972 517 1012 583 ad
1028 516 1189 585 Christum

54 620 110 685 uel
132 620 304 701 ecclesiam,
329 620 418 687 cuiue
435 622 490 687 ille
504 640 576 706 pars
592 625 649 701 est,
666 624 765 688 relata
780 623 965 690 clarescunt.
1002 640 1058 688 nec
1072 624 1190 707 species

54 742 179 806 semper
202 725 367 789 exceditur.
399 743 491 809 saepe
513 726 596 791 enim
619 726 696 791 talia
718 725 875 803 dicuntur,
898 746 977 809 quae
993 728 1044 791 uel
1066 726 1096 791 ei
1111 743 1189 809 quo·

54 846 117 911 que
148 826 198 892 uel
229 828 256 892 ei
286 826 420 893 fortasse
449 828 665 894 tantummodo
695 828 893 911 apertissime
924 831 1112 911 congruant:
1135 828 1189 893 sed

29 948 130 995 scum
160 928 200 994 ab
227 930 329 1012 specie
350 931 502 995 transitur
523 932 564 995 ad
586 950 694 1016 genus,
717 932 805 1014 quasi
828 932 931 997 adhuc
953 933 991 997 de
1013 932 1117 1016 specie
1139 932 1187 996 lo·

55 1033 172 1116 quante
194 1032 360 1115 scriptura,
384 1034 429 1099 ihi
452 1033 585 1118 uigilare
601 1035 693 1100 dehet
707 1034 833 1101 lectoris
848 1036 990 1113 intentio,
1006 1056 1044 1100 ne
1060 1035 1190 1119 quaerat

54 1140 89 1205 in
123 1137 225 1218 specie
258 1140 339 1220 quod
373 1139 404 1203 in
438 1157 552 1222 genere
584 1141 689 1222 potest
710 1138 822 1204 melius
845 1141 878 1204 et
899 1140 1016 1205 certius
1038 1137 1189 1204 inuenire.

55 1240 150 1307 facile
180 1244 228 1304 est
255 1240 368 1323 quippe
396 1240 477 1306 illud
501 1243 582 1324 quod
612 1243 658 1308 ait
681 1242 831 1325 propheta
853 1242 1033 1308 Ezechihel:
1056 1244 1190 1308 domus

54 1342 211 1409 Israhel
240 1343 451 1410 habitauit
479 1344 522 1408 in
548 1350 670 1429 terra,
694 1347 733 1409 et
755 1347 988 1428 polluerunt
1010 1345 1126 1414 illam
1147 1344 1191 1409 in

18 1446 122 1516 rania
151 1462 223 1510 sna
251 1447 288 1509 et
317 1445 356 1509 in
387 1446 509 1512 idolis
540 1449 622 1511 suis
648 1451 686 1512 et
708 1449 891 1530 peccatis
914 1447 1017 1523 suis3
1053 1464 1191 1511 secun·

55 1548 147 1614 dum
170 1548 465 1614 immunditiam
486 1553 756 1615 menstruatae
778 1551 885 1617 facta
907 1551 1192 1615 estuiaeorum

55 1657 150 1717 ante
172 1651 317 1716 faciem
341 1671 471 1718 meam.
511 1656 548 1717 et
570 1653 699 1719 effudi
722 1658 819 1720 iram
842 1672 962 1719 meum
984 1671 1102 1735 super
1126 1668 1190 1716 eos

56 1760 97 1821 et
118 1754 291 1837 dispersi
322 1757 419 1821 illos
441 1759 552 1821 inter
573 1757 753 1822 nationes
776 1762 815 1823 et
837 1757 1040 1822 uentilani
1062 1772 1126 1819 eos
1149 1755 1189 1819 in

57 1859 250 1943 regiones,
273 1860 486 1925 secundum
502 1860 587 1925 uias
602 1878 730 1925 eorum
748 1859 1011 1925 etsecundum
1027 1859 1191 1940 peccatu

22 1981 190 2031 aeorum
214 1964 392 2029 indicaui
422 1984 541 2029 eos-
557 1963 648 2029 facile
670 1966 728 2039 est,
754 1964 893 2047 inquam,
924 1964 983 2030 hoc
1008 1962 1192 2044 intellegere

56 2068 95 2132 dc
117 2066 175 2131 illa
197 2068 287 2132 domo
303 2067 432 2146 Israhel,
455 2070 493 2133 dc
510 2085 572 2151 qua
587 2067 665 2132 dicit
681 2067 857 2149 spostolus:
881 2067 1013 2134 uidete
1035 2065 1190 2131 Israhel

56 2171 275 2236 secundum
297 2189 469 2250 carnem,
492 2171 567 2253 qnia
584 2170 661 2236 haec
684 2171 788 2236 omnia
802 2172 936 2236 carnalis
958 2170 1091 2253 populus
1106 2169 1191 2235 Isra-

56 2272 111 2339 hel
134 2274 168 2337 et
190 2272 265 2338 iecit
298 2275 330 2338 et
360 2292 468 2356 passus
499 2276 554 2339 est.
592 2274 656 2339 alia
687 2274 783 2339 etiam
812 2292 890 2357 quae
920 2274 1066 2339 secuntur
1090 2271 1190 2337 eidem

56 2374 285 2459 intelleguntur
305 2376 420 2459 populo
443 2378 622 2459 conuenire;
653 2375 708 2441 sod
731 2394 802 2441 cum
832 2375 968 2459 coeperit
998 2375 1099 2440 dicere
1128 2374 1189 2439 eis:

27 2481 98 2545 roet
130 2477 408 2545 sanctificabo
448 2499 587 2546 nomen
618 2498 737 2545 meum
766 2480 945 2545 sanctum
982 2478 1084 2544 illud
1117 2495 1190 2542 mn·

55 2600 188 2667 gnum,
211 2584 310 2664 quod
333 2582 534 2665 pollutum
559 2586 618 2647 est
640 2583 745 2648 inter
766 2583 966 2657 nationes,
990 2584 1088 2665 quod
1110 2581 1191 2664 pol·

55 2687 195 2751 inistis
224 2684 265 2749 in
296 2685 424 2750 medio
446 2705 592 2765 earum,
614 2690 654 2751 et
676 2688 808 2751 scient
829 2690 984 2769 gentes,
1007 2686 1192 2769 quoniam

55 2806 129 2873 ego
151 2806 231 2853 sum
255 2786 450 2868 dominus,
475 2790 537 2855 iam
559 2789 699 2855 intentus
714 2787 806 2853 dehet
821 2807 886 2854 esse
900 2788 953 2872 qui
976 2788 1065 2871 legit,
1081 2806 1190 2870 quem·

55 2888 227 2957 admodum
264 2890 382 2972 species
420 2890 585 2957 excedatur
618 2896 651 2956 et
687 2890 876 2975 adiungatur
904 2910 1014 2975 genus.
1052 2889 1194 2973 sequitur

20 2994 144 3059 nanim
160 2994 192 3058 et
206 2992 300 3060 dicit:
324 2994 412 3059 dum
435 2994 732 3059 sanctificabor
754 2994 793 3057 in
816 2994 930 3059 nohis
950 2995 1039 3059 aute
1057 2994 1192 3060 oculos

55 3114 202 3162 eornm.
245 3098 283 3160 et
303 3097 493 3179 accipiam
519 3114 586 3162 uos
609 3096 862 3180 degentibus
884 3098 922 3161 et
943 3095 1193 3182 congregabo

54 3216 126 3265 uos
158 3216 200 3262 ex
229 3197 409 3263 omnibus
438 3199 560 3264 terris
590 3204 630 3265 et
660 3200 847 3265 inducam
876 3218 943 3265 uos
973 3201 1011 3265 in
1042 3201 1192 3264 terram

55 3302 243 3367 uestrum.
266 3303 304 3366 et
326 3304 561 3385 adspergam
584 3319 651 3368 uos
674 3320 772 3384 aqna
794 3303 947 3384 munda,
970 3310 1011 3366 et
1035 3300 1192 3367 munda·

55 3403 205 3471 himini
227 3403 273 3470 ah
295 3406 476 3471 omnihus
498 3405 730 3472 simulacris
752 3406 918 3485 uestris,
942 3409 981 3472 et
1003 3404 1192 3470 mundabo

163 3626 297 3682 aaran
321 3627 365 3695 36,
391 3628 493 3682 17-19
598 3628 869 3695 161001.1o,18
971 3627 1007 3682 20
1027 3626 1122 3683 Erech.
1147 3626 1191 3694 36,

57 3714 164 3769 23-29

108 3921 190 3976 luel
208 3920 244 3975 V:
270 3924 299 3975 et
317 3923 345 3976 P
438 3922 684 3977 htransitur-de
702 3922 798 3991 speeie]
816 3938 866 3976 om.
885 3922 923 3978 P·
1017 3922 1035 3975 9
1052 3919 1191 3975 habitauit

59 4014 87 4073 (n
103 4010 137 4063 ia
154 4006 172 4061 h
189 4022 259 4062 corr.
272 4024 306 4063 m.
319 4010 350 4075 2)
369 4008 397 4061 P
498 4010 529 4062 11
549 4008 722 4062 immunditia
740 4008 769 4063 P
865 4010 1046 4061 menstruatae
1064 4010 1106 4074 (se
1123 4022 1192 4061 coca

57 4098 139 4161 corr.)
160 4093 188 4148 P
291 4094 322 4149 15
339 4094 457 4149 iudiesui
476 4094 554 4149 P¹Vz
584 4092 706 4147 indicabo
725 4094 763 4147 Ρ1
864 4094 899 4149 18
916 4093 1002 4148 eidem
1022 4092 1088 4147 GP:
1120 4092 1191 4147 idem

62 4180 88 4235 V
173 4182 207 4233 19
217 4180 257 4233 cis
269 4179 306 4234 V:
324 4195 375 4235 om.
389 4179 445 4234 GP
529 4180 782 4235 hdetsunctiflcaho
797 4178 864 4235 GP:
883 4196 933 4236 orn.
946 4180 973 4235 V
1057 4178 1192 4235 dimicat

58 4266 86 4321 P
179 4266 405 4336 idaspergumP
491 4283 556 4336 uque
573 4266 610 4321 V:
636 4282 733 4337 aquam
747 4267 775 4322 P
866 4265 1125 4322 29simulachriul'
