2760 4814
236 509 402 582 Itxcerpta
418 526 455 566 ex
472 527 542 580 opp
562 510 590 566 S.
607 511 800 582 Augustini
822 511 940 570 XXIIII.
958 513 1042 570 XXV.
1143 518 1205 585 193

581 749 695 834 XXV.

62 946 112 994 ΒΕ
141 943 385 993 nmmnorm
414 943 496 991 LEVI
525 943 563 991 m
592 941 720 990 Lvrsms
749 943 922 991 numm.
959 943 1006 991 nx
1031 944 1135 993 LIBRO
1156 945 1204 993 DE

413 1044 538 1094 olum
559 1046 584 1093 X
606 1046 655 1092 AD
677 1045 861 1093 mrum.

107 1184 266 1266 Quamuis
299 1185 418 1251 nullius
451 1185 586 1251 bominis
621 1183 727 1250 anima
753 1185 795 1250 sit
821 1183 855 1250 in
882 1184 999 1251 lumbis
1020 1187 1120 1270 patris
1142 1182 1256 1273 sui,40

32 1292 241 1358 seecnndnm
263 1307 390 1356 carnem
410 1289 518 1354 lamen
539 1289 573 1353 in
594 1286 713 1353 lumbis
728 1285 873 1353 Abrahae
896 1289 1103 1355 constitutum
1123 1290 1201 1357 Leni

63 1393 263 1460 decimatum
296 1396 328 1457 et
356 1390 401 1458 ibi
436 1392 644 1458 coustitutum
679 1389 849 1456 secundum
883 1409 1009 1457 carnem
1041 1391 1202 1460 christum

64 1515 126 1563 non
150 1497 356 1563 caumatum.
393 1495 564 1561 secundum
587 1496 741 1560 rationem
763 1492 878 1578 quippe
905 1494 992 1560 illam
1015 1496 1199 1566 seminalem

63 1601 108 1666 ibi
137 1599 204 1665 fuit
226 1597 313 1679 Leni,
343 1616 405 1681 qua
432 1597 552 1664 ratione
581 1616 637 1681 por
660 1596 864 1663 concubitum
893 1600 1044 1664 neuturus
1073 1601 1202 1667 eratin

64 1705 221 1788 matrem3
244 1703 416 1768 secundum
438 1721 532 1786 quam
554 1702 710 1767 rationem
736 1720 799 1765 non
821 1701 865 1766 ibi
888 1705 956 1766 erat
978 1699 1096 1768 christi
1118 1721 1201 1784 caro,

34 1808 213 1893 nequamuis
242 1808 411 1872 secundnm
439 1808 540 1890 ipsam
566 1805 611 1870 ibi
633 1804 729 1871 fuerit
751 1803 870 1870 Mariae
900 1823 979 1871 caro.
1014 1809 1202 1890 quapropter

64 1932 121 1980 nec
144 1910 226 1977 Ireui
247 1928 305 1977 nec
327 1909 471 1976 (lhrIstus
493 1911 527 1974 in
550 1909 667 1976 lumbis
690 1909 835 1975 Abrabae
859 1911 1029 1976 secundum
1052 1906 1201 1989 animam,

63 2015 240 2082 secundum
263 2032 387 2080 carnem
405 2033 479 2079 uero
494 2019 526 2079 et
541 2012 617 2079 Leui
632 2016 664 2078 et
680 2010 840 2078 Christus:
863 2014 918 2078 sed
936 2013 1014 2079 Leni
1028 2015 1200 2080 secundum

65 2117 353 2203 concupiscentiam
386 2116 554 2196 carnalem,
585 2115 729 2182 Christus
763 2120 870 2183 eutem
901 2116 1070 2182 secundum
1100 2117 1200 2183 solam

64 2222 279 2288 substantiam
301 2222 504 2304 corporalem.
543 2239 614 2285 cum
644 2221 728 2286 enim
751 2221 850 2287 sitin
871 2220 990 2287 semine
1011 2224 1043 2286 et
1064 2221 1202 2287 uieibiIIs

35 2325 264 2411 ¹⁵oorpulentia
277 2328 310 2390 et
332 2324 500 2392 inuisibilis
522 2325 613 2400 ratio,
637 2329 807 2408 utrumque
829 2325 966 2390 cucurrit
985 2344 1020 2390 ex
1035 2323 1199 2390 Abrabam

64 2431 116 2496 uel
149 2431 247 2498 etiam
277 2446 313 2495 ox
346 2428 414 2511 ipso
436 2427 539 2493 Adam
570 2447 667 2511 usqne
697 2428 736 2492 ad
768 2445 879 2511 corpus
901 2426 1029 2503 Mariae,
1064 2427 1138 2511 quia
1167 2433 1202 2492 et

64 2536 168 2618 ipsum
192 2552 229 2600 oo
258 2530 350 2598 modo
385 2534 569 2614 conseptum
591 2535 623 2598 et
646 2534 789 2598 exortum
818 2536 877 2599 est.
916 2529 1060 2597 Cbmstus
1089 2535 1197 2596 autem

66 2637 226 2705 risibilem
254 2635 356 2702 caruis
384 2634 595 2702 substantiam
617 2636 655 2703 de
678 2656 769 2703 carne
802 2634 936 2721 uirginis
958 2637 1083 2713 sumsit,
1117 2635 1201 2701 ralio

66 2762 139 2809 uero
168 2739 381 2823 conceptionis
410 2738 476 2805 eius
505 2757 566 2805 non
588 2759 607 2805 a
628 2741 748 2806 somine
777 2739 874 2817 uirili,
903 2739 958 2805 sed
985 2739 1078 2824 longo
1106 2739 1201 2806 aliter

36 2863 99 2911 »ac
121 2847 257 2927 desuper
279 2843 377 2910 uenit.
401 2845 530 2928 proinde
552 2844 723 2910 secundum
745 2845 803 2910 boc
826 2845 907 2927 quod
929 2844 968 2909 de
988 2848 1089 2909 matre
1113 2861 1197 2909 acoe-

65 2952 111 3032 pit
132 2950 233 3015 otiam
255 2947 289 3014 iu
311 2945 427 3014 lumbis
450 2945 597 3014 Abrahae
621 2948 690 3015 fuit.
728 2947 782 3013 ille
805 2950 853 3013 est
874 2965 948 3030 ergo
970 2946 1142 3014 decimatus
1164 2946 1200 3012 in

64 3052 226 3119 Abrabam
249 3052 313 3135 qui,
336 3050 411 3117 lieet
432 3051 605 3117 secundum
627 3070 752 3117 caruem
778 3053 912 3130 tantum,
942 3051 987 3117 sic
1009 3058 1114 3117 tamen
1137 3051 1202 3117 fult

63 3159 95 3222 in
117 3156 239 3224 lumbis
268 3157 346 3241 eins,
383 3155 643 3240 quemadmodum
666 3156 772 3222 insui
800 3156 900 3240 patris
929 3155 996 3240 ipse
1026 3155 1198 3231 Abraham,

64 3260 168 3327 idest
203 3261 257 3345 qui
289 3259 334 3327 sic
367 3260 415 3326 eet
446 3263 541 3327 natus
563 3258 601 3326 de
626 3267 715 3344 patre
739 3258 909 3338 Abraham,
937 3257 1200 3343 quemadmodum

35 3366 100 3431 sle
122 3382 181 3431 suo
205 3367 408 3448 patronatus
431 3368 480 3430 est
503 3363 677 3440 Abrabam,
700 3383 755 3449 per
777 3365 881 3449 legem
896 3362 1019 3430 scilicet
1041 3363 1075 3426 in
1096 3380 1198 3426 mem·

64 3468 131 3535 bris
153 3467 384 3553 repugnantem
406 3468 470 3553 legi
493 3470 607 3534 montis
630 3469 663 3533 et
685 3466 879 3535 inuisibilem
901 3465 1198 3549 concupiscentiam,

112 3761 129 3813 1
153 3773 217 3826 cap.
237 3755 286 3810 XL
308 3757 338 3810 P
369 3756 433 3813 XLI
459 3757 515 3824 (aa
545 3758 721 3812 contanciam
743 3763 783 3813 oet
805 3773 868 3812 com
890 3772 952 3826 cup.
976 3753 1145 3810 LXXXVIII
1166 3757 1200 3809 in

62 3846 88 3900 Τ
187 3842 421 3899 liu-Abrabae
437 3858 490 3899 om.
509 3843 537 3899 f
631 3844 723 3912 genesi
740 3842 785 3910 (de
802 3847 864 3906 orn.)
882 3841 978 3899 ΜΝ
1069 3840 1201 3896 lllIttert

60 3931 153 3986 m
225 3928 401 4000 Xlrlecimm
417 3930 444 3985 Τ
518 3931 660 4002 trullius]
673 3930 817 3985 innullius
831 3928 858 3984 V
923 3928 1008 3984 suiso
1081 3927 1198 3982 blumbi

60 4018 97 4072 P'
206 4016 222 4070 ‘l
249 4016 391 4072 111⁸an
489 4017 646 4074 bmatrem
673 4015 711 4080 V;
737 4034 764 4072 m
786 4016 891 4072 &lecit
913 4020 982 4071 nal
1087 4016 1121 4070 10
1146 4014 1197 4085 ibi]

59 4105 115 4160 eibi
134 4104 161 4159 P
248 4103 336 4158 iuerat
353 4103 396 4158 Pb
488 4103 517 4158 11
536 4107 601 4165 abra
620 4105 649 4160 P
741 4104 774 4158 13
790 4103 917 4158 secudum
935 4102 964 4157 P
1052 4102 1089 4157 14
1104 4101 1199 4156 uuisi-

59 4191 127 4246 bssin
145 4190 175 4244 P
191 4189 232 4254 (iu
248 4192 331 4256 erue.)
417 4189 451 4244 li
468 4191 720 4272 conseptumceto
807 4190 841 4245 18
851 4189 938 4259 carue]
948 4203 1055 4244 carnem
1066 4186 1132 4242 MV

57 4277 94 4330 D
111 4273 238 4343 mmm]
253 4277 333 4328 nam
350 4276 456 4328 eumn
471 4275 514 4334 Po
611 4281 649 4340 28
668 4276 727 4333 sius
743 4291 795 4331 onu
813 4275 842 4330 P
936 4274 967 4328 iu
983 4272 1198 4343 aui-quemad·

57 4360 172 4415 nodum
189 4374 240 4414 on.
258 4357 293 4413 Ρ
376 4359 432 4413 suin
448 4359 502 4426 (oon
520 4377 625 4463 pm)
645 4365 678 4424 Ρ
762 4362 830 4432 ipse]
847 4361 930 4417 etiam
947 4359 1005 4430 ipse
1024 4360 1088 4415 1²1*
1114 4360 1198 4416 etiam

57 4447 148 4516 iptio
250 4443 285 4498 24
302 4441 431 4513 pretreP
520 4462 689 4545 mmm
711 4448 739 4506 Τ
837 4447 873 4502 25
890 4447 930 4518 in]
949 4450 981 4504 et
998 4451 1028 4504 in
1046 4446 1073 4501 P
