2760 4814
221 581 284 649 946
701 578 867 649 uugrppu

221 769 358 834 hominis
382 769 514 850 eulpam,
540 770 620 851 quod
644 788 704 834 uon
727 772 774 835 est
796 772 862 835 sine
884 773 1019 854 peecata,
1042 773 1116 853 quia
1134 772 1205 837 sula
1219 772 1351 838 hominis

222 872 386 937 uoluntate
409 874 528 937 factum
551 874 609 949 ert,
634 876 667 937 ut-
687 872 725 936 ad
747 873 842 937 istam
864 875 1079 939 necessitatem
1101 874 1239 958 ueniret,
1262 895 1349 959 quam

222 977 287 1041 sola
310 975 443 1040 hominis
467 975 609 1040 uoluntas
632 994 775 1058 superare
797 995 857 1041 nou
878 977 988 1059 possit.

265 1078 371 1143 XIIII.
404 1078 562 1163 „Iterum“
594 1079 639 1142 ait
669 1078 894 1164 „quaerendum
926 1085 988 1143 est:
1019 1081 1045 1143 si
1075 1083 1190 1145 natura
1218 1082 1348 1147 hominia

222 1181 304 1246 bona
338 1187 395 1261 est,
429 1180 509 1261 quud
543 1182 648 1246 nullus
677 1200 788 1265 negare
816 1184 878 1247 nisi
906 1184 1045 1249 Marcion
1068 1186 1124 1248 aut
1147 1184 1373 1250 Manichaeuss

222 1283 359 1360 audebit,
387 1285 539 1367 quomodo
567 1286 663 1366 igitur
694 1285 776 1350 bona
798 1288 855 1353 est.
884 1289 910 1351 ai
933 1287 1015 1351 maio
1038 1287 1068 1349 ei
1090 1306 1153 1353 uon
1177 1294 1229 1353 eet
1252 1308 1348 1353 carere

223 1388 394 1471 possibile?
414 1405 505 1453 omne
520 1389 603 1453 euim
619 1392 782 1470 peceatum
799 1392 915 1454 malum
932 1410 998 1455 esse
1015 1393 1082 1472 quis
1097 1391 1269 1457 dubitet?“
1292 1392 1345 1455 Re·

221 1492 405 1574 spondemus
429 1497 459 1556 et
483 1496 627 1556 naturam
649 1493 783 1558 hominis
806 1493 923 1559 bonam
937 1513 1001 1559 esse
1017 1497 1048 1558 et
1064 1512 1134 1557 eam
1150 1494 1237 1561 malo
1253 1512 1346 1560 parere

222 1614 320 1678 pesse.
361 1614 433 1659 uam
456 1597 523 1660 ideo
548 1598 737 1662 clamamus:
761 1598 888 1662 libera
910 1617 977 1662 uos
999 1617 1017 1663 a
1040 1597 1160 1679 malm
1185 1598 1343 1680 quodum

223 1700 389 1782 perficitur,
425 1700 572 1781 quamdiu
595 1719 716 1783 corpus,
747 1702 828 1783 quod
851 1702 1070 1783 corrumpitur,
1096 1706 1254 1785 aggrauat
1284 1701 1368 1766 aui-r

223 1821 317 1867 mam.
353 1804 406 1867 sed
433 1803 490 1868 hoc
512 1807 615 1887 agitur
638 1803 738 1887 gratia
760 1823 813 1887 per
836 1803 939 1881 fidem,
962 1803 1190 1886 utaliquando
1215 1804 1340 1869 dicatur:

222 1906 378 1989 ubiest,
402 1924 518 1985 mors,
535 1907 740 1971 contentio
757 1906 847 1970 tua?
872 1907 1026 1981 ubiest‚
1050 1924 1172 1987 mors,
1189 1907 1340 1972 aculeus

223 2010 339 2073 tuus?
360 2008 522 2073 aculeus
544 2012 675 2073 autem
698 2008 839 2073 mortis
861 2011 1082 2092 peceatum,
1105 2013 1241 2077 uirtus
1264 2026 1339 2073 uere

222 2112 375 2195 peccati
406 2113 481 2192 Iex,
512 2112 658 2195 quoniam
686 2113 734 2176 Iex
757 2113 944 2195 prohibendo
968 2117 1059 2196 auget
1083 2115 1210 2196 peceati
1234 2112 1338 2196 cupidi·

223 2216 333 2293 tatem‚
367 2215 427 2280 nisi
456 2215 613 2280 diffundat
641 2214 770 2297 spiritus
793 2216 969 2295 raritatem,
1001 2235 1079 2298 quae
1110 2216 1207 2298 plena
1229 2222 1261 2281 et
1281 2234 1359 2299 per-u

224 2318 404 2383 sectatum
427 2320 495 2397 erit,
520 2338 589 2383 eum
612 2319 786 2384 uidebimus
808 2319 886 2385 facie
908 2319 946 2384 ad
970 2319 1089 2384 faciem.

266 2420 335 2486 XV.
355 2423 415 2506 „Et
429 2420 505 2485 hoe“
524 2421 626 2504 iuquit
643 2423 828 2506 „dicendum
843 2425 906 2487 est:
919 2427 1000 2488 eerte
1015 2424 1117 2489 iustus
1135 2428 1222 2491 deus.
1247 2418 1335 2507 negari

224 2527 308 2591 euim
342 2543 403 2589 nou
425 2526 538 2607 potest.
581 2525 718 2606 imputat
748 2530 853 2591 autem
884 2525 959 2590 deus
984 2526 1101 2591 homini
1124 2546 1220 2592 omne
1244 2542 1335 2610 pecu·

224 2633 302 2694 tum.
348 2627 386 2691 de
409 2628 467 2692 hoe
488 2645 608 2709 quoque
631 2628 841 2694 confitendum
865 2631 952 2710 puto,
976 2632 1048 2711 quia
1071 2650 1172 2713 neque
1188 2632 1335 2713 peccatum

224 2734 272 2795 eet
300 2730 449 2811 quidquid
480 2748 539 2793 nou
563 2730 771 2812 Imputabitur
794 2733 826 2795 iu
848 2734 1020 2814 peecatum.
1050 2738 1082 2797 et
1105 2735 1133 2797 si
1158 2738 1206 2798 est
1228 2730 1359 2815 aliquota

224 2839 396 2917 peecatum,
427 2833 508 2914 quod
537 2834 631 2897 uitari
660 2853 719 2897 non
741 2834 849 2916 possit,
874 2838 1023 2916 quomodo
1047 2837 1150 2900 iustus
1174 2836 1252 2901 deus
1274 2831 1336 2899 diei·

224 2940 288 3015 tur,
323 2937 348 3001 si
382 2939 536 3019 imputare
569 2937 714 3018 cuiquam
744 2938 881 3002 ereditur
903 2939 982 3019 quod
1005 2938 1101 3002 uitari
1123 2958 1185 3004 nun
1209 2932 1335 3023 possit?“

223 3040 460 3122 Respondemus
484 3040 545 3104 iam
565 3039 640 3104 olim
663 3042 769 3104 contra
792 3043 939 3122 superbos
963 3059 1030 3105 esse
1053 3041 1246 3107 clamatum:
1269 3044 1336 3106 beu·

223 3147 287 3210 tus
310 3144 375 3208 cui
400 3161 477 3207 uon
500 3144 719 3224 imputabit
742 3144 1151 3226 deminuspaeuatum.
1191 3141 1333 3208 nouerim

223 3249 361 3329 imputat
383 3246 433 3310 hie
455 3250 508 3328 qui
530 3247 663 3311 fideliter
686 3247 714 3311 ei
737 3247 860 3313 dieunt:
884 3248 1052 3311 dimitte
1075 3247 1192 3313 uobis
1214 3246 1356 3312 deuius

226 3354 376 3427 uestra,
401 3348 1332 3415 sieutetuosdimittimusdebitoribusuostrir.

225 3455 258 3519 et
280 3454 361 3517 iuste
383 3472 443 3517 non
465 3454 612 3535 imputat,
632 3455 704 3535 quia
719 3455 836 3518 iustum
852 3458 899 3519 est
915 3454 995 3535 quod
1011 3454 1071 3517 ait:
1096 3455 1131 3517 iu
1156 3472 1230 3535 qua
1251 3468 1332 3516 meu·

225 3556 451 3623 auramensi
470 3556 652 3635 fueritis,
672 3556 710 3619 iu
732 3556 859 3620 eadem
878 3555 1113 3620 remetietur
1131 3556 1255 3620 uobIs.
1276 3566 1330 3635 peu

225 3661 328 3726 catum
352 3665 400 3723 est
423 3664 537 3735 autem,
557 3677 627 3723 cum
650 3658 701 3724 uel
718 3678 777 3723 nou
793 3661 840 3724 est
855 3659 976 3727 caritas,
1000 3678 1078 3739 quae
1095 3677 1161 3723 esse
1177 3659 1274 3731 debet,
1294 3648 1329 3716 uel

225 3765 326 3828 minor
341 3765 397 3840 eet,
422 3780 516 3845 quam
533 3763 633 3840 debet,
657 3762 723 3826 siue
739 3762 797 3826 hoe
812 3762 903 3827 uitari
920 3762 1082 3827 uoluntate
1096 3762 1197 3844 possit
1211 3763 1271 3825 siue
1283 3771 1350 3822 roua

225 3868 334 3948 pessit,
363 3867 444 3948 quia,
476 3867 503 3929 si
526 3868 638 3947 petest,
662 3883 806 3948 praesens
828 3865 973 3929 uoluntas
996 3865 1054 3929 hoe
1077 3866 1172 3937 facim
1195 3865 1223 3929 si
1243 3864 1326 3927 autam

328 4026 488 4094 aureatus,
500 4028 532 4082 13
602 4026 635 4081 10
646 4027 680 4081 ci.
690 4029 750 4095 Sap.
761 4028 785 4091 9,
799 4028 831 4081 15
900 4027 1029 4082 12ICur.
1042 4028 1177 4096 ruausq.
1244 4011 1325 4079 real

225 4111 284 4168 Gor.
298 4113 338 4178 13,
352 4114 385 4166 12
470 4114 504 4167 23
515 4113 643 4176 Ps.3l,2
729 4112 763 4167 25
774 4112 911 4177 With-6,
927 4113 958 4166 12
1044 4113 1077 4166 27
1091 4112 1254 4176 Mettum

275 4258 397 4315 4me
414 4260 454 4314 P:
483 4260 553 4315 VIII
575 4259 647 4313 Via
664 4276 715 4331 mp.
802 4259 972 4313 tmerehion
993 4258 1020 4312 V
1103 4256 1277 4314 BbouumP
1378 4313 1380 4320 ,

225 4360 285 4400 eam
304 4346 369 4401 GP:
395 4362 426 4399 ea
448 4344 474 4399 V
574 4347 607 4400 17
625 4346 674 4400 XV
693 4346 731 4400 P:
758 4344 844 4400 VIIII
862 4344 989 4415 Va'nmp.
1096 4345 1127 4399 19
1145 4344 1179 4399 de
1195 4346 1243 4399 hou
1258 4332 1325 4395 Μ

224 4432 275 4487 hoe
295 4432 350 4487 uP
448 4432 483 4485 22
500 4431 623 4500 cuiquam
646 4433 681 4487 V:
710 4433 755 4487 eui
772 4431 842 4501 quod
862 4432 889 4486 P
990 4430 1024 4484 24
1041 4429 1190 4500 imputabIt
1207 4428 1268 4486 PV:
1293 4424 1326 4479 ist

224 4518 334 4587 putauit
351 4534 370 4572 a
387 4519 440 4589 (pr.
458 4519 616 4589 λογίσηται)
