2760 4814
563 343 567 351 ·
624 313 791 385 Eugippii

599 568 817 675 cxxxuu.

143 763 190 812 EX
220 762 324 811 ummo
355 763 402 810 Dm
431 760 591 810 CIVITA'I'E
621 762 683 810 nul
704 762 776 809 xxl.
814 761 862 809 AN
892 758 1031 809 Possm
1054 757 1214 808 coleron
1236 758 1267 808 ΙΙ

421 863 567 914 VSTIONE
589 864 682 914 IGMS
703 863 784 914 ESSE
805 861 993 912 usurum.

71 981 135 1067 150
186 1001 268 1084 Quid
296 1000 396 1087 igitur
418 1002 593 1082 ostendum,
623 998 706 1067 unde
736 999 964 1077 conuinceutur
992 997 1155 1083 increduli,
1186 1018 1267 1083 posse

144 1106 280 1187 humens
301 1121 429 1189 corpore
450 1103 592 1170 euimebe
613 1104 707 1188 eique
729 1103 870 1171 uiuentis
891 1121 953 1169 non
975 1103 1076 1169 solum
1098 1121 1267 1188 numquam

143 1212 243 1275 morie
264 1200 407 1288 dissolui,
430 1210 485 1275 ssd
507 1208 543 1297 in
561 1210 761 1274 aeternorum
783 1224 903 1292 queque
925 1207 1049 1290 ignium
1070 1207 1185 1274 durere
1207 1212 1267 1275 ber·

142 1311 280 1378 mentis?
313 1310 426 1376 nolunt
448 1309 532 1376 enim
554 1310 613 1377 bec
635 1310 675 1377 ed
697 1308 920 1394 omnipotentis
944 1326 1000 1377 uos
1022 1308 1138 1376 referre
1160 1312 1267 1399 puicu·

142 1413 232 1494 bium,
255 1413 311 1481 sed
333 1414 438 1497 euque
461 1414 599 1498 exemplo
621 1413 801 1498 persuaderi
824 1413 882 1480 sibi
910 1413 1066 1499 flagiteui.
1107 1411 1222 1498 quibus
1246 1416 1267 1481 si

140 1508 394 1600 respondebimus
417 1535 483 1584 esse
513 1518 663 1595 enimelie
683 1517 818 1603 proiecto
842 1516 1065 1603 corruptibilia,
1090 1517 1164 1601 quie
1187 1514 1267 1585 mcr'·

141 1618 231 1697 belis,
253 1638 332 1703 quse
354 1622 462 1688 temen
484 1620 517 1687 iu
540 1619 651 1687 mediis
674 1621 801 1706 ignibus
824 1621 943 1702 uiuunt,
967 1619 1152 1687 nonnullum
1176 1618 1267 1687 omn

140 1738 240 1804 genus
268 1723 423 1788 uermium
457 1721 490 1788 iu
519 1740 671 1806 equarum
701 1722 874 1790 calidarum
902 1724 1107 1807 scaturrigine
1132 1721 1267 1808 reperiri

140 1841 274 1906 quarum
303 1823 457 1891 feruorem
488 1842 579 1891 nemo
609 1825 737 1910 impune
766 1826 949 1910 contrectet,
980 1825 1051 1892 ilios
1080 1826 1189 1892 eutem
1210 1843 1267 1893 nou

141 1927 244 1994 solum
266 1929 333 1994 sine
356 1928 422 1994 ulle
444 1927 494 1994 sui
515 1924 652 1995 laesione
674 1927 719 1994 ibi
735 1946 810 2007 esse,
833 1929 992 1995 sederim
1009 1944 1267 2013 essenonpesee:

141 2032 197 2095 eui
219 2029 331 2097 uolunt
353 2032 487 2118 credere,
510 2031 538 2098 si
560 2033 721 2099 ostendere
736 2050 797 2099 nen
820 2031 972 2113 ualemus,
995 2033 1061 2112 eut,
1084 2032 1112 2098 si
1134 2030 1267 2100 uslueri·

141 2152 211 2200 mus
233 2125 301 2201 siue
322 2134 422 2201 oculis
444 2135 656 2203 demonstrare
677 2155 727 2201 res
750 2134 833 2219 ipsae
855 2135 922 2200 siue
944 2153 1000 2219 per
1026 2135 1123 2201 iesies
1146 2135 1267 2203 idoneos

99 2303 101 2306 .
141 2236 277 2320 edocere,
301 2256 364 2303 usu
386 2239 463 2305 setis
486 2238 589 2306 edbuc
611 2237 651 2304 ed
674 2238 851 2322 exemplum
873 2256 940 2304 esee
961 2235 1017 2323 rei,
1040 2240 1078 2304 de
1100 2254 1163 2322 qus
1178 2234 1267 2327 quse¹

141 2339 202 2406 siis
232 2342 290 2417 esi,
324 2340 435 2408 eedem
464 2339 650 2408 infideliieie
680 2340 880 2420 contenderi,
914 2340 988 2424 quie
1016 2337 1098 2406 beec‘
1121 2338 1267 2407 euimulie

141 2461 200 2508 uec
221 2460 345 2526 semper
367 2441 482 2509 uiuunt
504 2444 536 2508 st
558 2441 591 2508 in
618 2441 683 2507 illis
699 2440 872 2508 feruoribus
888 2441 956 2507 sine
972 2439 1130 2508 doloribus
1144 2441 1267 2509 uiuunt

141 2562 216 2610 suec
253 2545 365 2629 quippe
402 2548 532 2611 neturus
569 2543 823 2612 conuenientibus
865 2545 1051 2629 regebantur
1088 2543 1172 2624 illis,
1211 2563 1267 2611 neu

142 2637 319 2713 crucientur
333 2647 516 2733 elementis3
539 2649 628 2732 qussi
644 2666 706 2714 non
727 2647 938 2716 incredibilius
955 2647 996 2737 sit¹
1019 2649 1159 2731 uegeteri
1176 2666 1267 2731 quem

141 2750 273 2818 cruciari
306 2749 423 2817 delibus
456 2750 559 2817 rebus.
598 2749 741 2817 mirabile
763 2757 812 2818 esi
835 2749 919 2817 enim
941 2750 1044 2840 dolere
1078 2750 1112 2815 in
1145 2749 1267 2835 ignibus

143 2857 175 2921 et
197 2853 302 2920 iemeu
326 2853 442 2933 uiuere,
472 2855 526 2919 sed
548 2853 725 2921 mirabilius
747 2854 853 2919 uiuere
874 2854 908 2919 iu
930 2853 1054 2938 ignibus
1076 2871 1134 2920 uec
1156 2852 1267 2921 delere

140 2957 169 3024 si
190 2958 248 3024 boc
269 2960 373 3024 eubem
398 2957 546 3037 creditur,
570 2975 626 3024 cur
647 2975 707 3023 nou
730 2957 761 3022 ct
782 2956 886 3023 illud?

194 3247 208 3301 1
234 3261 296 3316 cap.
319 3245 421 3302 CXLII
448 3245 473 3300 T
499 3244 558 3301 cul
586 3261 615 3312 υς
641 3260 717 3300 eum.
741 3260 793 3300 cm.
819 3244 873 3300 GP
1006 3244 1040 3298 10
1066 3245 1094 3297 in
1122 3242 1187 3298 TV:
1218 3257 1267 3298 ose

140 3347 158 3386 e
267 3331 365 3386 uiuent
393 3330 457 3386 TV:
486 3333 625 3387 uiuunic
735 3330 772 3400 11Ι
791 3330 969 3398 sceburriginc
996 3330 1032 3383 T:
1062 3329 1267 3400 scaturriginem

141 3414 208 3472 MV
232 3418 401 3472 eceturineu
498 3417 626 3488 repperiri
643 3415 708 3472 MV
806 3417 839 3470 12
857 3417 966 3485 impune
986 3421 1024 3481 (m
1040 3433 1059 3470 a
1074 3418 1141 3470 ned
1158 3416 1267 3486 ierac]

144 3502 171 3557 Τ
266 3503 300 3559 13
318 3503 465 3559 lesioueV
567 3504 601 3560 14
618 3501 723 3557 credere
742 3503 805 3558 TV:
832 3502 898 3557 heec
914 3503 1054 3557 crederes
1152 3502 1187 3557 16
1204 3502 1267 3559 sebi

141 3586 215 3643 MVc
244 3586 313 3644 setis
336 3606 394 3645 esec
417 3591 485 3647 PTe
587 3590 675 3646 adhuc
698 3590 810 3658 scripsi:
836 3588 871 3643 ed
893 3589 945 3644 hec
969 3589 1034 3643 MV
1060 3588 1110 3644 hec
1133 3589 1203 3645 Pus

141 3671 177 3726 ed
193 3672 301 3729 Puer:
328 3690 378 3729 cere
396 3675 433 3730 Μ
518 3693 576 3739 esee
592 3675 670 3732 MV:
697 3690 748 3730 ene
767 3674 836 3731 PTu
922 3675 954 3729 17
972 3679 1013 3730 eet
1031 3674 1082 3730 Vc:
1109 3690 1160 3753 cere
1180 3676 1207 3730 T

140 3758 334 3814 infidebtetem
361 3761 388 3815 T
504 3762 672 3819 centendunt
697 3777 715 3817 e
839 3760 969 3816 epimelis
1000 3760 1053 3816 Vc:
1088 3760 1118 3816 in
1143 3761 1267 3818 euimelis

144 3844 171 3900 Τ
256 3846 289 3900 18
306 3846 500 3905 feruoribue'l'
590 3846 733 3903 subolere
756 3846 794 3902 V:
820 3846 909 3901 dolore
928 3848 954 3902 T
976 3847 1106 3902 durerec
1192 3848 1228 3902 22
1245 3853 1267 3904 ei

140 3931 398 4070 Yon-ivibus]
417 3949 502 3992 me
610 3934 699 3990 dolere
720 3932 775 3988 Vc:
801 3931 943 3989 dclereT
1051 3933 1086 3988 23
1107 3935 1200 3990 eutem
1223 3935 1267 3992 bes

166 4032 184 4071 u
