2760 4814
307 549 472 619 Enoerpta
488 565 526 603 ex
543 565 613 620 opp.
632 548 658 604 S.
677 551 867 620 Augustini
893 551 961 608 cvl.
1137 524 1201 621 379

64 742 226 823 pertinens
250 741 290 806 ad
313 739 460 823 spiritum
483 741 627 805 sanetum
649 741 777 822 propter
799 740 1093 820 sanctificationem,
1122 761 1201 826 quae

63 844 167 927 prima
189 844 223 908 in
246 842 376 909 sabbato
398 842 517 925 sonuit3
551 842 633 925 quod
663 844 752 908 uobis
775 841 867 926 paulo
891 848 964 909 ante
987 843 1200 928 uehementer,

62 952 219 1030 quantum
237 947 405 1029 potuimus,
427 947 725 1012 oommendanimus.
758 946 833 1012 huie
853 947 1018 1030 praecepto
1042 949 1202 1014 conburia

63 1051 246 1133 inquietudo
279 1050 313 1115 in
346 1049 465 1114 museis
492 1047 532 1113 de
564 1049 761 1131 corruptione
794 1048 1004 1123 nasoentibus,
1040 1050 1073 1116 in
1096 1051 1201 1116 oeulos

40 1151 269 1218 eirrnentibus.
307 1153 377 1217 ideo
405 1152 437 1217 iu
469 1151 527 1217 boo
555 1150 650 1216 tertio
681 1152 770 1236 signo
792 1150 969 1218 defecerunt
991 1155 1045 1235 qni
1067 1153 1201 1220 unitatis
1232 1212 1259 1239 ¹„

63 1255 187 1320 inimici
220 1254 371 1339 spiritum
405 1254 548 1319 sanetum
582 1272 644 1320 non
677 1253 870 1330 habuerunt;
908 1252 986 1321 iaoit
1023 1255 1108 1320 euiuu
1140 1256 1202 1320 hoo
1223 1240 1258 1276 ·“’·

63 1359 198 1440 spiritns
228 1361 355 1424 sanetus
377 1375 484 1442 poena
523 1357 608 1424 aliud
632 1359 716 1423 euim
738 1356 816 1423 iaoit
837 1357 951 1443 gratia,
974 1357 1062 1424 aliud
1083 1376 1201 1442 poena3

64 1463 150 1529 alind
182 1462 268 1527 euim
297 1461 375 1527 fauit
396 1461 564 1546 implendo,
595 1461 681 1527 aliud
703 1463 882 1528 deserendo.
921 1462 1054 1545 denique
1076 1461 1200 1528 utiam

64 1565 227 1631 euidenter
250 1563 473 1631 confitentibus
496 1564 572 1648 ipsis
587 1564 760 1631 Pharaonis
782 1565 884 1652 magis
903 1555 1069 1649 agnoscere
1092 1564 1200 1630 ualea-

30 1687 146 1752 somne,
170 1669 325 1752 quomodo
348 1667 526 1753 appellatus
548 1668 649 1732 estin
673 1667 834 1752 euangelio
856 1666 986 1751 spiritus
1009 1666 1069 1745 dei,
1093 1667 1201 1733 uidea-

63 1788 136 1836 mus
160 1769 244 1853 quod
265 1786 377 1834 nornen
397 1769 528 1852 aceepit.
559 1769 728 1836 obicientes
751 1769 876 1835 domiuo
899 1769 1076 1835 conuicium
1092 1769 1202 1835 Iudaei

64 1891 137 1938 cum
159 1871 328 1939 dixissent:
351 1871 415 1937 hic
437 1890 511 1936 non
534 1870 633 1938 eicit
655 1874 861 1938 daemonia
883 1874 960 1938 nisi
982 1873 1023 1937 in
1046 1873 1202 1939 Beelze-

62 1975 158 2053 bub,
190 1977 373 2060 principe
396 1975 713 2052 daemoniorum,
737 1975 897 2058 respondit
918 1976 990 2041 ille:
1013 1979 1047 2044 si
1069 1995 1138 2061 ego
1159 1977 1201 2042 in

64 2079 220 2163 spiritu
253 2079 314 2145 dei
349 2078 455 2144 eicio
489 2079 706 2154 daemonia,
743 2079 852 2144 certe
883 2082 1124 2162 superuenit
1162 2082 1200 2144 in

30 2182 183 2248 anobis
205 2201 370 2266 reguum
393 2182 468 2248 dei.
515 2182 597 2265 quod
619 2181 701 2247 abus
723 2182 919 2266 euangelista
941 2184 986 2248 sio
1009 2185 1137 2248 narrat:
1169 2184 1203 2248 si

63 2304 135 2370 ego
157 2286 198 2350 in
228 2286 359 2371 digito
382 2287 443 2352 dei
466 2286 567 2351 eioio
589 2284 805 2350 daemonia.
843 2285 925 2368 quod
955 2284 1035 2351 alius
1065 2305 1203 2371 euange-

63 2390 143 2455 lista
165 2388 247 2455 dixit
265 2389 414 2476 „spiritns
429 2387 497 2454 (1θία
516 2388 598 2455 alius
621 2374 704 2453 dixit
724 2387 861 2476 „digitus
879 2386 961 2456 dei“.
985 2407 1056 2473 ergo
1070 2389 1200 2472 spiritns

63 2492 114 2558 dei
146 2490 267 2576 digitus
297 2492 357 2559 dei.
397 2493 465 2557 ideo
495 2491 544 2557 lex
573 2492 649 2557 data
677 2493 796 2574 scripta
824 2491 924 2575 digito
948 2491 1015 2567 dei;
1050 2509 1129 2575 quae
1151 2491 1201 2555 lex

65 2595 142 2661 data
173 2595 223 2660 est
252 2596 285 2659 in
315 2598 422 2661 moute
446 2593 521 2661 Sina
553 2595 810 2683 quinquagesimo
843 2595 894 2662 die
923 2598 994 2678 post
1016 2594 1201 2663 oeoisionem

31 2698 136 2764 roonis
168 2697 328 2765 celebrato
354 2699 469 2783 pascha
495 2699 649 2783 apopulo
671 2696 868 2766 Iudaeorum.
908 2697 1081 2783 implentur
1111 2698 1203 2780 quin·

64 2802 222 2888 quaginta
244 2800 308 2868 dies
331 2807 402 2886 post
422 2801 608 2867 oooisionem
631 2800 699 2868 ouis
721 2802 754 2867 et
771 2800 863 2866 datur
886 2802 937 2866 lex
958 2801 1077 2891 seripta
1097 2799 1198 2886 digito

63 2906 133 2971 dei:
166 2904 341 2988 implentur
362 2904 593 2989 qninquaginta
623 2905 690 2970 dies
720 2909 791 2988 post
821 2905 1007 2970 occisionem
1030 2900 1145 2970 Christi
1168 2906 1201 2968 et

68 3009 157 3073 uenit
179 3009 309 3092 spiritus
332 3009 470 3073 sanetus.
510 3007 628 3093 gnatius
650 3007 776 3074 domino
799 3008 972 3075 ooeultanti
992 3006 1202 3090 prouidenter,

68 3109 224 3195 aperienti
254 3111 403 3178 suauiter.
441 3112 505 3177 iam
535 3110 641 3178 uidete
664 3110 721 3177 hoo
745 3111 851 3189 etiam,
883 3111 1005 3188 fratres,
1033 3109 1204 3176 Pharaonis

34 3232 176 3299 ernagos
200 3213 434 3280 euidentissime
457 3214 613 3299 confiteri3
636 3214 812 3281 definientes
834 3217 866 3281 in
889 3215 982 3280 tertio
1006 3217 1095 3299 signo
1117 3213 1201 3278 dixe·

65 3322 157 3383 runt:
181 3316 337 3400 digitus
359 3317 421 3382 dei
445 3321 504 3383 est
525 3316 599 3383 hio.

170 3548 206 3602 12
223 3547 326 3603 natan.
345 3547 388 3614 12,
405 3548 440 3601 ‘24
452 3548 526 3602 etas
618 3548 651 3602 15
669 3548 732 3601 Luo.
754 3549 796 3613 11,
814 3546 848 3601 20
940 3545 975 3601 26
993 3545 1135 3610 baala

116 3765 134 3819 4
161 3764 286 3817 oonlieo
389 3762 406 3815 5
433 3758 603 3815 inruentibus
637 3761 662 3816 Τ
766 3762 783 3815 9
807 3761 874 3830 ipsis
898 3758 1089 3814 oonfltentibns
1117 3760 1142 3813 Τ

69 3849 199 3917 pharaoni
223 3848 249 3902 V
347 3846 468 3903 memus
493 3846 518 3901 Τ
619 3847 652 3903 12
675 3846 821 3908 beelsebub
839 3847 893 3902 To:
918 3844 1053 3908 ·belsehnb
1070 3844 1137 3902 MV

70 3936 101 3991 13
122 3935 271 4006 prinoipem
297 3932 363 3988 MV
464 3934 498 3988 15
521 3935 631 3988 enanat
657 3934 683 3989 Τ
784 3933 817 3987 li
840 3933 922 4004 rhus]
946 3932 1017 3988 alius
1034 3931 1202 4000 euangelista

69 4041 84 4077 e
181 4023 216 4078 19
233 4037 302 4094 syna
317 4039 336 4078 o
429 4021 685 4091 quinquagesimus
780 4021 952 4081 ooeissionem
972 4021 1007 4076 1¹
1036 4021 1199 4076 suessionem

66 4141 82 4181 2
166 4109 202 4166 w
219 4124 335 4179 passo
421 4109 453 4163 21
473 4107 563 4178 datur]
576 4107 643 4162 deta
653 4111 696 4162 est
710 4124 729 4163 a
817 4106 1079 4177 seripupseribture
1099 4105 1134 4161 T¹
1189 4154 1194 4162 .

66 4197 98 4253 22
114 4194 333 4266 impiobsntnro
427 4193 461 4248 23
478 4193 598 4263 domino]
616 4192 698 4250 daeo
790 4193 826 4249 11
842 4193 1013 4262 pharaonis
1104 4193 1139 4247 26
1158 4193 1208 4247 hio

69 4286 140 4338 ets
1175 4301 1177 4307 ⁴
