2760 4814
402 514 410 525 ’
482 522 723 591 Excerptorum
741 524 904 592 capitula.
1241 530 1258 591 ‘t'

216 715 255 780 id
274 719 324 779 est
340 713 406 798 deo,
423 711 585 788 inhaerere
601 712 737 777 mentem
753 713 862 776 doceat
876 731 1013 796 quaeque
1029 716 1124 780 uariis
1140 717 1256 781 morbis

218 817 352 883 diuersa
375 817 582 900 congruenter
609 813 771 879 doctrinae
794 815 929 880 medella
950 834 1133 882 succurrens
1156 819 1257 884 omui·
1343 827 1348 838 '

217 923 284 986 lius
309 923 406 986 etiam
430 917 638 984 communiter
655 916 786 983 clamat:
811 917 939 984 nolite
962 920 1132 1004 diligere
1155 942 1255 988 mun-

219 1025 328 1104 dum3
363 1027 394 1087 et
417 1021 555 1105 qualiter
589 1020 721 1085 ecclesia
754 1022 911 1106 gentibus,
944 1022 1122 1102 haereticis,
1158 1026 1256 1091 schis-

221 1126 351 1191 maticis
374 1129 467 1207 atque
484 1121 610 1188 Iudaeis
633 1127 751 1188 utatur.
776 1143 811 1187 ex
834 1123 915 1189 libro
938 1129 974 1190 de
997 1144 1072 1191 uera
1094 1127 1254 1210 religione.

221 1230 277 1294 20.
302 1229 401 1309 Quam
425 1245 561 1311 congrue
584 1226 763 1293 homiuibus
786 1228 940 1310 sapientia
959 1228 1009 1291 dei
1031 1227 1174 1294 Christus
1198 1231 1255 1296 hu·

221 1333 378 1397 manitate
399 1331 591 1404 subuenerit,
617 1332 669 1412 qui
692 1333 785 1395 natus
808 1332 951 1405 matrem,
975 1349 1068 1412 quam
1087 1333 1126 1396 ad
1150 1335 1256 1398 turbas

221 1436 353 1517 loquens
377 1436 410 1499 et
428 1435 468 1499 ad
491 1453 604 1517 aquam
626 1437 660 1498 in
683 1433 793 1498 uiuum
816 1433 1000 1498 censendam
1024 1438 1195 1517 negauerit‚
1219 1440 1256 1503 de

222 1557 314 1603 cruos
338 1537 497 1620 cognitam
524 1537 677 1619 discipulo
709 1536 951 1612 commendarit3
987 1536 1075 1601 cuius
1098 1539 1165 1603 tota
1188 1539 1256 1605 uita

224 1639 393 1723 disciplina
415 1658 536 1704 morum
560 1639 664 1716 fuerit,
689 1640 735 1704 ita
756 1641 794 1704 ut
811 1639 936 1703 nullum
959 1642 1124 1720 peccatum
1140 1641 1254 1707 admit-

222 1748 318 1825 tatur,
354 1743 416 1808 uisi
450 1740 525 1806 dum
557 1744 613 1806 aut
646 1743 836 1824 appetuntur
877 1758 954 1824 quae
994 1744 1162 1807 contemsit
1200 1751 1254 1809 aut

224 1847 389 1931 fugiuntur
411 1865 490 1928 quae
512 1846 567 1910 ille
589 1846 755 1921 sustinuit;
780 1848 811 1909 et
827 1844 980 1909 demodis
997 1845 1156 1910 doctrinae
1174 1848 1251 1911 eius.

222 1971 260 2014 ex
283 1950 362 2014 libro
386 1949 625 2031 suprascripto.

221 2053 274 2118 21.
298 2054 414 2135 Arguit
436 2052 645 2133 uoluptuosos,
669 2052 814 2128 curiosos,
837 2053 994 2135 superbos
1018 2051 1150 2136 siugulis
1166 2070 1250 2119 com·

222 2161 365 2239 petentes
379 2160 490 2241 aptans
505 2154 783 2238 concupiscentiam
799 2156 902 2220 carnis
919 2156 950 2219 et
966 2155 1250 2237 concupiscent-iam

222 2260 381 2324 oculorum
406 2264 438 2323 et
459 2258 662 2325 ambitionem
685 2258 779 2337 uitae,
804 2277 882 2341 quae
902 2260 962 2324 tria
978 2262 1008 2323 in
1033 2261 1151 2342 triplici
1175 2280 1251 2344 quo·

222 2383 281 2446 que
308 2365 492 2427 temtatione
519 2381 573 2444 per
602 2364 759 2426 auctorem
792 2363 878 2427 uitae
915 2361 1054 2426 cauenda
1077 2367 1251 2431 monstrata

224 2468 308 2531 suut.
342 2485 378 2531 ex
400 2465 481 2530 libro
508 2483 602 2548 supra
623 2469 748 2549 scripto.

223 2571 274 2636 32·
298 2568 384 2649 Quod
414 2569 526 2634 melius
549 2571 591 2634 sit
614 2568 652 2633 ab
675 2568 800 2634 homine
822 2587 917 2650 quam
941 2587 959 2632 a
981 2569 1059 2634 uitio
1092 2571 1190 2654 uinci3
1220 2574 1251 2635 et

223 2675 305 2758 quod
335 2673 474 2737 carnales
508 2672 753 2738 necessitudines
788 2690 848 2736 nou
883 2674 946 2737 sint
978 2673 1145 2738 carnaliter
1178 2674 1250 2739 dili-

224 2777 352 2860 gendae,
382 2776 437 2842 sed
460 2794 531 2840 cum
553 2776 695 2841 omnibus
718 2791 795 2857 quos
818 2777 936 2858 pariter
951 2777 1020 2858 quis
1037 2775 1143 2860 diligit
1158 2780 1251 2861 prod-

224 2898 289 2946 esse
321 2898 384 2945 non
416 2880 529 2963 possit,
571 2880 631 2944 nisi
666 2878 932 2944 coniunctioribus
965 2880 1109 2961 prodesse
1149 2881 1251 2963 malit,

223 2986 360 3049 iniustus
383 2984 434 3051 sit.
470 3004 506 3050 er
528 2983 606 3050 libro
630 2983 737 3048 eodem
759 2982 797 3046 de
819 2998 893 3045 uera
915 2980 1075 3065 religione.

223 3087 274 3153 m
297 3088 384 3170 Quod
413 3088 463 3154 dei
493 3090 540 3153 lex
569 3088 633 3152 alta
660 3086 813 3169 quaedam
840 3084 1004 3167 disciplina
1031 3086 1082 3169 sit,
1113 3105 1189 3170 quae
1219 3108 1250 3153 ss

226 3211 312 3257 nosse
336 3190 585 3257 desiderantibus
603 3193 764 3275 geminum
779 3189 920 3254 ordinem
936 3189 1021 3272 sequi
1045 3193 1139 3271 iubet,
1163 3191 1252 3258 cuius

227 3313 287 3360 una
301 3312 370 3377 pars
386 3296 469 3360 uitae
485 3294 536 3372 sit,
559 3295 662 3360 altera
683 3291 884 3368 cruditionis;
908 3293 941 3355 et
964 3294 995 3357 in
1017 3298 1148 3375 utraque
1163 3298 1252 3377 parte

226 3397 474 3463 adulescentibus
489 3398 543 3462 dat
565 3401 741 3482 praecepta.
773 3413 809 3459 ex
824 3390 905 3458 libro
921 3393 958 3458 de
974 3397 1081 3460 ordine
1104 3397 1251 3462 secundo.

226 3501 387 3583 stocos
415 3518 520 3566 amore
548 3520 581 3565 ee
610 3500 812 3583 sequentibus
844 3499 920 3563 deus
949 3498 1143 3564 auctoritatis
1167 3500 1251 3565 uiam

227 3604 468 3689 septempliciter
489 3605 677 3680 muniuerit3
700 3605 731 3668 et
748 3602 871 3688 exponit
889 3600 968 3667 illud
991 3602 1138 3686 apostoli:
1163 3602 1254 3686 quia

228 3727 347 3791 neque
379 3725 479 3774 mors
513 3726 633 3791 nsque
667 3706 810 3772 ultast
839 3708 940 3770 cetera
973 3723 1154 3788 separare
1187 3722 1254 3771 nos

229 3813 377 3894 possint
398 3830 417 3876 a
438 3812 615 3878 caritate
638 3810 719 3886 dei;
755 3813 787 3874 et
809 3810 891 3892 quod
920 3809 1125 3874 saluberrime
1147 3807 1181 3873 in
1205 3825 1253 3873 ec·

227 3915 320 3983 alesia
341 3917 494 3983 rationem
517 3916 682 4000 praecedat
700 3913 880 3981 auctoritas.
913 3934 948 3978 ex
966 3912 1046 3979 libro
1062 3914 1100 3978 de
1116 3914 1253 3978 moribus

228 4019 372 4086 ecclesiae
395 4019 589 4104 catholicae]

227 4163 244 4217 3
267 4163 433 4224 110.2,15
536 4165 570 4217 29
589 4164 664 4218 Rom
683 4165 708 4229 8,
726 4163 809 4231 eosq.

178 4292 369 4346 tacismaticis
385 4291 412 4347 θ
501 4293 534 4346 10
548 4293 733 4352 amittatan
829 4290 860 4344 15
879 4287 1254 4357 carnisstconcupiseentiam

135 4375 224 4431 adds
239 4393 275 4432 a
290 4393 351 4446 cup.
367 4380 421 4432 21:
441 4377 539 4433 otn.G
630 4381 664 4442 23
684 4399 748 4442 uera
767 4378 884 4447 scripsi:
908 4373 1053 4446 immadi
1147 4373 1181 4426 24
1199 4370 1256 4424 altu

135 4460 224 4516 nG
326 4462 437 4532 tonos]
456 4461 558 4517 nonG
