2760 4814
201 536 265 601 904
686 528 849 597 Eugippii

202 725 330 807 ipsum
365 720 514 786 dicatis
548 737 679 784 ornnes
715 719 754 784 et
787 738 858 784 nou
886 717 969 783 sint
998 717 1038 782 iu
1067 715 1183 783 uobis
1211 714 1324 781 uobis·

202 828 316 891 mata.
361 825 460 907 primo
494 821 578 887 enim
611 822 754 886 dominus
788 822 881 898 lesus,
917 821 999 885 siout
1030 820 1187 902 scriptum
1220 821 1267 884 est
1296 818 1323 882 in

201 929 364 1011 euangelio
386 926 533 991 Iohannis
556 925 697 1007 apostoli,
727 942 790 989 nou
816 925 904 989 uenit
932 923 1115 990 iudicare
1136 925 1321 997 mundun¹

202 1033 267 1097 sed
303 1033 345 1097 ut
379 1031 611 1096 saluaratur
643 1048 708 1111 per
740 1027 865 1111 ipsum
900 1029 1072 1091 mundus.
1112 1031 1222 1108 postea
1248 1043 1320 1099 uero,

201 1135 283 1201 sicut
311 1133 419 1199 scribit
447 1133 603 1216 apostolus
632 1131 757 1209 Paulus,
786 1130 985 1195 iudicabit
1007 1131 1101 1195 daus
1125 1129 1341 1201 muniunt

201 1237 324 1321 quando
346 1238 495 1302 uenturus
518 1236 574 1313 est,
598 1235 681 1299 siout
704 1238 772 1299 tota
794 1232 925 1298 ecelesia
942 1232 973 1297 in
988 1232 1130 1315 symbolo
1154 1232 1317 1311 confitetur,

200 1340 382 1405 iudicare
411 1340 523 1403 uiuos
554 1339 591 1401 et
611 1337 796 1403 mortuos,
842 1337 868 1401 si
890 1353 963 1417 ergo
986 1354 1048 1401 nou
1070 1342 1119 1400 est
1140 1335 1194 1401 dei
1216 1338 1315 1419 gratia.

201 1447 352 1527 quomodo
381 1446 484 1510 salunt
516 1442 691 1506 mundum?
724 1445 755 1506 ot
784 1442 812 1506 si
835 1459 896 1506 non
919 1442 967 1506 est
993 1440 1129 1505 liberum
1151 1440 1315 1506 arbitrium.

202 1548 353 1630 quomodo
376 1546 494 1611 iudicat
516 1542 691 1609 mnndum?

243 1667 390 1732 Prohibet
412 1665 569 1747 apostolus
597 1665 714 1728 dicens:
744 1683 852 1730 nemo
880 1663 1075 1746 glorietur
1097 1662 1137 1728 iu
1159 1663 1339 1732 hominene

201 1773 232 1834 et
260 1771 320 1835 alio
341 1769 424 1833 loeo:
454 1768 519 1850 qui
541 1767 759 1850 gloriatur,
783 1768 822 1832 in
850 1769 1005 1833 domino
1028 1766 1238 1851 glorietur.
1277 1764 1315 1829 illi

200 1892 273 1937 uero
302 1870 451 1936 haeretiei
480 1890 512 1935 se
542 1871 624 1951 ipsos
651 1890 723 1935 ase
753 1872 829 1953 ipsis
850 1870 948 1935 iustos
970 1870 1036 1934 fieri
1059 1873 1219 1952 putantes,
1242 1867 1315 1952 quasi

200 1977 257 2040 boo
279 1977 322 2040 eis
345 1977 419 2040 deus
441 1993 500 2039 nou
523 1973 652 2053 dederit,
676 1975 729 2039 sod
752 1975 813 2057 ipsi
835 1976 904 2051 sibi,
928 1991 988 2038 nou
1010 1973 1120 2056 utique
1142 1974 1175 2038 in
1194 1974 1312 2046 domino,

200 2080 256 2144 sed
283 2079 314 2143 in
344 2081 443 2142 semet
472 2077 548 2159 ipsis
570 2077 754 2160 gloriantur.
799 2078 916 2143 talibus
940 2078 1017 2144 dioit
1039 2078 1218 2162 apostolusz
1244 2074 1315 2159 quis

200 2183 300 2247 enirn
333 2183 371 2245 te
401 2181 624 2245 discernit?
652 2183 731 2263 quod
755 2182 823 2246 ideo
847 2181 932 2257 dicit,
958 2180 1091 2262 quiade
1115 2198 1223 2245 massa
1243 2179 1338 2244 illiusa

202 2284 393 2367 perditionis,
417 2302 493 2365 quae
517 2285 601 2348 laeta
624 2289 672 2348 est
694 2303 728 2348 eu
751 2284 866 2368 Adam,
896 2304 954 2349 non
985 2283 1139 2348 disceruit
1161 2283 1314 2352 hominen.

201 2392 237 2451 ut
264 2406 335 2452 auur
367 2387 462 2451 faciat
492 2406 547 2451 uas
576 2387 610 2450 in
644 2387 802 2462 honorem,
836 2405 896 2451 non
930 2387 964 2452 iu
998 2386 1236 2465 contumeliam,
1266 2382 1314 2448 uisi

202 2492 287 2555 deus.
333 2491 386 2555 sed
416 2491 562 2570 quoniam
590 2490 683 2555 bomo
713 2489 845 2555 earnalis
874 2493 906 2554 et
933 2492 1068 2555 inaniter
1089 2492 1230 2569 inflatus,
1257 2506 1315 2554 nunu

201 2594 353 2659 audisset:
384 2596 471 2676 quis
495 2595 602 2659 enim
624 2598 660 2659 te
687 2594 914 2660 discernit?
945 2598 1049 2675 posset
1070 2595 1256 2677 respondere
1274 2590 1315 2657 uel

202 2714 276 2760 uoce
299 2698 349 2761 nel
367 2697 554 2781 cogitatione
571 2699 733 2763 abdicere:
760 2699 930 2781 „discernit
952 2717 1002 2762 me
1024 2697 1100 2763 fides
1124 2700 1226 2777 mea“‚
1250 2696 1342 2784 „ou-a

201 2800 300 2863 seruit
323 2820 372 2864 me
387 2802 485 2864 oratio
502 2799 603 2880 mea“,
630 2802 797 2879 „disceruit
819 2821 868 2865 me
892 2801 1013 2866 iustitia
1034 2806 1140 2868 mea“:
1164 2821 1236 2867 mou
1256 2820 1318 2884 apo

198 2902 297 2965 stolus
315 2904 448 2967 ouourrit
464 2904 707 2985 cogitationibus
725 2904 790 2967 eius
809 2909 839 2969 et
856 2904 951 2968 dixit:
968 2904 1062 2986 quid
1078 2907 1182 2969 enirn
1199 2906 1320 2973 habes,

200 3004 299 3086 quod
322 3023 394 3069 nou
417 3007 640 3086 accepisti?
663 3008 696 3070 si
715 3013 842 3072 auteur
861 3007 1073 3089 accepisti,
1097 3009 1196 3089 quid
1213 3007 1322 3094 glori·

200 3109 293 3184 aris,
318 3108 432 3189 quasi
455 3128 526 3173 non
550 3109 776 3190 acceperis?
798 3110 843 3175 sio
858 3110 941 3174 enim
957 3110 1143 3192 gloriantur,
1162 3114 1254 3194 quasi
1271 3127 1323 3177 uon

200 3211 383 3293 acceperint,
413 3211 465 3293 qui
494 3230 525 3275 sa
548 3230 567 3275 a
588 3232 620 3275 se
643 3213 719 3293 ipsis
747 3212 910 3277 iustificari
938 3214 1053 3293 putant
1077 3231 1112 3277 ac
1136 3233 1192 3296 par
1216 3215 1275 3281 hoe
1296 3215 1352 3277 ius

199 3315 341 3397 seipsis
365 3315 480 3380 nonin
504 3315 628 3379 nomino
651 3314 834 3398 gloriantur.

242 3434 358 3499 Dicunt
380 3436 516 3518 gratiam
540 3436 590 3500 dei
612 3438 781 3501 seeundum
803 3435 918 3500 merita
940 3437 1045 3501 nostra
1060 3437 1137 3501 dari.
1162 3441 1245 3519 quod
1267 3456 1330 3504 our·

203 3539 274 3601 nino
305 3536 506 3601 falsissimum
536 3543 593 3612 est,
623 3556 683 3601 non
713 3539 786 3620 quia
816 3539 938 3602 nullum
961 3541 1007 3602 est
1029 3538 1179 3603 meritum
1203 3542 1257 3605 uel
1280 3543 1332 3607 bo

202 3659 278 3704 num
307 3641 428 3723 piorum
457 3641 507 3704 uel
538 3640 658 3704 malum
691 3641 876 3723 impiorum
910 3641 1047 3723 alioquin
1071 3643 1227 3723 quomodo
1252 3643 1333 3708 iudi-

301 3887 471 3951 310.3‚1a
565 3888 675 3941 5110111.
694 3888 753 3951 3,6
850 3888 991 3942 lOlCor.
1012 3888 1036 3949 3,
1055 3888 1086 3942 21
1187 3889 1336 3945 lIICor.

205 3971 226 4034 1,
244 3972 277 4023 31
383 3973 415 4025 14
433 3974 471 4039 (et
489 3972 642 4039 aulen.
660 3974 720 4039 4,7

250 4198 396 4254 3iudicare
412 4200 448 4253 l':
478 4206 508 4254 ut
521 4202 691 4257 iudicaretG
720 4176 1117 4271 utiudiret(oaadd.m.2)P
1185 4205 1339 4262 4muudus

198 4299 244 4353 per
262 4283 350 4352 ipsum
370 4284 424 4340 GP
528 4290 559 4341 ll
579 4288 765 4357 gloriatuer
795 4289 929 4357 gloriatur
947 4290 1037 4358 iuquit
1057 4288 1112 4343 GP
1217 4293 1339 4349 13111111

198 4386 252 4425 uon
273 4370 310 4425 V:
339 4385 392 4424 non
411 4371 473 4425 deus
494 4373 548 4427 GP
655 4375 690 4429 24
710 4375 835 4443 aaoiperis
858 4375 883 4426 V
983 4376 1022 4429 uic
1041 4374 1147 4429 G³PV:
1178 4375 1202 4429 si
1224 4377 1266 4432 G¹

196 4456 442 4526 repleremur:
472 4459 590 4526 priorum
608 4461 636 4514 P
735 4459 866 4514 iudicabit
884 4459 912 4530 (b
930 4476 966 4516 eu
983 4478 1000 4514 u
1018 4476 1088 4515 corr.
1107 4476 1142 4513 m.
1160 4463 1190 4528 2)
1209 4462 1242 4516 P
