2760 4814
274 552 439 624 Exoorpta
455 570 492 609 ex
510 569 580 624 opp.
600 553 626 609 S.
645 553 833 628 Augustini
855 555 903 612 XI.
921 557 984 612 XII.
1134 560 1196 628 139

590 797 673 882 ΧΠ

60 965 138 1015 m
163 967 214 1015 DE
238 967 414 1017 nonnemo
432 969 528 1017 LIBRI
546 970 697 1019 GENDSIS.
722 970 924 1021 anclrnvn
942 973 1037 1021 LIBRI
1053 970 1196 1022 (1111111818

502 1072 549 1120 ΑΙ)
571 1073 756 1123 mannaan.

97 1191 213 1260 Omnia
250 1190 358 1258 diuina
389 1193 546 1275 scriptura
577 1193 728 1277 bipertita
763 1197 811 1260 eet
843 1195 1016 1262 seeundum
1045 1194 1078 1260 id
1113 1195 1246 1278 0000121

44 1296 202 1362 oieminue
238 1295 395 1380 signifieat
432 1295 538 1363 dicens
579 1297 714 1364 scribam
756 1299 912 1365 eruditum
947 1299 981 1363 in
1014 1315 1110 1383 regno
1145 1296 1194 1364 dei

60 1400 195 1466 similem
228 1416 294 1463 osee
321 1398 404 1482 patri
428 1397 567 1465 familias
595 1397 766 1485 proferenti
796 1398 834 1466 de
866 1400 1010 1468 thesauro
1034 1419 1088 1466 suo
1111 1419 1194 1467 noua

60 1511 86 1569 et
105 1504 232 1581 uetera,
256 1518 335 1584 quae
358 1502 420 1567 duo
436 1501 532 1568 etiam
547 1500 739 1568 tetamento
754 1503 909 1569 dicuntur.
933 1504 966 1569 in
981 1502 1072 1570 libris
1087 1504 1194 1569 autem

59 1607 202 1673 omnibus
227 1604 346 1671 sanetis
374 1604 491 1670 intueri
514 1608 636 1689 oportet
650 1622 742 1688 -quae
770 1604 815 1672 ibi
846 1608 974 1673 aeterna
996 1607 1192 1687 intimentur,

59 1729 131 1794 qnae
157 1710 247 1775 faeta
269 1709 444 1786 narrentur,
468 1726 547 1792 quae
565 1708 672 1775 futura
686 1707 954 1791 praenuntientur,
979 1729 1057 1793 quae
1072 1711 1192 1796 agenda

35 1813 292 1897 opraeoipiantur
313 1811 364 1877 uel
387 1812 583 1878 moneantur.
615 1812 646 1877 in
670 1810 851 1878 narratione
867 1829 939 1896 ergo
962 1830 1067 1880 rernm
1090 1813 1194 1879 faeta·

58 1936 121 1983 mm
146 1916 312 2001 quaeritur
334 1917 441 1980 utrum
466 1915 572 1981 omnia
593 1914 765 1980 seeundum
789 1913 960 2001 figurarum
976 1915 1193 1983 tantummodo

58 2020 254 2085 intellectum
298 2017 489 2101 accipientur
531 2037 571 2084 an
608 2017 703 2084 etiarn
746 2021 916 2086 seeundum
955 2020 1049 2085 fidem
1087 2038 1192 2084 rerum

55 2127 217 2208 gestarum
241 2121 408 2188 asserenda
431 2123 463 2186 et
485 2121 676 2188 defendenda
698 2123 772 2188 sint.
805 2141 878 2188 nam
901 2142 963 2189 non
988 2142 1055 2190 esee
1077 2122 1192 2206 aecipi-

56 2229 133 2293 onda
164 2225 343 2311 figuraliter
372 2224 477 2291 nullus
505 2224 694 2291 christianus
730 2226 833 2292 dicere
870 2226 996 2293 audebit
1026 2225 1192 2292 attendens

32 2329 236 2415 eapostolum
263 2327 437 2394 dicentem:
465 2328 594 2394 omnia
619 2331 749 2394 antem
772 2330 867 2395 haee
889 2331 927 2394 in
950 2328 1084 2413 figura
1106 2347 1191 2395 oon-

56 2433 265 2519 tingebant
287 2431 327 2495 iu
352 2430 455 2509 illis,
484 2434 516 2496 et
544 2431 626 2497 illud
655 2431 735 2514 quoi
759 2431 791 2496 in
814 2431 928 2502 Genesi
951 2430 1103 2516 seriptum
1126 2432 1190 2496 eet:

55 2539 88 2602 et
109 2539 236 2602 erunt
257 2535 331 2602 duo
353 2537 392 2600 in
415 2552 532 2599 earne
555 2553 644 2613 una,
674 2553 825 2620 magnum
848 2536 1083 2600 sacramentum
1105 2550 1190 2599 eom·

54 2639 259 2706 mundantem
286 2639 320 2703 in
343 2635 468 2704 Christo
498 2638 530 2703 et
557 2638 591 2703 in
619 2638 759 2704 eoeleeia.
797 2638 824 2702 ei
848 2656 920 2723 ergo
943 2638 1076 2720 utroque
1097 2637 1190 2703 modo

54 2743 110 2809 iila
131 2741 297 2824 scriptura
318 2743 485 2810 scrutanda
506 2745 562 2822 est,
587 2742 739 2827 quomodo
762 2741 884 2808 dietum
901 2744 949 2806 est
971 2743 1095 2824 praeter
1111 2740 1189 2807 alle·

28 2849 195 2931 »genitam
218 2844 499 2931 signifieationem:
523 2846 562 2911 in
582 2845 781 2930 principio
802 2844 901 2910 fecit
923 2844 1016 2910 dene
1039 2843 1191 2910 eaelum

54 2952 91 3015 et
113 2951 291 3014 terram?
312 2953 419 3015 utrum
437 2949 471 3015 in
492 2950 642 3034 principio
665 2949 825 3031 temperis,
849 2967 890 3013 au
906 2948 978 3031 quia
999 2947 1099 3030 primo
1122 2967 1191 3013 om·

53 3054 155 3138 nium,
177 3071 221 3119 an
241 3052 276 3117 in
297 3051 456 3138 percipio,
481 3054 564 3138 quod
587 3053 787 3121 eot'uerbum
811 3051 860 3117 dei
882 3051 1062 3135 unigenitus
1084 3049 1192 3115 filius?

55 3158 85 3222 et
106 3155 266 3241 quomodo
287 3155 386 3240 possit
408 3155 528 3222 ostendi
556 3156 649 3221 deum
671 3155 739 3220 sine
768 3153 834 3220 ulla
867 3153 915 3218 sui
949 3151 1191 3216 commutatione

54 3257 178 3343 operari
208 3255 375 3323 mutabilia
396 3259 428 3323 et
450 3255 660 3341 temporalia?
690 3262 721 3322 et
744 3255 819 3340 quio
849 3252 1044 3340 signifieetnr
1066 3254 1192 3320 nomine

24 3362 212 3428 aceolum
236 3364 274 3426 et
295 3363 458 3438 terram,
485 3361 593 3426 utrum
623 3359 774 3443 spiritalis
797 3355 1027 3442 corporalisque
1051 3360 1193 3422 ereatura

162 3543 459 3612 remmam
556 3543 812 3609 rummw1
910 3541 1125 3610 ewam

57 3630 355 3701 mammam

106 3803 124 3857 2
150 3800 316 3872 Principium
341 3800 406 3856 libri
429 3801 522 3872 (primi
546 3800 683 3868 00111.Βῆ
707 3801 740 3856 de
763 3803 855 3872 genesi
876 3802 910 3857 ad
933 3802 1055 3857 litteram
1080 3800 1194 3868 upum

56 3892 83 3943 et
98 3888 173 3959 quod
190 3891 236 3957 osse
253 3885 282 3942 (11
299 3886 488 3960 eupiorebetur
506 3903 556 3960 sup
572 3903 655 3960 equus
672 3886 737 3943 odd.
757 3889 785 3942 P
891 3888 909 3943 4
934 3887 1066 3957 bipertita
1086 3887 1124 3942 θ’

57 3973 370 4032 omnimo-op
500 3975 668 4032 Gnequ
802 3973 935 4030 iontem
962 3974 1193 4043 aMP'oopr.

59 4080 128 4119 nera
232 4061 251 4115 8
275 4059 412 4126 omniun·
433 4059 459 4116 V
485 4064 513 4126 (u
529 4067 596 4138 roo.)
703 4062 720 4116 9
744 4063 890 4116 narrantur
916 4058 953 4116 θ’
1058 4060 1092 4115 10
1109 4059 1195 4113 moni·

58 4152 139 4204 ntur
164 4146 248 4204 ΒΨ
363 4147 395 4202 11
422 4146 499 4201 toute
524 4157 598 4217 modo
626 4149 702 4214 ΒΘ·
817 4146 850 4201 15
875 4144 940 4200 haee
966 4148 1058 4200 autem
1088 4143 1125 4201 θ’

60 4233 91 4287 lo
107 4230 295 4298 1110100010)
316 4230 343 4285 Τ
423 4231 509 4300 goniei
524 4237 554 4297 D
642 4239 680 4302 18
699 4231 841 4292 ecelesiam
858 4229 982 4286 e¹e¹P¹
1073 4230 1106 4286 19
1124 4246 1197 4284 seru·

59 4317 146 4373 hd!
160 4316 203 4372 Β*
303 4314 465 4384 lfflgtm'etm
482 4317 511 4371 D
532 4336 702 4425 *meorum
727 4320 767 4380 θ’
863 4317 898 4373 22
914 4318 942 4370 in
964 4333 1035 4376 erat.
1052 4318 1084 4371 in
1103 4315 1131 4370 P

58 4398 505 4472 ammomum?
787 4400 1203 4464 aeeonoooomonop

58 4486 95 4542 To
194 4487 414 4542 utrum-temo
429 4497 468 4537 ooo
483 4498 519 4564 q,
533 4443 608 4529 (ΨΜ
638 4443 660 4489 ⁹
