2760 4814
160 301 326 372 Erecrpta
345 318 381 355 cx
398 318 467 370 opp.
488 302 514 354 S.
533 301 723 370 Augustini
746 299 955 356 ccnxxvmr.
1070 306 1133 370 893

10 498 25 561 1
53 492 258 577 pertinaciam
282 493 418 558 nondum
443 491 564 573 uicerit,
595 490 676 556 alius
705 509 778 557 uero
806 491 905 557 adhue
927 492 1049 574 loquax,
1079 494 1133 557 sed

10 615 58 663 un
76 596 220 680 pertinax
243 595 371 672 nonsit,
394 596 484 659 debet
506 593 561 658 ille
578 593 672 659 huius
687 594 910 677 loquacitatem
925 599 957 660 et
972 597 1031 660 istc
1047 597 1131 663 illius

10 699 214 777 ertinaeiam,
237 699 333 763 donec
355 698 433 764 illud
449 697 482 762 in
497 698 553 762 illo
576 699 609 763 et
631 697 736 762 hocin
759 699 819 763 isto
842 699 976 775 sanetur,
1001 700 1132 764 caritate

10 803 132 869 ortare.
154 821 211 884 par
225 802 338 886 quippe
353 801 521 866 infirmitas
537 803 569 866 in
585 801 705 866 duobus
723 801 751 865 si
767 820 829 867 uno
845 802 968 867 accidat
982 804 1131 886 tempore,

10 908 133 973 >lerare
156 923 189 969 se
213 906 349 970 inuicem
371 923 433 969 non
457 906 572 983 ualent,
604 923 674 969 cum
698 905 863 970 aduersum
888 925 921 970 se
945 907 1131 972 intenditur.

10 1028 72 1075 am
87 1007 238 1073 aduersus
253 1009 389 1090 aliquem
406 1008 535 1073 tertium
552 1011 582 1071 et
598 1007 657 1072 duo
673 1008 745 1073 irati
768 1006 827 1072 sibi
850 1010 1038 1075 conueniunt
1054 1016 1086 1075 et
1099 1030 1133 1075 sc

10 1114 143 1189 >lerant
166 1130 355 1195 quamquam
377 1131 432 1177 nec
453 1111 584 1177 tolerare
602 1130 634 1175 se
657 1110 793 1176 inuicem
815 1111 954 1198 <dicendi
971 1114 1054 1192 sunt,
1077 1113 1132 1178 sed

10 1216 104 1283 otius
127 1234 161 1279 se
183 1214 337 1299 inuicem>
364 1214 525 1281 consolari.
556 1215 636 1279 sicut
659 1218 690 1278 et
712 1214 818 1279 tristes
842 1215 879 1279 de
901 1233 933 1279 re
953 1235 1015 1280 una
1030 1218 1131 1298 magis

10 1341 22 1386 e
48 1321 182 1403 portant
197 1322 228 1382 et
251 1318 339 1401 quasi
361 1316 547 1383 incumbunt
569 1316 638 1395 sibi,
663 1335 756 1398 quam
779 1317 805 1381 si
828 1337 906 1382 unus
930 1318 1031 1384 tristis
1051 1328 1131 1404 esset

10 1428 20 1491 t
56 1424 142 1488 alius
163 1424 326 1505 gauderet3
350 1421 377 1485 si
400 1427 507 1487 autem
529 1420 695 1485 aduersum
718 1439 751 1485 se
774 1422 880 1487 tristes
903 1422 978 1500 sint,
1006 1442 1131 1506 prorsus

10 1548 21 1595 e
56 1527 193 1591 tolerare
223 1544 282 1591 non
305 1527 445 1609 possunt.
490 1528 522 1590 et
544 1525 613 1588 ideo
636 1525 670 1589 in
693 1523 785 1589 huius
808 1526 892 1591 modi
914 1526 1132 1592 affectionibus

10 1628 194 1712 recipienda
221 1630 270 1694 est
297 1628 528 1711 aliquantulum
565 1630 635 1710 ipsa
666 1628 838 1711 aegritudo,
862 1630 900 1694 de
923 1647 985 1712 qua
1007 1629 1056 1694 uis
1079 1649 1132 1712 per

10 1753 20 1800 i
46 1733 151 1799 alium
174 1732 309 1811 liberari,
340 1734 371 1797 et
393 1732 439 1796 sic
459 1731 664 1816 suscipienda,
693 1734 730 1797 ut
751 1734 789 1798 ad
818 1732 977 1808 auxilium,
1008 1751 1068 1797 non
1092 1733 1132 1797 ad

10 1834 222 1921 equalitatem
253 1832 398 1900 miseriae
427 1834 546 1912 ualeat,
581 1835 843 1918 quemadmodum
871 1853 904 1899 se
926 1834 1057 1901 inclinat
1078 1838 1131 1918 qui

10 1956 128 2007 lanum
143 1939 258 2003 iacenti
273 1937 414 2020 porrigit.
450 1957 509 2003 non
533 1938 664 2003 enimse
687 1938 809 2019 proicit,
834 1942 870 2003 ut
891 1939 982 2003 ambo
999 1939 1130 2021 iaceant,

10 2046 47 2111 ed
73 2041 221 2106 incuruat
244 2042 358 2125 tamen,
382 2044 418 2106 ut
440 2042 593 2107 iacentem
608 2044 717 2125 erigat.

32 2144 150 2228 Neque
173 2144 240 2210 ulla
261 2164 310 2209 res
333 2143 507 2209 officiosum
530 2144 625 2209 istum
648 2144 788 2209 laborem
809 2144 848 2207 ad
870 2146 1022 2227 portanda
1036 2162 1130 2209 onera

10 2251 132 2317 liorum
162 2248 239 2315 facit
266 2248 400 2313 libenter
426 2248 575 2330 impendi,
603 2248 663 2313 uisi
700 2266 771 2313 cum
793 2248 977 2330 cogitamus,
1011 2250 1128 2331 quanta

10 2370 48 2419 ro
80 2350 171 2417 nobis
201 2352 366 2435 pertulerit
395 2351 548 2417 dominus.
594 2350 667 2415 hinc
689 2350 772 2415 enim
795 2351 964 2416 admonens
987 2352 1032 2416 ait
1054 2369 1127 2433 apo·

10 2454 112 2523 tolus:
144 2454 211 2520 hoc
234 2455 386 2519 sentite
409 2456 447 2519 in
471 2453 584 2519 uobis
606 2455 704 2538 quod
728 2459 764 2519 et
788 2456 827 2518 in
849 2453 1007 2520 Christo
1031 2456 1129 2530 Iesu,

16 2559 63 2625 ui
88 2576 176 2622 oum
198 2558 237 2622 in
259 2558 387 2622 forma
411 2558 471 2623 dei
487 2560 608 2635 esset,
624 2558 893 2640 nonrapinam
908 2557 1130 2623 arbitratus

12 2666 55 2727 st
79 2678 166 2727 esse
184 2679 224 2725 se
241 2661 443 2744 aequalem
466 2660 552 2738 deo,
576 2660 643 2725 sed
662 2663 787 2725 semet
804 2660 936 2742 ipsum
956 2660 1127 2726 exinani·

10 2766 56 2831 ,it
85 2763 251 2829 formam
281 2767 389 2830 serui
412 2763 637 2846 accipiens,
660 2763 698 2827 in
722 2763 991 2829 similitudine
1012 2763 1130 2827 homi-

18 2886 85 2933 um
108 2866 257 2945 faetus,
281 2873 318 2933 et
340 2867 481 2933 habitu
504 2869 693 2933 inuentus
709 2868 876 2933 uthomo
892 2869 1130 2934 humiliauit

14 2971 122 3037 emet
151 2973 295 3054 ipsum,
325 2971 455 3036 iaetus
490 2970 705 3036 oboediens
728 2990 848 3053 usque
881 2972 926 3037 ad
948 2975 1129 3047 mortem,

10 3075 160 3139 nortem
184 3075 311 3138 autem
333 3075 472 3139 crucis.
503 3074 643 3156 superius
658 3076 764 3138 autem
780 3073 917 3140 dixerat:
940 3092 1011 3139 non
1034 3090 1131 3156 quae

16 3194 67 3243 ua
88 3179 182 3241 sunt
214 3176 481 3258 unusquisque
510 3175 782 3255 intendentes,
812 3175 876 3241 sed
904 3195 1004 3260 quae
1034 3176 1130 3242 alio·

17 3296 89 3344 um.
131 3278 204 3343 huic
237 3279 408 3345 sententiae
435 3281 593 3345 conteruit
621 3282 703 3362 quod
732 3279 852 3344 dictum
886 3283 950 3358 est;
983 3296 1057 3344 nam
1085 3280 1131 3343 ita

12 3383 155 3466 equitur:
193 3383 265 3446 hoc
300 3382 453 3447 sentito
485 3384 524 3446 in
558 3382 671 3447 uobis
706 3385 805 3466 quod
838 3384 877 3448 et
907 3383 944 3447 in
971 3381 1130 3448 Christo

19 3503 100 3565 esu,
130 3483 249 3549 adhoc
279 3486 452 3563 dumtaxat,
483 3486 528 3564 ut,
559 3483 819 3566 quemadmodum
848 3484 903 3549 ille
930 3486 962 3549 in
986 3504 1021 3550 eo
1049 3486 1130 3568 quod

10 3586 130 3654 terbum
159 3604 229 3652 caro
258 3586 377 3652 iactum
406 3592 452 3652 est
480 3592 512 3653 et
539 3588 695 3653 habitauit
723 3588 755 3652 in
784 3588 883 3666 nobis,
918 3588 949 3652 et
971 3587 1037 3653 sine
1061 3607 1131 3671 pec·

100 3773 272 3843 aoPhilipp.
292 3775 316 3843 2,
335 3776 418 3844 asqq.
504 3774 538 3829 26
557 3773 676 3843 Philipp.
694 3774 755 3841 2,4
840 3774 872 3829 31
892 3774 979 3828 etlo.
1000 3776 1023 3840 1,
1042 3777 1075 3830 14

49 3946 66 3999 ’1
92 3946 200 4001 dicendi
227 3946 453 4001 sunt-inuicem
475 3962 506 4000 a:
537 3961 587 4000 om.
616 3944 701 4000 GPV
803 3945 835 3999 12
861 3945 1030 4015 suscipienda
1062 3946 1129 4004 GP:

10 4030 182 4102 accipiendas
197 4030 225 4085 V
302 4034 440 4088 letamen
453 4032 520 4087 PV:
548 4034 687 4086 tantuma
767 4032 798 4086 17
810 4031 867 4087 ulla
882 4031 947 4087 GP:
974 4032 1023 4088 illa
1039 4034 1066 4090 V

10 4118 31 4175 Β
47 4117 231 4173 similitudine
246 4118 327 4186 V(ef.
339 4121 403 4187 729,
415 4123 457 4188 8):
482 4118 688 4173 similitudinem
706 4118 760 4173 GP
851 4118 886 4173 16
904 4121 1024 4191 superius
1039 4126 1129 4177 autem

10 4200 37 4257 iz
66 4205 189 4274 superius
212 4204 286 4259 enim
312 4204 366 4259 GP
467 4205 500 4258 27
525 4203 694 4259 intendentes
720 4203 825 4259 G¹PV:
855 4205 999 4261 intendens
1023 4206 1062 4263 θ’

10 4292 28 4345 11
47 4292 77 4345 et
92 4290 160 4361 sine]
179 4290 238 4346 sine
257 4295 336 4357 (crea
356 4293 393 4361 et)
413 4291 440 4345 P
