2760 4814
258 312 425 381 Excerpta
442 327 477 367 ex
496 329 566 383 opp.
585 313 610 368 S.
628 314 816 384 Augustini
839 314 999 373 comm.
1131 319 1194 387 833

57 505 148 568 stum
171 502 220 568 est
242 521 335 585 quam
358 521 428 568 cum
458 502 657 569 innocentem
686 523 816 589 puerum
847 505 978 590 colapho
1001 508 1193 595 percutiunt,

57 608 88 672 si
110 605 232 689 pariter
253 604 489 671 ambulantibus
512 606 700 673 intercurrit.
730 607 784 674 sed
806 608 927 674 bellum
949 611 1005 689 est,
1029 613 1110 693 quod
1131 612 1191 677 ali·

59 710 186 791 quando
221 710 310 791 pueri
344 708 543 774 uindicantur
577 709 762 777 acanibus.
801 729 876 776 nam
909 711 1091 795 plerumque
1128 713 1193 779 tam

62 811 275 895 superst'tiosi
297 816 370 879 sunt
393 813 531 898 quidam,
554 815 591 879 nt
613 814 709 879 etiam
732 833 851 894 canem,
875 816 929 899 qui
951 816 1074 882 medius
1096 814 1193 880 inter-

34 917 196 995 suenerit,
221 914 313 980 ferire
335 917 480 997 audeant,
504 936 565 982 non
587 917 730 1000 impuno;
753 936 888 1001 namque
911 938 930 984 a
951 937 1034 984 uano
1056 917 1194 983 remedio

61 1021 125 1085 cito
149 1019 204 1084 ille
227 1018 386 1084 interdum
408 1037 618 1101 percussorem
641 1037 735 1084 sunm
757 1023 796 1086 ad
817 1039 928 1085 uerum
947 1023 1101 1087 medicum
1115 1021 1193 1086 mit·

61 1124 114 1188 tit.
151 1121 226 1187 hinc
255 1126 328 1186 sunt
359 1121 455 1187 etiam
484 1122 556 1187 illa:
590 1122 687 1186 limen
713 1122 841 1206 calcare,
872 1142 944 1189 cum
971 1124 1043 1190 anto
1066 1123 1193 1188 domum

60 1242 153 1291 snam
175 1226 305 1297 transit;
328 1225 430 1290 redire
454 1225 493 1289 ad
515 1224 644 1303 lectum,
667 1225 797 1309 siquis,
820 1226 894 1291 dum
915 1244 950 1291 se
964 1227 1085 1306 calciat,
1109 1229 1192 1291 ster·

59 1328 239 1405 nutauerit;
268 1327 371 1394 redire
394 1327 531 1407 domum,
556 1328 583 1392 si
606 1329 773 1410 procedens
796 1327 976 1405 offenderit3
999 1347 1069 1398 cum
1092 1330 1191 1395 uestis

20 1451 79 1498 roa
107 1430 257 1498 soricibus
280 1430 411 1514 roditur,
434 1431 506 1514 plus
529 1433 661 1497 tremere
683 1432 858 1515 suspicione
879 1432 978 1498 futuri
1000 1432 1076 1499 mali
1096 1452 1190 1517 quam

59 1552 209 1619 praesens
243 1535 393 1599 damnum
423 1533 537 1599 dolere.
582 1533 666 1599 unde
694 1535 774 1600 illud
806 1534 964 1619 eleganter
994 1536 1114 1602 dictum
1144 1544 1192 1603 est

60 1638 206 1715 (latonia,
229 1637 281 1721 qui
304 1655 376 1702 cum
395 1641 476 1702 esset
492 1637 651 1703 consultus
665 1657 684 1703 a
701 1638 845 1720 quodam,
862 1639 916 1722 qui
930 1639 991 1705 sibi
1005 1659 1025 1705 a
1039 1639 1193 1706 soricibus

59 1760 166 1808 erosas
189 1745 303 1828 caligas
325 1743 454 1821 diceret,
478 1744 639 1825 respondit
660 1763 722 1809 non
744 1763 809 1810 esse
830 1744 912 1810 illud
935 1749 1121 1825 monstrum,
1138 1746 1192 1810 sed

58 1865 133 1913 nere
165 1850 340 1913 monstrum
374 1845 551 1912 habendum
584 1845 692 1922 fuisse,
715 1846 744 1912 si
773 1846 887 1913 sorices
916 1865 935 1912 a
964 1848 1073 1932 caligis
1103 1849 1192 1915 rode·

21 1954 181 2019 serentur.

101 2052 212 2138 Neque
233 2053 284 2118 illi
299 2054 338 2118 ab
353 2052 411 2117 hoo
426 2070 539 2136 genere
554 2051 743 2134 perniciosae
758 2052 993 2135 superstitionis
1008 2056 1191 2138 segregandi

57 2162 143 2238 sunt,
167 2159 221 2241 qni
242 2156 431 2240 genethliaci
453 2158 579 2238 propter
594 2155 750 2221 natalium
766 2157 888 2221 dierum
904 2154 1190 2235 considerationem,

57 2281 143 2328 nunc
165 2261 271 2326 antem
294 2261 389 2343 uulgo
411 2258 626 2325 mathematici
649 2258 812 2323 uocantur.

102 2366 206 2447 Quare
235 2365 313 2428 istae
343 2382 464 2447 quoque
491 2361 650 2445 opiniones
674 2362 858 2444 quibusdam
881 2380 986 2428 rerum
1009 2362 1108 2448 signis
1130 2362 1192 2427 hu-

22 2488 154 2539 aomana
169 2467 400 2553 praesumtione
415 2466 572 2533 institutis
589 2465 628 2530 ad
645 2465 756 2532 eadem
771 2465 828 2530 illa
842 2465 931 2549 quasi
946 2466 1100 2549 quaedam
1115 2483 1188 2531 cnm

58 2570 266 2639 daemonibus
286 2571 381 2653 pacta
402 2574 434 2635 et
456 2569 612 2636 conuenta
633 2568 814 2634 referendae
829 2570 912 2634 sunt
938 2569 1013 2634 hino
1030 2569 1113 2633 enim
1128 2568 1190 2646 flet,

57 2677 98 2742 nt
118 2674 240 2741 occulto
263 2675 397 2757 quodam
420 2673 533 2739 iudicio
550 2672 656 2738 diuino
671 2673 775 2755 cupidi
797 2674 953 2739 malarum
968 2692 1072 2738 rerum
1089 2672 1189 2739 homi·

58 2798 114 2846 nes
142 2780 308 2845 tradantur
335 2777 496 2843 inludendi
520 2778 553 2842 et
574 2777 746 2860 decipiendi
768 2793 823 2860 pro
846 2776 968 2843 meritis
991 2775 1190 2841 uoluntatem

57 2900 187 2949 enarum
208 2880 423 2948 inludentibus
446 2897 496 2947 eos
518 2881 612 2963 atque
635 2878 863 2962 decipientibus
889 2878 1189 2963 praeuaricatoribus

23 2986 190 3067 coangelis,
206 2984 318 3068 quibus
333 2985 396 3050 ista
411 2985 519 3051 mundi
532 3002 603 3069 pars
618 2985 743 3049 infirma
757 2984 928 3049 secundum
943 2981 1189 3067 pulcherrimum

57 3090 200 3155 ordinem
222 3108 326 3155 rerum
349 3088 473 3155 diuinae
494 3087 711 3170 prouidentiae
733 3086 803 3172 lege
824 3087 964 3153 subiecta
986 3089 1042 3152 est.
1074 3083 1188 3168 quibus

58 3190 266 3257 inlusionibus
297 3193 329 3256 et
350 3189 589 3272 deceptionibus
612 3189 727 3269 euenit,
751 3194 788 3255 ut
810 3188 882 3254 istis
904 3187 1132 3272 superstitiosis
1155 3188 1189 3251 st

57 3294 239 3379 perniciosis
268 3292 499 3359 diuinationem
523 3293 687 3377 generibus
710 3292 813 3357 multa
834 3292 1004 3376 praeterita
1026 3291 1058 3356 et
1080 3291 1187 3354 lutura

58 3399 204 3464 dicantur
232 3414 288 3460 nec
310 3396 402 3461 aliter
424 3396 576 3474 accidant,
600 3413 695 3478 quam
718 3394 873 3474 dicuntur,
896 3395 1059 3477 multaque
1082 3395 1189 3459 obsor-

30 3497 210 3569 nnantibus
232 3499 402 3564 secundum
423 3499 656 3564 obseruationes
678 3516 749 3563 suas
768 3498 923 3576 eueniant,
948 3495 1061 3580 quibus
1083 3494 1189 3577 impli-

110 3721 352 3775 linnooentnmo
447 3718 558 3787 colapho
577 3717 633 3773 Ge:
659 3717 818 3787 colophoV
912 3716 1079 3773 dmedicum
1097 3730 1189 3770 nerum
1291 3718 1294 3722 '

59 3823 76 3862 o
182 3805 216 3860 10
232 3805 319 3860 futuri
336 3804 402 3858 mali
420 3820 502 3874 qnam
524 3804 560 3858 V:
590 3805 712 3858 futurum
730 3802 840 3873 aliquod
857 3817 938 3872 pero
1040 3802 1075 3857 12
1091 3800 1187 3856 surici·

60 3892 144 3948 buno
249 3891 281 3946 14
304 3891 404 3945 surices
428 3907 446 3945 o
549 3891 581 3945 li
598 3889 762 3958 genethliaci
779 3888 861 3958 quio
962 3887 1188 3943 considerationes

61 3979 106 4035 Gn
209 3978 244 4032 18
264 3982 326 4047 poet
349 3980 479 4033 uocantur
503 3976 568 4033 add.
594 3975 676 4032 opo:
706 3990 768 4029 narn
785 3980 814 4029 et
831 3974 884 4044 ipsi
901 3976 1035 4029 conantur
1052 3973 1189 4029 actionum

59 4066 211 4135 (nacionum
227 4068 255 4130 o)
274 4068 371 4119 onenta
389 4066 482 4131 (senta
501 4063 542 4130 P)
560 4061 709 4131 praedicere
797 4059 829 4114 19
846 4076 929 4130 quare
946 4060 1086 4128 istae-p.
1098 4058 1190 4122 834,ςῖ

723 4145 875 4202 alfletV:
903 4146 972 4201 litu
1057 4144 1189 4200 22ntu:

58 4238 137 4295 sav
235 4237 414 4294 25inllmau

112 4339 207 4397 rma
1052 4334 1087 4391 53
