2760 4814
269 535 437 606 Erearpta
454 551 490 591 ax
508 552 576 607 opp.
595 536 621 592 S.
640 538 827 608 Augustini
845 539 939 596 VIIII.
965 541 1005 595 10.
1161 542 1202 608 91

53 731 136 794 sunt
160 725 383 806 breuissime,
405 745 469 811 qua
490 726 586 794 tertia
608 729 701 811 plaga
716 728 868 810 superbus
884 729 1057 813 Aegyptius
1073 730 1209 813 populus

57 829 266 898 eaedabstnr.
302 829 349 895 ibi
372 832 455 895 oarte
477 829 658 895 defieieutes
680 830 766 913 magi
783 831 942 896 dixerunt:
965 831 1118 914 digitus
1140 832 1201 899 dei

59 940 121 999 est
156 934 244 999 boe.
281 935 365 999 unda
393 937 426 999 et
454 933 598 1019 intellegi
633 934 725 1000 detur
747 952 786 998 na
819 935 902 1018 ipsos
936 933 1063 1018 quidem
1098 937 1203 1001 trans-

60 1054 225 1118 gressores
248 1035 385 1122 angelos,
402 1035 556 1102 aetherias
578 1037 749 1119 potestates
764 1036 795 1100 in
813 1036 910 1102 imam
926 1037 1021 1102 istam
1037 1037 1205 1122 ealiginem

40 1144 232 1223 atnmqnam
253 1139 288 1203 in
311 1139 360 1205 sui
382 1140 504 1221 generis
526 1156 682 1204 uersarem
706 1139 746 1204 ab
769 1139 857 1204 illius
879 1139 1025 1204 sublimis
1048 1139 1207 1206 aetheriae

62 1241 218 1326 puritatis
241 1241 437 1309 habitatione
459 1243 611 1321 detrusas,
634 1261 689 1325 per
710 1260 788 1326 quas
811 1244 952 1327 maginae
968 1247 1050 1308 artes
1072 1245 1207 1325 possunt

63 1344 222 1429 quidquid
248 1351 391 1430 possm,
420 1348 526 1413 ualere
555 1346 674 1430 aliquid
698 1345 760 1412 nisi
784 1349 859 1413 data
881 1348 1014 1429 desuper
1036 1349 1204 1429 potestate.

63 1450 161 1515 datur
193 1451 304 1516 subm
330 1450 383 1516 uel
413 1449 452 1516 ad
475 1449 626 1516 fallendos
649 1449 786 1533 fallaces,
810 1450 893 1515 sient
914 1451 946 1515 in
970 1449 1145 1534 Aegyptios
1170 1451 1207 1515 et

63 1557 95 1620 in
125 1555 212 1639 ipsos
245 1553 343 1618 etiam
378 1569 485 1636 magos
519 1553 595 1619 data
622 1556 679 1632 eat,
713 1556 750 1618 nt
771 1553 806 1617 in
829 1571 936 1618 eorum
963 1553 1133 1636 spirituum
1154 1572 1203 1618 se·

32 1660 215 1725 »ductione
237 1657 421 1722 uiderentur
443 1645 655 1722 admirandis
681 1655 796 1740 quibus
820 1656 940 1722 fiebant
960 1655 1044 1722 adei
1068 1655 1202 1722 dentata

63 1759 255 1844 damnandi3
289 1759 340 1825 uel
369 1759 604 1825 admonendos
637 1758 755 1838 fideles,
788 1779 825 1825 ne
857 1761 924 1825 tale
953 1759 1072 1844 aliquid
1100 1759 1207 1824 faeere

63 1882 119 1950 pro
149 1880 267 1948 magno
301 1863 485 1939 desiderant,
520 1863 757 1947 propterquod
788 1862 885 1929 etiam
915 1863 1004 1929 nobis
1027 1863 1205 1945 scripturae

63 1968 255 2034 anctoritate
277 1968 350 2032 snut
372 1966 510 2049 prodita3
533 1969 583 2032 uel
600 1968 868 2048 adalrammum,
891 1968 1083 2051 probandam
1099 1966 1204 2033 mani-

64 2070 306 2154 festandamque
338 2068 492 2136 iustorum
526 2069 731 2154 patientiam
766 2089 865 2153 usque
894 2073 978 2136 enim
1005 2089 1103 2154 parua
1125 2069 1203 2135 uisi·

32 2174 177 2241 abilium
207 2174 433 2240 mnaemorum
459 2174 600 2256 potentia
621 2174 677 2239 Iob
707 2179 816 2241 seinata
844 2191 923 2258 quae
946 2173 1059 2239 habuit
1081 2173 1201 2250 amisit,

64 2283 95 2344 et
116 2277 201 2344 lilios
225 2279 258 2344 et
279 2277 379 2360 ipsam
401 2278 535 2359 eorporis
557 2278 736 2342 sanitatem.

104 2399 175 2464 Neo
210 2397 278 2463 ideo
310 2399 484 2479 putandum
516 2401 565 2461 est
598 2398 669 2463 istis
703 2397 987 2482 transgressoribus
1017 2396 1201 2481 angelised

63 2505 178 2567 nutum
213 2499 332 2566 seruire
367 2499 449 2566 bane
484 2498 660 2565 nisibilinm
695 2518 800 2566 rarum
835 2499 1018 2578 materiam,
1056 2503 1111 2566 sed
1143 2499 1201 2564 deo

63 2604 179 2688 potius,
211 2620 231 2667 a
259 2620 320 2686 quo
348 2603 426 2670 haee
455 2604 591 2687 potestas
623 2603 726 2684 datur,
758 2603 912 2686 quantum
942 2604 975 2669 iu
1011 2602 1140 2670 sublimi
1170 2605 1201 2668 et

33 2707 205 2792 aspiritali
233 2708 307 2773 aeda
336 2706 603 2773 iucommutabilis
631 2705 760 2772 indieat.
799 2724 872 2771 nam
902 2710 933 2772 at
961 2706 1117 2773 damnatis
1141 2705 1200 2771 ini·

63 2813 134 2895 quis
171 2809 269 2876 etiam
307 2810 340 2875 in
376 2809 506 2877 mebllo
543 2811 640 2876 seruit
676 2826 757 2893 aqna
789 2811 821 2875 st
854 2810 937 2894 iguis
971 2811 1002 2876 at
1036 2813 1130 2888 terra,
1165 2813 1201 2874 ut

63 2914 183 2980 ndat
215 2913 288 2979 inde
321 2913 403 2997 quod
435 2913 566 2999 uoluut3
604 2913 659 2979 sed
693 2913 846 2997 quantum
880 2913 1005 2979 sinitur.
1042 2932 1098 2979 neo
1127 2930 1202 2979 sane

63 3021 222 3082 creatores
251 3016 300 3082 illi
330 3017 406 3082 mali
435 3017 540 3101 angeli
570 3016 691 3084 dicendi
722 3020 806 3090 sunt,
837 3016 910 3099 quia
935 3036 991 3101 per
1020 3016 1093 3083 illos
1116 3018 1201 3102 magi

63 3122 246 3186 resistentes
269 3120 386 3186 iamnlo
408 3117 457 3185 dei
483 3137 573 3186 ranas
597 3123 629 3185 et
655 3120 813 3203 serpentes
843 3120 1000 3206 leserunt3
1035 3121 1201 3186 nonenim

34 3242 116 3290 aeas
149 3223 216 3307 ipsi
249 3226 441 3289 creauerunt.
478 3224 617 3289 omnium
647 3224 762 3306 quippe
796 3241 911 3302 rarum,
945 3241 1024 3305 quaa
1057 3240 1201 3304 corpora·

63 3326 138 3392 liter
158 3324 390 3409 nisibiliterque
412 3327 592 3412 naseuntur,
615 3326 740 3392 oeaulta
755 3328 909 3410 quaedam
932 3326 1054 3392 semina
1076 3325 1110 3391 in
1133 3325 1203 3391 istis

65 3427 225 3514 eorporaia
247 3427 358 3495 mundi
380 3428 473 3495 baina
495 3427 661 3495 elementis
689 3430 799 3496 latent.
837 3429 901 3496 alia
924 3430 1000 3494 sunt
1023 3428 1105 3494 enim
1129 3427 1204 3494 haee

168 3613 348 3676 amala
452 3615 716 3670 ltetlonleta

118 3787 237 3840 laertio
258 3784 294 3840 0¹
398 3787 526 3855 superbos
547 3785 582 3841 T·
686 3785 875 3841 lealebrstur
896 3786 949 3840 (3¹0
1053 3782 1204 3838 deliciantis

67 3871 106 3926 D·
211 3870 229 3926 8
255 3870 313 3942 boa]
336 3873 348 3926 l
373 3871 417 3927 bie
445 3872 483 3927 θ’
584 3872 604 3927 4
629 3871 657 3926 et
679 3877 744 3941 post
771 3872 883 3941 angelos
910 3870 975 3925 add
1001 3871 1040 3926 θ’
1141 3871 1205 3936 post

69 3958 203 4013 atberin
220 3957 284 4012 aad
303 3957 343 4013 P·
359 3958 468 4028 qamda
562 3958 619 4014 ima
636 3958 691 4013 iata
708 3957 749 4012 1)ι
776 3959 951 4013 manifestam
972 3957 997 4010 Τ
1087 3953 1205 4022 ealigine

68 4044 109 4100 b·
197 4043 362 4100 dbnritetls
382 4044 420 4101 0¹
506 4041 987 4118 l'nonposauntpoataliquidadd.
1008 4041 1136 4097 Depre

68 4132 137 4202 tet]
156 4129 205 4186 sed
227 4130 286 4186 DG
389 4133 407 4186 9
428 4134 473 4204 σῇ
488 4133 566 4186 taum
591 4133 618 4191 1·
721 4132 752 4188 11
775 4129 967 4186 ammonendos
992 4128 1017 4183 T
1116 4122 1206 4179 fidelis

72 4215 110 4270 Ι)1
197 4231 249 4271 nae
265 4217 293 4272 Θ
389 4217 423 4273 13
439 4217 627 4296 probandamq3
646 4221 686 4279 Ρ·
784 4217 817 4272 14
834 4215 969 4287 patientia
985 4212 1026 4267 D·
1122 4224 1207 4280 maus

74 4302 98 4357 0
200 4303 236 4359 18
253 4301 356 4358 nudum
374 4302 405 4358 D
505 4302 540 4357 20
560 4309 695 4383 tpirltslle
722 4304 751 4362 T
850 4300 886 4355 22
903 4300 983 4355 nal*
1083 4295 1118 4352 23
1135 4309 1207 4349 eree

73 4389 135 4444 teris
152 4406 170 4445 e
265 4389 303 4445 24
319 4387 471 4444 mittanis
487 4387 528 4442 D·
610 4389 878 4465 „on-areanorum
895 4401 948 4444 om.
969 4385 994 4442 Τ
1089 4382 1125 4438 26
1141 4380 1207 4435 ubl·

74 4473 229 4545 blisum
247 4474 286 4530 1³¹
314 4471 459 4528 emanas
474 4487 520 4527 oe·
534 4476 576 4539 bs
683 4484 722 4550 al
741 4478 831 4537 aaut
847 4487 898 4528 om.
924 4476 962 4545 a*
