2760 4814
322 517 489 588 Excerpta
506 534 543 573 ex
564 534 635 589 opp.
654 519 886 589 §.Augustini
906 520 937 574 V.
1160 524 1201 588 73

54 728 124 774 eum
148 709 313 776 desiderio
339 708 532 790 requiratur;
560 712 592 773 et
615 710 642 774 si
666 710 720 775 diu
743 711 835 792 absit,
860 711 1024 777 contristat
1046 713 1197 778 animum.

54 813 158 890 olux,
186 830 286 894 quam
309 812 392 877 uidit
414 810 520 889 Totis,
543 830 615 877 oum
638 813 753 879 clausis
776 813 846 878 istis
869 815 967 880 oculis
989 814 1091 879 filium
1107 816 1199 879 dooe-

56 917 108 981 bat
129 918 225 981 uitae
256 916 340 981 uiam
363 918 397 981 et
418 918 446 981 ei
469 916 610 998 praeibat
632 918 708 999 pede
731 917 872 984 caritatis
896 937 1051 1001 nusquam
1075 937 1197 996 errans3

58 1028 110 1084 ant
133 1037 238 1101 quam
261 1018 392 1085 uidebat
413 1018 501 1084 lsaao
521 1020 736 1103 praegrauatis
760 1021 794 1084 et
815 1022 930 1103 opertis
953 1024 1113 1086 senectute
1132 1040 1200 1087 car·

40 1125 122 1187 eneis
152 1121 350 1199 luminibus,
384 1139 457 1187 cum
485 1121 567 1187 lilios
597 1141 658 1187 uon
688 1126 884 1206 agnoscendo
919 1124 1115 1207 benedicere,
1147 1125 1200 1190 sed

58 1226 275 1292 benedicendo
297 1243 466 1309 agnoscere
489 1225 619 1303 meruit3
652 1227 707 1291 aut
730 1246 823 1309 quam
846 1229 975 1294 uidebat
997 1227 1103 1304 Iacob,
1127 1244 1199 1292 cum

59 1335 88 1393 et
115 1331 189 1412 ipse
216 1346 292 1411 prae
321 1328 433 1413 grandi
463 1331 565 1393 aetate
594 1331 703 1411 captus
727 1331 827 1395 oculis
849 1332 881 1395 in
905 1330 979 1396 liliis
1002 1331 1201 1412 praesignata

59 1433 159 1498 futuri
184 1433 296 1515 populi
317 1450 434 1517 genera
456 1433 610 1497 luminoso
627 1433 718 1497 corde
741 1434 880 1498 radiauit
894 1438 926 1498 et
948 1432 1114 1514 nepotibus
1137 1435 1200 1499 suis

57 1554 89 1600 er
113 1536 235 1618 Ioseph
260 1536 387 1601 diuenas
410 1535 541 1618 mystice
563 1554 675 1601 manus
700 1554 762 1600 non
784 1537 868 1601 sicut
895 1540 986 1617 pater
1002 1553 1109 1600 eorum
1125 1534 1201 1600 ioris

30 1640 251 1723 acorrigebat,
273 1639 330 1703 sed
346 1639 428 1704 sicut
449 1638 516 1721 ipse
539 1641 625 1704 intus
647 1639 845 1704 discernebat
868 1639 1027 1722 imposuit.
1065 1643 1132 1720 ipsa
1155 1643 1202 1702 est

56 1744 121 1820 lux,
153 1761 220 1808 una
250 1747 298 1806 est
326 1743 359 1806 et
388 1761 486 1807 unum
512 1761 619 1808 omnes
648 1742 702 1824 qui
731 1742 840 1807 uident
863 1744 895 1807 et
917 1744 1025 1807 amant
1047 1761 1128 1808 eam.
1168 1746 1201 1806 at

58 1845 125 1911 ista
147 1845 322 1930 corporalis
345 1847 383 1910 de
406 1865 469 1927 qua
491 1847 637 1929 loquebar
660 1847 852 1912 inlembrosa
878 1865 914 1910 ac
935 1846 1108 1928 periculosa
1130 1843 1201 1909 dul·

58 1952 171 2016 cedine
194 1951 303 2016 condit
323 1950 425 2015 uitam
447 1951 566 2015 saeculi
588 1953 687 2016 caecis
709 1952 909 2016 amatoribus.
948 1969 1020 2014 cum
1043 1950 1147 2013 autem
1171 1948 1202 2011 et

55 2055 96 2118 de
124 2055 198 2137 ipsa
226 2053 355 2118 laudare
384 2057 416 2117 te
445 2058 569 2137 norunt,
599 2056 674 2119 deus
703 2057 822 2120 creator
850 2052 1000 2135 omnium,
1036 2055 1202 2116 assumunt

23 2177 127 2221 ceam
153 2158 187 2221 in
211 2156 327 2239 bymno
350 2159 415 2234 tuo,
439 2176 501 2222 non
525 2159 728 2223 assumuntur
752 2160 790 2224 ab
814 2175 850 2221 ea
872 2158 905 2221 in
927 2174 1036 2221 somno
1060 2173 1130 2237 suo;
1155 2155 1202 2218 sio

56 2281 126 2325 esse
164 2261 265 2343 cupio.
306 2260 418 2324 resisto
451 2260 685 2326 seductionibus
720 2261 890 2338 oculorum,
926 2278 964 2323 ne
1000 2257 1202 2340 implicentur

55 2364 154 2445 pedes
184 2365 248 2428 mei
280 2363 393 2447 quibus
420 2365 577 2448 ingredior
600 2364 686 2429 uiam
708 2365 806 2441 tuam,
840 2367 872 2428 et
895 2363 980 2444 erigo
1004 2364 1041 2426 ad
1064 2361 1096 2424 te
1118 2359 1202 2423 inui-

57 2467 172 2532 sibilee
194 2466 311 2543 oculos,
335 2469 372 2532 ut
393 2469 430 2532 tu
453 2466 568 2533 euellas
590 2469 628 2532 de
650 2467 761 2549 laqueo
784 2469 876 2548 pedes
893 2484 987 2531 meos.
1017 2465 1053 2529 tu
1069 2462 1201 2527 subinde

58 2572 173 2636 euellis
195 2589 266 2654 eos3
300 2589 374 2636 nam
407 2570 637 2653 inlaqueantur.
676 2573 711 2635 tu
740 2589 800 2635 non
834 2587 935 2635 cessas
958 2568 1107 2649 euellere3
1142 2582 1199 2648 ego

28 2675 170 2739 »autem
198 2672 309 2738 crebro
332 2673 444 2739 haereo
466 2671 500 2736 in
521 2672 637 2756 ubique
665 2672 781 2756 sparsis
805 2671 940 2750 insidiis,
969 2670 1116 2753 quoniam
1138 2686 1199 2733 non

60 2775 200 2841 dormies
224 2794 324 2858 neque
346 2774 532 2842 dormitabis
554 2779 608 2858 qui
631 2775 768 2841 custodis
784 2774 918 2840 Israhel.
950 2793 1045 2856 quam
1061 2772 1202 2839 innume·

61 2879 178 2944 rabilia
211 2879 307 2946 uariis
340 2879 462 2945 artibus
493 2884 525 2944 et
556 2879 688 2961 opificiis
722 2879 755 2944 in
790 2876 943 2955 uestibus,
977 2873 1201 2951 calciamentis,

62 2985 146 3047 uasis
169 2984 205 3048 et
228 2983 437 3048 cmnscemodi
459 2982 729 3058 fabricationibus,
753 2982 885 3065 picturis
901 2981 997 3046 etiam
1013 2978 1202 3058 diuersisque

61 3085 226 3169 ignientis
255 3090 349 3168 atque
378 3086 430 3152 bis
457 3105 551 3152 usum
579 3085 789 3153 necessarium
825 3089 919 3168 atque
952 3082 1148 3146 moderatum
1172 3082 1204 3143 et

32 3192 152 3270 spiam
181 3187 444 3272 mgnilimtionem
474 3191 568 3274 longe
597 3188 902 3274 transgredientibus
932 3185 1120 3251 addiderunt
1148 3183 1205 3247 bo·

63 3292 165 3355 mines
194 3290 237 3355 ad
263 3290 438 3357 inlecebrae
466 3292 640 3370 oculorum,
670 3293 753 3358 foras
777 3294 944 3374 sequentes
966 3289 1048 3371 quod
1071 3285 1203 3360 faciunt,

63 3393 152 3458 intus
184 3392 398 3476 relinquentes
421 3412 440 3459 a
466 3411 527 3477 quo
560 3395 639 3461 facti
671 3398 746 3462 sunt
778 3400 810 3462 et
842 3391 1088 3460 exterminantes
1122 3387 1205 3469 quod

166 3595 377 3650 canoas
486 3599 705 3657 casanae
810 3594 1138 3655 serueueram

66 3681 329 3748 mmmmm
432 3683 699 3755 mammo

112 3851 403 3908 amomacum
488 3850 626 3910 tobiaeP
712 3853 1000 3914 lisathisacT
1089 3850 1208 3916 bagnu-

64 3937 210 3993 WD
296 3937 663 4012 ·b⁰¹¹0di⁰⁸1⁰tV¹;trm
783 3939 995 3997 bcumorraT
1092 3935 1208 4002 agran-

63 4025 108 4079 ἂι
126 4025 153 4079 T
253 4026 369 4079 aaron
387 4024 429 4079 D¹
532 4025 563 4080 ll
587 4048 644 4106 sam
670 4051 729 4100 om,
751 4028 807 4085 Gla
911 4025 945 4081 13
968 4023 1038 4092 cum]
1056 4020 1104 4089 qui
1122 4017 1210 4074 DGP

66 4111 104 4165 Te
209 4112 243 4167 14
265 4114 292 4164 te
310 4110 419 4166 laudm
443 4110 472 4165 P
565 4132 717 4208 suumn„
741 4116 785 4177 Ρ*
890 4112 924 4165 15
941 4125 1022 4180 ymno
1045 4107 1087 4162 Ge
1115 4105 1209 4158 bimno

64 4197 92 4250 D
197 4196 227 4250 ll
245 4196 382 4265 mgreohr
399 4194 438 4249 P'
524 4196 673 4309 buitim
698 4203 806 4274 oculus
824 4198 866 4253 D¹
973 4195 1006 4251 18
1024 4194 1057 4247 (le
1073 4191 1210 4247 euobis-

64 4288 150 4337 ura
167 4298 218 4338 ona
241 4280 297 4337 oa
388 4281 562 4343 romanor·
597 4254 654 4358 ,Η
714 4299 759 4367 20
777 4287 820 4360 in]
842 4299 875 4339 en
893 4281 1022 4340 moue
1112 4277 1145 4331 ar
1165 4291 1210 4329 eu.

64 4368 150 4422 Μ·
165 4367 208 4422 D'
305 4366 343 4421 22
357 4365 507 4420 “Imm
523 4378 551 4444 Q
744 4369 942 4444 cuiuscemodo
962 4368 1001 4425 θ’
1028 4361 1211 4421 huiuscemodi

67 4451 118 4505 oe
216 4449 373 4505 mmm
460 4413 561 4580 ½Q⁸
671 4404 721 4479 ff

592 4564 601 4601 r

551 4569 588 4654 st
