2760 4814
125 316 209 384 1080
609 308 774 379 nugrppu

120 507 222 584 bam,
254 503 324 570 sed:
355 502 437 568 eius
467 501 533 585 qni
564 498 887 584 mandueanerit,
912 498 1074 582 quianon
1098 498 1134 563 in
1156 498 1260 582 patris

119 608 186 675 sed
208 608 247 672 in
269 625 338 673 suo
361 608 547 686 peccato,
576 605 604 669 si
633 604 835 677 commiserit,
864 602 1034 686 quisque
1057 603 1260 668 morietur.

602 892 779 977 occini.

121 1088 216 1147 QVOD
239 1085 402 1133 EXEMPLO
425 1085 549 1132 DOMINI
572 1084 787 1132 TEMPORALIS
810 1083 1070 1132 CONTEMNENDA
1088 1082 1143 1131 SIT
1159 1082 1258 1131 sutus

120 1191 164 1237 ET
187 1188 280 1249 QVOD
303 1189 340 1235 IN
363 1188 465 1235 FILIIS
488 1188 547 1235 10ss
571 1186 805 1235 RESVRRECTIO
828 1186 1101 1247 COENENDETVB,
1130 1186 1199 1232 VEL
1214 1183 1286 1231 DE⁵

121 1292 347 1341 SVSTINENTIA
369 1289 521 1338 EIVSDEM
545 1292 602 1337 lltB
628 1290 672 1338 Ac
694 1291 774 1337 FINE
797 1290 933 1349 DOMINI,
957 1288 1153 1349 vntvnthls
1175 1289 1256 1336 TEN·

122 1397 178 1444 PLI
206 1395 278 1443 NON
307 1394 424 1442 FVISSE
456 1393 640 1456 PARIETEN,
669 1394 713 1439 VT
736 1394 871 1454 QVIDAN
894 1392 1041 1440 VOLVNT.
1083 1393 1131 1439 Ex
1156 1392 1256 1443 LIBBO

419 1498 464 1544 DE
495 1497 622 1544 GRATIA
649 1498 733 1545 NOVI
756 1497 982 1545 TESTAMENTI.

50 1633 113 1700 ott
166 1636 302 1701 Mortem
335 1632 446 1699 intulit
478 1632 569 1698 bomo
605 1633 667 1699 sibi
700 1634 826 1718 filioque
859 1634 1012 1713 bominis;
1050 1635 1157 1701 ultum
1186 1652 1254 1700 uero

125 1737 232 1803 attulit
254 1738 375 1802 homini
397 1737 534 1803 moriens
557 1739 589 1802 et
610 1756 776 1820 resurgens
791 1739 875 1804 filius
890 1738 1035 1820 bominis,
1052 1737 1253 1821 opprobrium
1261 1750 1281 1787 ¹⁰

125 1841 285 1908 hominum
308 1845 338 1906 et
361 1842 491 1907 abiectio
515 1841 615 1925 plebis
630 1859 729 1926 nsque
745 1841 785 1907 od
798 1844 943 1908 mortem.
976 1843 1036 1908 hoc
1054 1844 1142 1908 enim
1154 1843 1252 1908 uoluit

122 1947 154 2012 in
186 1951 355 2030 conspectu
384 1944 584 2012 inimicorum
606 1948 684 2028 pati,
708 1965 862 2029 quocum
885 1948 1046 2029 tamquam
1070 1947 1252 2013 derelictum

121 2053 276 2133 putarent,
300 2054 337 2116 ut
357 2049 461 2135 gratia
482 2051 752 2115 commendaretur
771 2047 956 2115 testamenti
971 2050 1056 2126 noni,
1074 2069 1140 2133 qua
1154 2051 1252 2116 disce·

121 2172 224 2218 remus
246 2154 340 2220 aliam
364 2173 510 2237 quaerere
533 2153 728 2231 felicitatem,
751 2173 830 2235 quae
845 2172 927 2219 nuno
944 2158 992 2219 est
1007 2155 1040 2219 in
1057 2154 1131 2239 fide,
1149 2155 1251 2238 postea

120 2274 193 2323 uero
223 2259 284 2323 erit
312 2259 346 2323 in
376 2261 488 2343 specie.
526 2257 710 2341 quamdiu
740 2260 824 2321 enim
850 2276 982 2322 sumus
1005 2257 1043 2322 in
1068 2274 1277 2340 corporeo

121 2359 168 2425 ait
184 2361 352 2443 apostolus,
369 2362 671 2446 peregrinamur
688 2378 707 2424 a
725 2360 888 2424 domino.
924 2361 1132 2444 perfidem
1156 2364 1250 2426 enim

119 2464 382 2547 ambulamus,
406 2482 480 2528 non
504 2483 571 2547 per
593 2466 785 2548 speciem,
809 2465 842 2529 et
860 2465 928 2529 ideo
944 2463 1075 2530 nuncin
1098 2482 1165 2549 spe,
1181 2469 1251 2529 tunc

119 2585 153 2631 rn
182 2584 226 2631 re.

162 2685 306 2770 Denique
334 2687 594 2753 resurrectionem
617 2707 716 2770 suam,
747 2705 842 2769 qnam
865 2705 927 2752 non
949 2686 1032 2752 siout
1054 2691 1198 2753 nostram
1219 2689 1246 2752 in

119 2789 248 2874 longum
278 2791 398 2856 differri
426 2793 600 2875 oportebat,
631 2792 668 2856 ut
698 2790 731 2855 in
761 2791 900 2873 exemplo
930 2789 1034 2856 carnis
1057 2790 1129 2855 eins
1152 2790 1275 2856 disce-o

120 2912 232 2971 remus,
256 2894 331 2977 quid
353 2895 386 2959 in
408 2900 517 2960 nostra
532 2914 654 2977 sperare
669 2894 861 2973 deberemus,
877 2894 976 2960 noluit
992 2893 1108 2958 alienis
1123 2892 1248 2959 demon·

119 2998 228 3076 strare,
262 2998 315 3063 sed
348 3000 421 3063 suis.
459 2999 571 3064 alienis
604 2999 683 3078 dico,
718 3016 780 3063 non
813 3003 935 3076 natura,
965 2997 1021 3061 sed
1051 2997 1143 3074 uitio,
1171 2998 1245 3081 quod

119 3118 241 3181 semper
271 3106 378 3167 contra
409 3106 552 3168 naturam
583 3107 638 3167 est.
676 3104 819 3167 mortuus
849 3104 897 3166 est
927 3118 998 3183 ergo
1026 3101 1060 3165 in
1084 3106 1247 3185 conspectu

119 3202 296 3284 bominum,
326 3208 493 3270 resurrexit
522 3209 627 3271 autem
657 3205 690 3270 in
721 3208 885 3288 conspectu
916 3204 1051 3269 filiorum
1077 3204 1246 3277 hominum,

119 3308 194 3391 quia
216 3325 298 3373 more
321 3310 361 3374 ad
376 3308 534 3374 hominem
556 3310 743 3393 pertinebat,
768 3307 952 3374 resurrectio
974 3309 1014 3373 ad
1030 3308 1135 3373 filium
1149 3308 1274 3372 homi-o

118 3411 177 3477 nis.
223 3411 329 3478 sicut
364 3413 401 3477 in
436 3413 559 3477 Adam
596 3431 726 3477 omnes
765 3413 1003 3489 moriuntur,
1042 3411 1105 3477 sie
1138 3414 1177 3478 et
1208 3411 1247 3475 in

118 3513 281 3582 Christo
302 3535 434 3582 omnes
461 3515 796 3582 nidificabuntur.
834 3516 988 3599 utigitur
1011 3515 1153 3597 exemplo
1176 3532 1247 3579 suco

117 3619 219 3687 carnis
242 3620 456 3686 exhortaretur
471 3619 577 3684 fideles
593 3637 665 3684 suos
681 3618 886 3701 temporalem
903 3617 1038 3682 salutem
1052 3637 1110 3701 pro
1126 3620 1248 3683 aeterna

116 3719 269 3790 felicitate
299 3726 506 3802 contemnere,
534 3742 630 3808 usqne
653 3722 692 3788 ad
715 3726 849 3787 mortem
872 3720 1002 3804 pertulit
1027 3726 1246 3806 persequentes

219 3910 300 3965 1511
319 3911 377 3967 Cor.
396 3912 420 3976 5,
440 3911 506 3980 deq.
609 3910 643 3964 26
661 3910 675 3965 Ι
693 3909 753 3965 Cor.
772 3912 814 3976 15,
832 3910 866 3963 22

169 4081 183 4132 1
207 4079 305 4149 patris]
328 4081 390 4135 iero
408 4099 422 4135 e
439 4080 555 4151 oorr.Q
658 4081 758 4149 3oup.
778 4079 905 4136 ccoxnl
930 4080 1004 4134 MV:
1034 4079 1195 4136 CCCXXXI
1214 4081 1251 4152 φ

115 4162 234 4220 &mio
254 4166 309 4221 GP
393 4168 409 4221 6
427 4168 480 4223 fine
502 4169 537 4237 Q:
564 4167 646 4223 tinem
668 4168 695 4222 V
777 4168 811 4222 13
829 4167 964 4236 utgratiu
982 4165 1019 4236 Qr
1047 4169 1138 4235 gratia
1160 4168 1187 4223 V

114 4249 275 4307 disceremus
297 4253 324 4307 V
424 4254 458 4308 28
476 4254 588 4310 salutem
608 4254 711 4325 MQVr
741 4268 791 4308 om.
810 4270 829 4307 a
