2760 4814
259 344 427 415 Excerpta
444 362 480 400 ex
498 362 570 416 opp.
588 347 615 405 S.
633 346 823 416 Augustini
840 345 1012 402 ocxxxm.
1138 347 1202 414 759

69 536 279 602 suauiter?
302 535 356 600 sed
380 554 480 619 neque
496 535 563 601 sine
586 535 701 620 spiritu
724 539 833 600 saneto
850 553 981 618 usquam
1004 554 1070 602 esse
1085 538 1198 619 potuit.

70 640 180 720 itaque
201 639 228 702 si
250 639 364 722 ubique
380 641 428 703 est
442 640 528 718 dens,
552 638 667 721 ubique
689 643 737 703 est
759 639 856 703 etiam
872 639 1000 721 spiritus
1016 639 1101 717 eius;
1123 634 1201 706 illue

70 760 145 825 ergo
168 744 200 806 et
222 741 350 826 spiritus
372 743 501 807 sanetus
523 743 637 807 missus
659 744 717 817 est,
740 742 794 807 ubi
816 743 894 807 erat.
917 759 991 806 nam
1015 742 1047 806 et
1069 742 1123 807 ille
1146 744 1202 825 qui

70 864 133 910 non
156 845 278 911 inuenit
300 845 414 924 locum,
438 863 498 928 quo
520 844 579 910 iret
602 863 621 910 a
643 846 724 910 faeie
748 844 806 923 dei,
830 846 862 909 et
884 845 975 910 dioit:
1010 844 1042 909 si
1071 865 1201 912 escen·

45 951 165 1013 edero
188 948 229 1013 in
251 949 419 1025 eaelum,
442 949 485 1013 tu
507 948 600 1014 illio
623 967 678 1027 es,
702 952 741 1014 st
762 951 793 1015 si
818 948 1058 1013 descendero
1082 950 1120 1013 in
1143 949 1200 1014 in-

70 1052 241 1130 fernum,
276 1052 384 1129 ades,
413 1050 528 1134 ubique
558 1052 665 1116 uolens
693 1051 836 1135 intellegi
865 1055 1060 1134 praesentem
1094 1051 1199 1128 deum,

68 1154 158 1237 prius
181 1157 356 1220 nominauit
377 1154 526 1237 spiritum
549 1156 632 1240 eius;
661 1174 734 1221 nam
756 1156 801 1220 sie
823 1154 884 1220 ait:
916 1173 988 1237 quo
1011 1153 1126 1218 abibo
1155 1156 1200 1221 ab

69 1257 217 1340 spiritu
240 1262 322 1336 tuo,
346 1259 479 1340 etque
502 1258 645 1323 afaeie
673 1260 742 1323 tua
764 1256 934 1342 fugiam?

115 1359 265 1440 Quocirca
287 1364 312 1426 si
336 1366 368 1426 et
396 1361 480 1427 filius
511 1365 542 1426 et
563 1362 693 1445 spiritus
722 1363 849 1427 sanetus
871 1361 948 1426 illue
968 1361 1118 1440 mittitur,
1146 1360 1201 1427 ubi

30 1488 59 1528 ιο
68 1466 139 1529 erat
172 1468 381 1546 quaerendum
411 1467 467 1546 est,
493 1465 644 1549 quomodo
672 1464 715 1532 sit
742 1465 806 1530 ista
825 1463 931 1530 missio
964 1465 1031 1530 siue
1052 1462 1112 1528 filii
1133 1462 1201 1529 siue

68 1567 136 1650 spir
151 1580 200 1632 tus
222 1570 338 1652 sanoti3
366 1573 457 1650 pater
478 1569 561 1634 enim
583 1568 667 1634 eolus
689 1587 844 1652 nusquam
865 1569 982 1653 legitur
1003 1565 1131 1632 missus.
1167 1565 1201 1632 et

68 1670 110 1734 de
127 1692 128 1697 ¹
146 1669 189 1735 lio
211 1672 256 1737 ita
272 1671 382 1736 scribit
403 1671 577 1752 apostolus:
599 1688 682 1736 cum
705 1674 838 1737 autem
858 1671 969 1737 uenit
984 1666 1200 1751 plenitudo

68 1777 110 1836 te
139 1773 279 1856 rporis,
309 1773 421 1837 misit
450 1773 704 1845 deuslilium
733 1791 845 1839 suum
872 1773 1019 1839 fautum
1052 1790 1095 1836 er
1122 1790 1200 1838 mu·

67 1873 189 1955 licre,
219 1875 368 1940 laetum
398 1876 470 1940 sub
499 1877 600 1960 lege,
625 1879 668 1940 ut
698 1875 848 1959 eosqui
877 1875 1057 1961 sublege
1085 1877 1200 1939 erant

30 1975 298 2043 saredimeret.
321 1978 445 2056 misit,
468 1977 580 2061 inquit,
604 1979 737 2045 silium
759 1999 870 2045 suum
892 1979 1043 2044 sactum
1064 1997 1106 2043 ex
1122 1996 1200 2042 mu-

69 2080 101 2145 li
114 2099 190 2147 ere:
207 2099 266 2166 quo
281 2082 406 2149 nomine
422 2082 490 2163 quis
506 2081 678 2148 tethelinus
693 2083 812 2148 neseiat
825 2100 887 2147 non
903 2101 974 2147 eum
990 2081 1200 2163 priuationem

70 2203 92 2248 n
106 2184 274 2268 rginitatis,
290 2185 345 2251 sed
361 2185 567 2250 differentiam
585 2204 674 2250 serus
689 2185 822 2252 hebraeo
837 2203 923 2251 more
938 2185 1086 2268 loquendi
1098 2184 1198 2269 signi·

70 2285 165 2353 isare
186 2289 344 2353 uoluisse?
366 2309 438 2355 uum
458 2289 564 2373 itaque
591 2291 652 2355 ait:
676 2289 789 2355 misit
810 2289 903 2354 deus
927 2288 1064 2353 silium
1087 2306 1199 2353 suum

71 2392 79 2426 ‘
92 2393 222 2458 aetum
245 2412 294 2457 er
315 2392 500 2469 muliere,
523 2392 601 2458 satis
624 2393 759 2459 ostendit
782 2392 908 2486 eoipso
930 2393 1064 2457 missum
1085 2389 1198 2466 filiurn,

34 2508 133 2577 sorno
163 2495 265 2561 faetus
298 2497 346 2560 est
375 2515 411 2561 ex
444 2496 584 2561 muliere.
614 2496 933 2580 quodorgodedeo
957 2496 1137 2573 natusest,
1167 2492 1199 2559 in

70 2598 130 2663 hoo
157 2597 272 2663 mundo
301 2608 382 2682 orat3
410 2599 491 2682 quod
521 2600 627 2664 autom
657 2598 695 2665 de
722 2599 826 2664 Maria
853 2598 1032 2682 natusest,
1061 2596 1094 2662 in
1117 2595 1200 2662 huno

70 2702 186 2766 missus
208 2702 346 2768 aduenit.
369 2703 497 2784 proinde
518 2702 605 2768 mitti
627 2720 646 2766 a
667 2706 754 2785 putre
776 2703 843 2768 sine
866 2702 980 2786 spiritu
1003 2703 1112 2768 saneto
1135 2717 1198 2764 non

69 2804 182 2888 potuit,
206 2823 266 2870 non
288 2805 391 2870 solum
413 2805 487 2889 quia
509 2805 706 2889 intellegitur
727 2808 827 2887 pater,
855 2824 926 2871 eum
948 2824 1020 2869 eum
1043 2803 1141 2882 misit,
1164 2801 1198 2867 id

69 2913 118 2973 est
147 2907 223 2971 feeit
250 2927 287 2973 er
315 2907 440 2985 demina,
470 2925 531 2973 non
560 2909 669 2991 utique
696 2907 765 2974 sine
799 2909 913 2991 spiritu
942 2910 1047 2973 sancto
1077 2906 1198 2983 lesisse,

35 3029 179 3077 seuerum
201 3010 297 3076 etiam
319 3009 401 3094 quod
423 3010 677 3076 manifestissime
700 3011 793 3094 atque
822 3010 1018 3095 apertissime
1047 3010 1079 3075 in
1104 3028 1200 3073 euan-

69 3113 153 3195 gelio
181 3112 297 3178 dieitur
320 3112 439 3196 uirgini
460 3113 578 3179 Mariae
600 3116 760 3197 quaerenti
783 3116 822 3180 ab
850 3114 976 3198 angelo:
1010 3115 1198 3198 quomodo

70 3215 151 3280 fiet
178 3214 309 3281 istud?
337 3217 513 3298 spiritus
541 3220 704 3283 sanetus
738 3216 1001 3301 superueniet
1027 3217 1069 3280 in
1098 3220 1133 3280 te
1161 3218 1198 3280 et

70 3318 202 3384 uirtus
226 3318 427 3384 altissimi
450 3319 704 3386 obumbrabit
726 3319 812 3387 tibi.
851 3324 882 3385 et
904 3319 1084 3385 Matthaeus
1106 3318 1198 3383 dioit:

171 3502 346 3570 nareae
421 3503 595 3570 rPeleas
666 3505 888 3576 reserasse.
955 3504 1198 3573 sennensem.

122 3674 245 3743 lpotuit
262 3690 353 3730 osseo
447 3675 563 3730 letiam
585 3676 621 3731 V:
648 3692 733 3733 om.o
826 3678 914 3733 diret
934 3678 970 3733 V:
996 3682 1040 3732 eat
1061 3677 1131 3733 ere

68 3760 85 3813 5
114 3759 171 3815 illio
197 3761 234 3815 V:
264 3760 304 3815 ibi
333 3761 404 3817 GPo
524 3762 539 3816 7
567 3763 647 3817 abibo
674 3763 711 3817 V=
740 3762 785 3818 ibo
814 3763 884 3819 GPo
1003 3762 1037 3818 ah
1064 3762 1100 3817 V:
1130 3777 1146 3814 a
1174 3760 1199 3816 G

68 3845 112 3900 Pe
229 3847 262 3902 10
283 3848 322 3903 sit
351 3848 388 3902 V:
419 3848 595 3918 intellegatur
620 3849 690 3905 ere
805 3849 837 3906 12
861 3849 918 3906 ulio
940 3851 977 3906 Va
1005 3849 1063 3904 dlio
1089 3847 1199 3917 quidem

70 3931 141 3986 GPo
232 3933 264 3988 13
281 3949 312 3988 ex
330 3933 455 3988 muliere·
471 3937 510 4002 (m
528 3940 595 3999 ras.)
617 3935 643 3989 V
734 3936 765 3991 l'l
784 3936 937 3992 differentia
960 3936 985 3991 V
1072 3932 1198 4004 loquendi

69 4033 141 4073 more
160 4017 203 4073 Ge
308 4020 340 4075 la
358 4020 484 4090 ostendit]
503 4020 567 4075 add.
585 4023 614 4076 o’
630 4023 724 4092 temp.
821 4023 853 4078 21
873 4022 945 4079 huno
965 4022 1001 4077 V:
1032 4023 1104 4078 huno
1121 4037 1198 4075 muu-

69 4103 134 4157 dum
152 4103 319 4172 (muudon
344 4105 413 4161 GPo
515 4108 550 4161 24
573 4111 667 4161 sancto
694 4107 770 4163 G'V:
800 4125 828 4162 se
854 4108 935 4165 0¹Pe
1037 4108 1146 4162 leuasse
1163 4106 1199 4173 (is

71 4193 140 4259 ror.)
159 4191 189 4246 P
288 4192 324 4246 ab
341 4193 564 4248 manifestissime
581 4197 662 4264 atque
682 4195 766 4251 GPo:
796 4211 846 4251 om.
871 4195 898 4250 V
996 4196 1029 4250 27
1053 4193 1128 4248 istud
1150 4191 1200 4247 det

74 4273 115 4331 Go
217 4275 252 4332 28
268 4278 407 4334 mattheus
429 4278 456 4333 V
481 4280 640 4335 matheuso
