2760 4814
197 293 259 358 782
679 288 840 358 Eusinnii

199 481 321 564 proprio
343 498 422 561 quae
444 498 499 560 per
522 480 629 544 Mosen
658 479 732 543 data
755 480 812 543 est.
842 478 918 543 item
946 479 1092 543 dicuntur
1115 479 1324 544 eommunitor

198 584 365 668 prophetae
400 582 496 646 simul
527 600 597 646 oum
631 581 771 664 psalmis,
812 581 960 645 dicuntur
988 582 1022 647 et
1049 583 1171 664 proprie
1199 586 1322 664 praeter

197 687 343 771 psalmos.
382 688 414 749 et
435 684 546 750 multis
568 685 639 752 aliis
662 685 812 768 exemplis
840 684 942 750 doceri
964 685 1069 768 potest
1091 685 1195 751 multa
1215 704 1320 751 rernm

197 789 350 855 uooabula
373 794 403 853 et
426 788 646 854 uniuersaliter
667 789 741 871 poni
757 790 789 855 et
805 790 927 873 proprie
949 789 1134 871 quibusdam
1155 791 1252 856 rebns
1267 787 1320 855 ad·

196 894 306 968 hiberi,
338 894 399 957 nisi
422 893 454 956 in
475 911 509 957 re
532 893 639 974 aperta
662 893 794 958 uitanda
815 892 857 956 sit
880 893 1040 975 longitudo
1064 893 1228 958 sermonis.
1267 891 1349 957 hoos

196 997 263 1061 ideo
286 995 358 1072 dixi,
382 995 601 1078 nequisquam
622 997 858 1077 proptereanos
886 996 1139 1062 inoonnonionter
1163 995 1320 1061 existimet

197 1099 358 1165 caritatem
383 1098 542 1181 appellare
567 1099 714 1181 spiritum
744 1101 899 1180 sanctum,
933 1099 1007 1181 quia
1029 1102 1061 1165 et
1082 1102 1157 1166 dous
1180 1099 1321 1184 pateret

196 1203 271 1267 dous
293 1200 377 1266 filius
399 1204 502 1285 potest
525 1201 637 1266 oaritas
660 1200 844 1283 nuncupari.

239 1321 327 1387 Siout
357 1339 430 1403 orgo
461 1320 588 1386 unicum
617 1323 668 1387 dei
696 1321 826 1385 uerbum
859 1321 982 1403 proprie
1016 1339 1162 1389 uooamus
1196 1322 1320 1389 nomine

195 1424 377 1507 sapientiae,
401 1442 473 1489 oum
497 1427 538 1491 sit
560 1425 781 1491 uniuersaliter
806 1425 938 1507 spiritus
959 1426 1084 1490 sanctus
1106 1429 1139 1490 et
1160 1429 1252 1507 pater
1273 1442 1349 1490 mm

195 1527 324 1610 pientia,
345 1527 392 1592 ita
408 1529 540 1610 spiritus
556 1531 676 1610 proprie
693 1530 891 1609 nuncupatur
905 1527 1057 1594 uocabulo
1073 1529 1226 1606 caritatis,
1249 1547 1319 1593 oum

196 1631 238 1696 sit
260 1633 291 1694 et
313 1635 401 1711 pater
425 1634 455 1694 et
479 1630 563 1695 filius
586 1631 806 1696 uniuersaliter
829 1631 954 1696 caritas.
979 1634 1032 1696 sed
1054 1631 1104 1696 dei
1123 1631 1266 1709 uerbum,
1288 1631 1319 1696 id

195 1734 244 1798 ost
271 1733 450 1814 unigenitus
484 1734 534 1798 dei
556 1731 648 1815 filius,
683 1735 788 1814 aperto
812 1731 916 1798 dietus
945 1736 993 1798 est
1015 1734 1064 1798 dei
1092 1735 1248 1818 sapientia
1270 1753 1319 1801 ore

195 1835 377 1918 apostolico,
411 1835 465 1900 ubi
489 1835 550 1900 ait:
585 1833 786 1901 Christum
808 1835 871 1901 dei
893 1835 1086 1901 uirtutem
1115 1839 1154 1901 et
1176 1837 1238 1904 dei
1259 1855 1317 1904 sa·

194 1938 401 2023 pientiam.
437 1938 566 2019 spiritns
588 1942 693 2004 antem
716 1943 846 2004 sanetus
869 1939 924 2004 ubi
948 1942 990 2004 sit
1012 1940 1116 2004 dietus
1138 1940 1255 2006 oaritns
1271 1942 1349 2007 in·n

195 2043 348 2120 uenimus,
373 2041 400 2106 si
422 2040 590 2124 diligenter
611 2041 758 2107 Iohannis
787 2043 920 2127 apostoli
948 2044 1123 2107 scrutemur
1150 2045 1317 2126 eloquium

195 2147 247 2227 qni
282 2164 354 2210 oum
388 2144 531 2210 dixisset:
565 2145 849 2225 dilectissimi,
884 2145 1103 2229 diligamns
1136 2147 1319 2224 inuicem,

194 2248 288 2331 qnia
309 2248 482 2314 dileetio
506 2268 547 2314 ex
570 2251 638 2315 deo
662 2253 739 2334 est,
774 2253 899 2315 secutus
932 2248 1092 2315 adiunxit:
1127 2255 1166 2315 et
1194 2251 1319 2317 omnia

194 2353 259 2436 qni
287 2351 425 2434 diligit
463 2371 505 2417 ex
534 2353 604 2418 deo
633 2353 747 2417 natus
769 2356 836 2418 ost.
877 2354 1034 2435 quinon
1058 2352 1219 2438 diligit,
1248 2369 1320 2418 non

193 2454 524 2539 oognonitdeum,
541 2454 741 2536 quiadeus
758 2454 930 2522 dileetio
946 2461 1014 2521 est.
1038 2456 1351 2523 hiemanifestauitn

194 2574 264 2621 eam
286 2574 319 2621 se
343 2556 458 2622 dixisse
493 2555 691 2623 dilectionem
721 2559 823 2639 deum,
859 2576 954 2640 quam
976 2559 1054 2624 dixit
1076 2579 1113 2625 ox
1135 2559 1209 2636 deo;
1244 2560 1320 2624 dous

193 2677 266 2742 orgo
287 2677 323 2722 ex
348 2660 405 2723 deo
428 2661 476 2724 est
505 2659 640 2725 dileetio.
678 2665 732 2726 sod
755 2661 830 2743 quia
852 2663 884 2726 ot
907 2660 956 2726 doi
979 2661 1064 2726 lilius
1088 2680 1124 2726 ex
1147 2662 1207 2727 doo
1228 2665 1320 2744 patre

194 2764 287 2827 natus
310 2762 412 2827 estet
445 2761 575 2845 spiritus
609 2764 736 2827 sanetus
772 2783 808 2828 ex
831 2763 888 2830 deo
921 2767 1010 2846 patro
1043 2763 1191 2847 procedit,
1227 2782 1320 2846 quom

193 2865 297 2950 potius
319 2883 424 2930 eornm
448 2866 498 2930 hio
519 2867 666 2931 debemus
699 2865 837 2949 aooipore
871 2868 992 2933 dietum
1021 2883 1088 2932 esse
1116 2864 1321 2932 dilectionem

192 2972 285 3036 donm
306 2970 418 3035 merito
442 2968 611 3053 quaeritur.
646 2974 735 3052 pater
758 2973 840 3036 enim
862 2971 946 3036 solus
961 2970 1008 3035 ita
1023 2971 1099 3035 dens
1121 2973 1235 3046 estut
1257 2987 1358 3036 nonu

193 3075 235 3139 sit
257 3091 294 3138 ox
315 3073 387 3151 deo;
420 3092 456 3139 ao
484 3092 540 3156 per
561 3074 619 3138 hoo
639 3073 776 3152 dileetio,
799 3093 878 3156 quae
899 3074 945 3140 ita
967 3076 1042 3139 dous
1064 3077 1123 3152 est,
1145 3077 1182 3137 ut
1204 3092 1242 3139 ex
1264 3073 1321 3140 deo

192 3177 245 3255 sit,
267 3179 323 3241 aut
344 3175 429 3241 filins
455 3177 503 3240 est
524 3180 580 3240 aut
602 3175 732 3258 spiritns
755 3180 891 3242 sanctus.
920 3176 1022 3241 sedin
1045 3179 1321 3257 consequentibns,

193 3296 266 3344 enm
289 3278 340 3343 dei
361 3279 560 3344 dilectionem
588 3283 873 3358 eommomorasset,
907 3297 1050 3361 nonque
1078 3296 1133 3344 nos
1155 3296 1240 3358 enm,
1264 3280 1321 3346 sed

193 3381 1322 3465 quanosipsedilexitetmisitfilinmsuumliberatorom

295 3593 328 3647 14
344 3593 359 3647 Ι
378 3593 437 3649 Cor.
456 3595 479 3661 l,
498 3594 532 3647 24
636 3594 700 3648 171
719 3593 758 3650 Io.
776 3593 801 3659 4,
820 3593 884 3662 laq.
988 3592 1154 3660 29110.4,
1175 3593 1207 3648 10

242 3789 257 3841 1
281 3789 385 3857 proprie
400 3790 477 3844 MVr
507 3791 534 3843 et
552 3790 659 3859 proprie
678 3790 720 3846 Ge
822 3805 932 3858 moysen
953 3790 1023 3846 GPo
1124 3789 1141 3842 6
1165 3805 1214 3844 noo
1236 3789 1322 3847 aa:

191 3888 240 3927 nos
261 3873 328 3927 MV
394 3918 395 3922 ,
425 3874 574 3929 exsistimet
596 3876 632 3931 Μ
734 3875 815 3930 adei
838 3875 914 3929 MV:
945 3875 1049 3929 denso
1151 3874 1185 3929 10
1204 3877 1323 3944 spiritus

189 3958 265 4015 MV:
300 3960 328 4012 ot
352 3958 466 4028 spiritus
494 3960 565 4015 GPo
667 3961 800 4030 sapientia
825 3961 901 4016 MV:
933 3961 992 4029 ipsa
1019 3960 1149 4028 sapientia
1177 3960 1252 4018 de

190 4045 224 4098 13
241 4043 314 4098 filius
333 4046 393 4110 (om.
412 4045 465 4111 dei)
484 4044 521 4098 M
618 4045 653 4101 24
671 4046 722 4116 hio]
740 4062 825 4102 omo
927 4046 1051 4100 debemus
1068 4045 1144 4101 MV:
1171 4045 1321 4103 debeamus

192 4129 235 4186 (do
320 4128 503 4199 aaronque]
522 4132 688 4200 nonquioo
773 4132 819 4186 sod
836 4132 898 4202 qna]
916 4131 962 4186 sod
980 4132 1077 4200 quiae
1165 4131 1200 4186 29
1217 4131 1320 4190 libora-

189 4218 275 4272 torom
292 4217 330 4271 M
333 4214 368 4268 V:
399 4216 534 4272 litatorem
554 4216 596 4274 Ga
613 4222 666 4288 (gr.
683 4216 816 4289 ιλασμόν)
