<?xml version="1.0" encoding="UTF-8"?>
<!DOCTYPE html PUBLIC "-//W3C//DTD XHTML 1.0 Transitional//EN"
    "http://www.w3.org/TR/xhtml1/DTD/xhtml1-transitional.dtd">
<html xmlns="http://www.w3.org/1999/xhtml" xml:lang="en" lang="en">
 <head>
  <title>
</title>
<meta http-equiv="Content-Type" content="text/html;charset=utf-8" />
  <meta name='ocr-system' content='tesseract 3.04.00' />
  <meta name='ocr-capabilities' content='ocr_page ocr_carea ocr_par ocr_line ocrx_word'/>
</head>
<body>
  <div class='ocr_page' id='page_1' title='image "./evgippiiexcerpt00kngoog/evgippiiexcerpt00kngoog_1085.png"; bbox 0 0 2760 4814; ppageno 0'>
   <div class='ocr_carea' id='block_1_1' title="bbox 127 288 773 366">
    <p class='ocr_par' dir='ltr' id='par_1_1' title="bbox 127 288 773 366">
     <span class='ocr_line' id='line_1_1' title="bbox 127 288 773 366; baseline -0.003 -22"><span class='ocrx_word' id='word_1_1' title='bbox 127 299 211 366; x_wconf 75' lang='lat'>1062</span> <span class='ocrx_word' id='word_1_2' title='bbox 610 288 773 358; x_wconf 74' lang='lat' dir='ltr'>Eugippii</span> 
     </span>
    </p>
   </div>
   <div class='ocr_carea' id='block_1_2' title="bbox 128 477 1284 981">
    <p class='ocr_par' dir='ltr' id='par_1_2' title="bbox 128 477 1284 981">
     <span class='ocr_line' id='line_1_2' title="bbox 128 477 1257 568; baseline -0.007 -15"><span class='ocrx_word' id='word_1_3' title='bbox 128 483 348 568; x_wconf 82' lang='lat' dir='ltr'>corrumpendi</span> <span class='ocrx_word' id='word_1_4' title='bbox 367 478 476 548; x_wconf 85' lang='lat' dir='ltr'>dolore</span> <span class='ocrx_word' id='word_1_5' title='bbox 494 500 672 565; x_wconf 89' lang='lat' dir='ltr'>poenarum,</span> <span class='ocrx_word' id='word_1_6' title='bbox 695 499 766 546; x_wconf 91' lang='lat' dir='ltr'>cum</span> <span class='ocrx_word' id='word_1_7' title='bbox 789 477 962 545; x_wconf 83' lang='lat' dir='ltr'>audierint:</span> <span class='ocrx_word' id='word_1_8' title='bbox 986 478 1045 544; x_wconf 91' lang='lat' dir='ltr'>ite</span> <span class='ocrx_word' id='word_1_9' title='bbox 1069 478 1257 564; x_wconf 83' lang='lat' dir='ltr'>inignem</span> 
     </span>
     <span class='ocr_line' id='line_1_3' title="bbox 129 581 1258 669; baseline -0.009 -13"><span class='ocrx_word' id='word_1_10' title='bbox 129 591 352 664; x_wconf 87' lang='lat' dir='ltr'>aeternum,</span> <span class='ocrx_word' id='word_1_11' title='bbox 375 586 438 668; x_wconf 91' lang='lat' dir='ltr'>qui</span> <span class='ocrx_word' id='word_1_12' title='bbox 461 589 632 669; x_wconf 82' lang='lat' dir='ltr'>paratus</span> <span class='ocrx_word' id='word_1_13' title='bbox 655 587 715 649; x_wconf 91' lang='lat' dir='ltr'>est</span> <span class='ocrx_word' id='word_1_14' title='bbox 737 581 898 650; x_wconf 89' lang='lat' dir='ltr'>diabolo</span> <span class='ocrx_word' id='word_1_15' title='bbox 922 586 960 647; x_wconf 90' lang='lat' dir='ltr'>et</span> <span class='ocrx_word' id='word_1_16' title='bbox 982 582 1145 667; x_wconf 81' lang='lat' dir='ltr'>angelis</span> <span class='ocrx_word' id='word_1_17' title='bbox 1169 582 1258 647; x_wconf 87' lang='lat' dir='ltr'>eius.</span> 
     </span>
     <span class='ocr_line' id='line_1_4' title="bbox 128 687 1257 776; baseline -0.006 -18"><span class='ocrx_word' id='word_1_18' title='bbox 128 711 147 758; x_wconf 86' lang='lat' dir='ltr'>a</span> <span class='ocrx_word' id='word_1_19' title='bbox 174 711 234 776; x_wconf 89' lang='lat' dir='ltr'>quo</span> <span class='ocrx_word' id='word_1_20' title='bbox 264 691 374 757; x_wconf 88' lang='lat' dir='ltr'>auditu</span> <span class='ocrx_word' id='word_1_21' title='bbox 403 689 486 755; x_wconf 91' lang='lat' dir='ltr'>malo</span> <span class='ocrx_word' id='word_1_22' title='bbox 516 690 617 756; x_wconf 85' lang='lat' dir='ltr'>iustus</span> <span class='ocrx_word' id='word_1_23' title='bbox 638 707 700 754; x_wconf 94' lang='lat' dir='ltr'>non</span> <span class='ocrx_word' id='word_1_24' title='bbox 722 688 860 754; x_wconf 79' lang='lat' dir='ltr'><strong>timebit.</strong></span> <span class='ocrx_word' id='word_1_25' title='bbox 883 687 921 754; x_wconf 93' lang='lat' dir='ltr'>de</span> <span class='ocrx_word' id='word_1_26' title='bbox 942 687 1000 752; x_wconf 88' lang='lat' dir='ltr'>illa</span> <span class='ocrx_word' id='word_1_27' title='bbox 1021 706 1098 753; x_wconf 89' lang='lat' dir='ltr'>uero</span> <span class='ocrx_word' id='word_1_28' title='bbox 1122 704 1257 753; x_wconf 88' lang='lat' dir='ltr'>commu·</span> 
     </span>
     <span class='ocr_line' id='line_1_5' title="bbox 128 790 1258 871; baseline -0.006 -10"><span class='ocrx_word' id='word_1_29' title='bbox 128 796 247 861; x_wconf 88' lang='lat' dir='ltr'>tatione</span> <span class='ocrx_word' id='word_1_30' title='bbox 269 795 421 859; x_wconf 87' lang='lat' dir='ltr'>iustorum</span> <span class='ocrx_word' id='word_1_31' title='bbox 444 812 516 858; x_wconf 91' lang='lat' dir='ltr'>cum</span> <span class='ocrx_word' id='word_1_32' title='bbox 543 793 683 858; x_wconf 79' lang='lat' dir='ltr'>dixisset:</span> <span class='ocrx_word' id='word_1_33' title='bbox 713 808 781 857; x_wconf 91' lang='lat' dir='ltr'>nos</span> <span class='ocrx_word' id='word_1_34' title='bbox 804 790 1159 871; x_wconf 72' lang='lat' dir='ltr'>commutabimur,</span> <span class='ocrx_word' id='word_1_35' title='bbox 1183 791 1258 855; x_wconf 81' lang='lat' dir='ltr'>tenr-</span> 
     </span>
     <span class='ocr_line' id='line_1_6' title="bbox 129 891 1284 981; baseline -0.011 -17"><span class='ocrx_word' id='word_1_36' title='bbox 129 917 222 981; x_wconf 87' lang='lat' dir='ltr'>qusm</span> <span class='ocrx_word' id='word_1_37' title='bbox 267 914 500 978; x_wconf 77' lang='lat' dir='ltr'>quaereremus,</span> <span class='ocrx_word' id='word_1_38' title='bbox 545 895 695 977; x_wconf 90' lang='lat' dir='ltr'>quomodo</span> <span class='ocrx_word' id='word_1_39' title='bbox 739 895 823 960; x_wconf 90' lang='lat' dir='ltr'>istud</span> <span class='ocrx_word' id='word_1_40' title='bbox 870 894 926 959; x_wconf 85' lang='lat' dir='ltr'>fiat</span> <span class='ocrx_word' id='word_1_41' title='bbox 965 892 1015 957; x_wconf 90' lang='lat' dir='ltr'>uel</span> <span class='ocrx_word' id='word_1_42' title='bbox 1057 892 1164 975; x_wconf 86' lang='lat' dir='ltr'>qualis</span> <span class='ocrx_word' id='word_1_43' title='bbox 1207 891 1284 956; x_wconf 78' lang='lat' dir='ltr'>illas</span> 
     </span>
    </p>
   </div>
   <div class='ocr_carea' id='block_1_3' title="bbox 129 996 1285 1700">
    <p class='ocr_par' dir='ltr' id='par_1_3' title="bbox 129 996 1285 1700">
     <span class='ocr_line' id='line_1_7' title="bbox 129 996 1257 1081; baseline -0.006 -15"><span class='ocrx_word' id='word_1_44' title='bbox 129 1001 332 1068; x_wconf 83' lang='lat' dir='ltr'>commutatio</span> <span class='ocrx_word' id='word_1_45' title='bbox 366 999 473 1063; x_wconf 86' lang='lat' dir='ltr'>futura</span> <span class='ocrx_word' id='word_1_46' title='bbox 504 999 556 1073; x_wconf 93' lang='lat' dir='ltr'>sit,</span> <span class='ocrx_word' id='word_1_47' title='bbox 592 998 735 1081; x_wconf 82' lang='lat' dir='ltr'>adiungit</span> <span class='ocrx_word' id='word_1_48' title='bbox 768 1002 801 1062; x_wconf 89' lang='lat' dir='ltr'>et</span> <span class='ocrx_word' id='word_1_49' title='bbox 834 996 927 1062; x_wconf 90' lang='lat' dir='ltr'>dicit:</span> <span class='ocrx_word' id='word_1_50' title='bbox 966 999 1128 1078; x_wconf 86' lang='lat' dir='ltr'>oportet</span> <span class='ocrx_word' id='word_1_51' title='bbox 1163 998 1257 1061; x_wconf 91' lang='lat' dir='ltr'>enim</span> 
     </span>
     <span class='ocr_line' id='line_1_8' title="bbox 129 1100 1257 1184; baseline -0.004 -17"><span class='ocrx_word' id='word_1_52' title='bbox 129 1101 397 1184; x_wconf 74' lang='lat' dir='ltr'>corruptibile</span> <span class='ocrx_word' id='word_1_53' title='bbox 430 1101 500 1164; x_wconf 89' lang='lat' dir='ltr'>hoe</span> <span class='ocrx_word' id='word_1_54' title='bbox 527 1100 691 1165; x_wconf 87' lang='lat' dir='ltr'>iuduere</span> <span class='ocrx_word' id='word_1_55' title='bbox 720 1100 1069 1183; x_wconf 82' lang='lat' dir='ltr'>incorruptionem</span> <span class='ocrx_word' id='word_1_56' title='bbox 1100 1101 1139 1164; x_wconf 94' lang='lat' dir='ltr'>et</span> <span class='ocrx_word' id='word_1_57' title='bbox 1170 1116 1257 1164; x_wconf 93' lang='lat' dir='ltr'>mor·</span> 
     </span>
     <span class='ocr_line' id='line_1_9' title="bbox 130 1202 1257 1286; baseline -0.005 -14"><span class='ocrx_word' id='word_1_58' title='bbox 130 1206 211 1273; x_wconf 82' lang='lat' dir='ltr'>tale</span> <span class='ocrx_word' id='word_1_59' title='bbox 248 1205 319 1270; x_wconf 90' lang='lat' dir='ltr'>boc</span> <span class='ocrx_word' id='word_1_60' title='bbox 356 1205 520 1270; x_wconf 91' lang='lat' dir='ltr'>induere</span> <span class='ocrx_word' id='word_1_61' title='bbox 557 1204 916 1270; x_wconf 83' lang='lat' dir='ltr'>immortalitatem.</span> <span class='ocrx_word' id='word_1_62' title='bbox 961 1221 1031 1279; x_wconf 92' lang='lat' dir='ltr'>non,</span> <span class='ocrx_word' id='word_1_63' title='bbox 1071 1206 1109 1266; x_wconf 94' lang='lat' dir='ltr'>ut</span> <span class='ocrx_word' id='word_1_64' title='bbox 1143 1202 1257 1286; x_wconf 83' lang='lat' dir='ltr'>opinor,</span> 
     </span>
     <span class='ocr_line' id='line_1_10' title="bbox 130 1305 1257 1389; baseline -0.004 -16"><span class='ocrx_word' id='word_1_65' title='bbox 130 1307 337 1374; x_wconf 79' lang='lat' dir='ltr'>dubitandum</span> <span class='ocrx_word' id='word_1_66' title='bbox 371 1307 419 1371; x_wconf 88' lang='lat' dir='ltr'>est</span> <span class='ocrx_word' id='word_1_67' title='bbox 452 1307 624 1373; x_wconf 91' lang='lat' dir='ltr'>secundum</span> <span class='ocrx_word' id='word_1_68' title='bbox 653 1308 709 1373; x_wconf 88' lang='lat' dir='ltr'>hcc</span> <span class='ocrx_word' id='word_1_69' title='bbox 739 1307 876 1372; x_wconf 91' lang='lat' dir='ltr'>dictum:</span> <span class='ocrx_word' id='word_1_70' title='bbox 909 1324 996 1372; x_wconf 85' lang='lat' dir='ltr'>caro</span> <span class='ocrx_word' id='word_1_71' title='bbox 1024 1309 1064 1372; x_wconf 92' lang='lat' dir='ltr'>et</span> <span class='ocrx_word' id='word_1_72' title='bbox 1095 1305 1257 1389; x_wconf 83' lang='lat' dir='ltr'>sanguis</span> 
     </span>
     <span class='ocr_line' id='line_1_11' title="bbox 131 1408 1285 1495; baseline -0.007 -17"><span class='ocrx_word' id='word_1_73' title='bbox 131 1429 292 1495; x_wconf 87' lang='lat' dir='ltr'>regnum</span> <span class='ocrx_word' id='word_1_74' title='bbox 316 1411 381 1474; x_wconf 93' lang='lat' dir='ltr'>dei</span> <span class='ocrx_word' id='word_1_75' title='bbox 405 1428 475 1476; x_wconf 93' lang='lat' dir='ltr'>non</span> <span class='ocrx_word' id='word_1_76' title='bbox 497 1410 775 1493; x_wconf 87' lang='lat' dir='ltr'>possidebunt,</span> <span class='ocrx_word' id='word_1_77' title='bbox 800 1412 873 1492; x_wconf 91' lang='lat' dir='ltr'>quia</span> <span class='ocrx_word' id='word_1_78' title='bbox 892 1428 953 1474; x_wconf 92' lang='lat' dir='ltr'>non</span> <span class='ocrx_word' id='word_1_79' title='bbox 968 1408 1013 1473; x_wconf 90' lang='lat' dir='ltr'>ibi</span> <span class='ocrx_word' id='word_1_80' title='bbox 1028 1409 1091 1474; x_wconf 92' lang='lat' dir='ltr'>erit</span> <span class='ocrx_word' id='word_1_81' title='bbox 1106 1408 1285 1492; x_wconf 84' lang='lat' dir='ltr'>corruption</span> 
     </span>
     <span class='ocr_line' id='line_1_12' title="bbox 130 1511 1259 1596; baseline 0 -17"><span class='ocrx_word' id='word_1_82' title='bbox 130 1517 162 1579; x_wconf 90' lang='lat' dir='ltr'>et</span> <span class='ocrx_word' id='word_1_83' title='bbox 191 1511 368 1578; x_wconf 79' lang='lat' dir='ltr'>mortalitas</span> <span class='ocrx_word' id='word_1_84' title='bbox 399 1515 501 1578; x_wconf 87' lang='lat' dir='ltr'>cernis</span> <span class='ocrx_word' id='word_1_85' title='bbox 534 1515 567 1579; x_wconf 94' lang='lat' dir='ltr'>et</span> <span class='ocrx_word' id='word_1_86' title='bbox 588 1515 765 1596; x_wconf 84' lang='lat' dir='ltr'>sauguinis3</span> <span class='ocrx_word' id='word_1_87' title='bbox 790 1514 961 1579; x_wconf 91' lang='lat' dir='ltr'>secundum</span> <span class='ocrx_word' id='word_1_88' title='bbox 983 1512 1069 1578; x_wconf 91' lang='lat' dir='ltr'>enim</span> <span class='ocrx_word' id='word_1_89' title='bbox 1092 1514 1259 1595; x_wconf 79' lang='lat' dir='ltr'>qualitates</span> 
     </span>
     <span class='ocr_line' id='line_1_13' title="bbox 131 1614 910 1700; baseline 0 -20"><span class='ocrx_word' id='word_1_90' title='bbox 131 1614 277 1680; x_wconf 88' lang='lat' dir='ltr'>hocloco</span> <span class='ocrx_word' id='word_1_91' title='bbox 300 1633 424 1681; x_wconf 87' lang='lat' dir='ltr'>caruem</span> <span class='ocrx_word' id='word_1_92' title='bbox 448 1620 480 1681; x_wconf 92' lang='lat' dir='ltr'>et</span> <span class='ocrx_word' id='word_1_93' title='bbox 503 1619 686 1700; x_wconf 86' lang='lat' dir='ltr'>sanguinem</span> <span class='ocrx_word' id='word_1_94' title='bbox 710 1616 910 1699; x_wconf 87' lang='lat' dir='ltr'>nuncupauit.</span> 
     </span>
    </p>
   </div>
   <div class='ocr_carea' id='block_1_4' title="bbox 129 1734 1291 3679">
    <p class='ocr_par' dir='ltr' id='par_1_4' title="bbox 129 1734 1291 3679">
     <span class='ocr_line' id='line_1_14' title="bbox 175 1734 1257 1821; baseline 0.002 -21"><span class='ocrx_word' id='word_1_95' title='bbox 175 1734 336 1813; x_wconf 79' lang='lat' dir='ltr'>Quocirca,</span> <span class='ocrx_word' id='word_1_96' title='bbox 366 1741 401 1801; x_wconf 88' lang='lat' dir='ltr'>ut</span> <span class='ocrx_word' id='word_1_97' title='bbox 429 1736 549 1819; x_wconf 88' lang='lat' dir='ltr'>aliquid</span> <span class='ocrx_word' id='word_1_98' title='bbox 578 1739 714 1819; x_wconf 84' lang='lat' dir='ltr'>exempli</span> <span class='ocrx_word' id='word_1_99' title='bbox 741 1738 844 1821; x_wconf 81' lang='lat' dir='ltr'>gratie</span> <span class='ocrx_word' id='word_1_100' title='bbox 872 1750 987 1819; x_wconf 79' lang='lat' dir='ltr'>ponem</span> <span class='ocrx_word' id='word_1_101' title='bbox 1016 1739 1099 1819; x_wconf 93' lang='lat' dir='ltr'>quod</span> <span class='ocrx_word' id='word_1_102' title='bbox 1133 1737 1257 1802; x_wconf 89' lang='lat' dir='ltr'>interim</span> 
     </span>
     <span class='ocr_line' id='line_1_15' title="bbox 132 1837 1256 1922; baseline 0.001 -20"><span class='ocrx_word' id='word_1_103' title='bbox 132 1837 277 1918; x_wconf 85' lang='lat' dir='ltr'>occurrit,</span> <span class='ocrx_word' id='word_1_104' title='bbox 311 1840 392 1905; x_wconf 88' lang='lat' dir='ltr'>sicut</span> <span class='ocrx_word' id='word_1_105' title='bbox 425 1840 577 1922; x_wconf 92' lang='lat' dir='ltr'>scriptum</span> <span class='ocrx_word' id='word_1_106' title='bbox 612 1846 673 1906; x_wconf 85' lang='lat' dir='ltr'>eet:</span> <span class='ocrx_word' id='word_1_107' title='bbox 705 1859 749 1906; x_wconf 95' lang='lat' dir='ltr'>ne</span> <span class='ocrx_word' id='word_1_108' title='bbox 784 1841 889 1906; x_wconf 83' lang='lat' dir='ltr'>forte</span> <span class='ocrx_word' id='word_1_109' title='bbox 919 1841 1166 1905; x_wconf 86' lang='lat' dir='ltr'>temtauerit</span> <span class='ocrx_word' id='word_1_110' title='bbox 1195 1857 1256 1905; x_wconf 87' lang='lat' dir='ltr'>uos</span> 
     </span>
     <span class='ocr_line' id='line_1_16' title="bbox 131 1942 1285 2026; baseline 0.001 -20"><span class='ocrx_word' id='word_1_111' title='bbox 131 1944 199 2026; x_wconf 92' lang='lat' dir='ltr'>qui</span> <span class='ocrx_word' id='word_1_112' title='bbox 232 1944 376 2008; x_wconf 89' lang='lat' dir='ltr'>temtat</span> <span class='ocrx_word' id='word_1_113' title='bbox 416 1946 455 2009; x_wconf 92' lang='lat' dir='ltr'>et</span> <span class='ocrx_word' id='word_1_114' title='bbox 489 1945 623 2009; x_wconf 85' lang='lat' dir='ltr'>inanis</span> <span class='ocrx_word' id='word_1_115' title='bbox 656 1945 710 2010; x_wconf 90' lang='lat' dir='ltr'>sit</span> <span class='ocrx_word' id='word_1_116' title='bbox 742 1945 852 2010; x_wconf 88' lang='lat' dir='ltr'>labor</span> <span class='ocrx_word' id='word_1_117' title='bbox 884 1947 1035 2025; x_wconf 90' lang='lat' dir='ltr'>noster,</span> <span class='ocrx_word' id='word_1_118' title='bbox 1074 1948 1171 2026; x_wconf 87' lang='lat' dir='ltr'>atque</span> <span class='ocrx_word' id='word_1_119' title='bbox 1210 1942 1285 2007; x_wconf 80' lang='lat' dir='ltr'>hicn</span> 
     </span>
     <span class='ocr_line' id='line_1_17' title="bbox 131 2044 1259 2130; baseline 0 -21"><span class='ocrx_word' id='word_1_120' title='bbox 131 2044 331 2128; x_wconf 83' lang='lat' dir='ltr'>intellegitur</span> <span class='ocrx_word' id='word_1_121' title='bbox 360 2046 513 2122; x_wconf 90' lang='lat' dir='ltr'>diabolus,</span> <span class='ocrx_word' id='word_1_122' title='bbox 541 2051 701 2130; x_wconf 87' lang='lat' dir='ltr'>tamquam</span> <span class='ocrx_word' id='word_1_123' title='bbox 731 2048 806 2112; x_wconf 88' lang='lat' dir='ltr'>deus</span> <span class='ocrx_word' id='word_1_124' title='bbox 835 2047 960 2112; x_wconf 91' lang='lat' dir='ltr'>omnino</span> <span class='ocrx_word' id='word_1_125' title='bbox 983 2063 1044 2111; x_wconf 92' lang='lat' dir='ltr'>non</span> <span class='ocrx_word' id='word_1_126' title='bbox 1067 2046 1194 2123; x_wconf 85' lang='lat' dir='ltr'>temtet,</span> <span class='ocrx_word' id='word_1_127' title='bbox 1224 2044 1259 2109; x_wconf 88' lang='lat' dir='ltr'>de</span> 
     </span>
     <span class='ocr_line' id='line_1_18' title="bbox 131 2147 1258 2232; baseline 0.003 -21"><span class='ocrx_word' id='word_1_128' title='bbox 131 2165 192 2230; x_wconf 90' lang='lat' dir='ltr'>quo</span> <span class='ocrx_word' id='word_1_129' title='bbox 209 2147 270 2212; x_wconf 88' lang='lat' dir='ltr'>alio</span> <span class='ocrx_word' id='word_1_130' title='bbox 287 2149 353 2215; x_wconf 94' lang='lat' dir='ltr'>loco</span> <span class='ocrx_word' id='word_1_131' title='bbox 368 2151 523 2231; x_wconf 84' lang='lat' dir='ltr'>scriptura</span> <span class='ocrx_word' id='word_1_132' title='bbox 538 2149 629 2215; x_wconf 88' lang='lat' dir='ltr'>dicit:</span> <span class='ocrx_word' id='word_1_133' title='bbox 644 2150 728 2232; x_wconf 87' lang='lat' dir='ltr'>ipse</span> <span class='ocrx_word' id='word_1_134' title='bbox 751 2154 879 2214; x_wconf 88' lang='lat' dir='ltr'>autem</span> <span class='ocrx_word' id='word_1_135' title='bbox 897 2151 1088 2215; x_wconf 92' lang='lat' dir='ltr'>nemiuem</span> <span class='ocrx_word' id='word_1_136' title='bbox 1107 2152 1258 2226; x_wconf 88' lang='lat' dir='ltr'>temtat,</span> 
     </span>
     <span class='ocr_line' id='line_1_19' title="bbox 132 2252 1258 2336; baseline 0.002 -21"><span class='ocrx_word' id='word_1_137' title='bbox 132 2269 190 2316; x_wconf 89' lang='lat' dir='ltr'>nec</span> <span class='ocrx_word' id='word_1_138' title='bbox 221 2253 377 2318; x_wconf 85' lang='lat' dir='ltr'>contraria</span> <span class='ocrx_word' id='word_1_139' title='bbox 405 2259 453 2317; x_wconf 91' lang='lat' dir='ltr'>est</span> <span class='ocrx_word' id='word_1_140' title='bbox 474 2254 537 2318; x_wconf 86' lang='lat' dir='ltr'>ista</span> <span class='ocrx_word' id='word_1_141' title='bbox 558 2255 716 2320; x_wconf 84' lang='lat' dir='ltr'>sententia</span> <span class='ocrx_word' id='word_1_142' title='bbox 738 2255 766 2318; x_wconf 93' lang='lat' dir='ltr'>ei</span> <span class='ocrx_word' id='word_1_143' title='bbox 789 2272 850 2336; x_wconf 85' lang='lat' dir='ltr'>qua</span> <span class='ocrx_word' id='word_1_144' title='bbox 872 2252 1003 2319; x_wconf 90' lang='lat' dir='ltr'>dicitur:</span> <span class='ocrx_word' id='word_1_145' title='bbox 1027 2257 1174 2319; x_wconf 80' lang='lat' dir='ltr'>temtst</span> <span class='ocrx_word' id='word_1_146' title='bbox 1196 2271 1258 2318; x_wconf 92' lang='lat' dir='ltr'>uos</span> 
     </span>
     <span class='ocr_line' id='line_1_20' title="bbox 132 2353 1258 2439; baseline 0.004 -20"><span class='ocrx_word' id='word_1_147' title='bbox 132 2353 315 2421; x_wconf 89' lang='lat' dir='ltr'>dominus</span> <span class='ocrx_word' id='word_1_148' title='bbox 343 2359 436 2422; x_wconf 91' lang='lat' dir='ltr'>deus</span> <span class='ocrx_word' id='word_1_149' title='bbox 463 2360 616 2438; x_wconf 86' lang='lat' dir='ltr'>uester,</span> <span class='ocrx_word' id='word_1_150' title='bbox 654 2357 708 2422; x_wconf 90' lang='lat' dir='ltr'>sed</span> <span class='ocrx_word' id='word_1_151' title='bbox 731 2356 866 2422; x_wconf 89' lang='lat' dir='ltr'>soluitur</span> <span class='ocrx_word' id='word_1_152' title='bbox 895 2359 1046 2439; x_wconf 87' lang='lat' dir='ltr'>quaestio,</span> <span class='ocrx_word' id='word_1_153' title='bbox 1071 2376 1145 2423; x_wconf 90' lang='lat' dir='ltr'>oum</span> <span class='ocrx_word' id='word_1_154' title='bbox 1169 2374 1258 2423; x_wconf 80' lang='lat' dir='ltr'>uoco·</span> 
     </span>
     <span class='ocr_line' id='line_1_21' title="bbox 132 2457 1287 2542; baseline 0.001 -19"><span class='ocrx_word' id='word_1_155' title='bbox 132 2457 244 2524; x_wconf 91' lang='lat' dir='ltr'>bulum</span> <span class='ocrx_word' id='word_1_156' title='bbox 274 2460 467 2526; x_wconf 89' lang='lat' dir='ltr'>temtationis</span> <span class='ocrx_word' id='word_1_157' title='bbox 490 2461 629 2526; x_wconf 88' lang='lat' dir='ltr'>diuersas</span> <span class='ocrx_word' id='word_1_158' title='bbox 651 2461 884 2542; x_wconf 80' lang='lat' dir='ltr'>intellegentias</span> <span class='ocrx_word' id='word_1_159' title='bbox 908 2460 1000 2526; x_wconf 83' lang='lat' dir='ltr'>habet</span> <span class='ocrx_word' id='word_1_160' title='bbox 1024 2478 1070 2537; x_wconf 90' lang='lat' dir='ltr'>eo,</span> <span class='ocrx_word' id='word_1_161' title='bbox 1095 2460 1180 2542; x_wconf 90' lang='lat' dir='ltr'>qnod</span> <span class='ocrx_word' id='word_1_162' title='bbox 1200 2459 1287 2524; x_wconf 72' lang='lat' dir='ltr'>aneo</span> 
     </span>
     <span class='ocr_line' id='line_1_22' title="bbox 131 2561 1259 2647; baseline 0 -20"><span class='ocrx_word' id='word_1_163' title='bbox 131 2561 174 2627; x_wconf 84' lang='lat' dir='ltr'>sit</span> <span class='ocrx_word' id='word_1_164' title='bbox 202 2563 348 2627; x_wconf 90' lang='lat' dir='ltr'>temtatio</span> <span class='ocrx_word' id='word_1_165' title='bbox 377 2564 579 2646; x_wconf 87' lang='lat' dir='ltr'>deceptionis,</span> <span class='ocrx_word' id='word_1_166' title='bbox 606 2564 669 2630; x_wconf 87' lang='lat' dir='ltr'>alis</span> <span class='ocrx_word' id='word_1_167' title='bbox 691 2565 833 2630; x_wconf 84' lang='lat' dir='ltr'>temtatio</span> <span class='ocrx_word' id='word_1_168' title='bbox 856 2565 1066 2647; x_wconf 87' lang='lat' dir='ltr'>probotionis;</span> <span class='ocrx_word' id='word_1_169' title='bbox 1091 2561 1259 2628; x_wconf 90' lang='lat' dir='ltr'>secundum</span> 
     </span>
     <span class='ocr_line' id='line_1_23' title="bbox 131 2662 1259 2751; baseline 0.003 -23"><span class='ocrx_word' id='word_1_170' title='bbox 131 2662 223 2730; x_wconf 86' lang='lat' dir='ltr'>illam</span> <span class='ocrx_word' id='word_1_171' title='bbox 251 2683 311 2730; x_wconf 92' lang='lat' dir='ltr'>non</span> <span class='ocrx_word' id='word_1_172' title='bbox 341 2666 537 2750; x_wconf 85' lang='lat' dir='ltr'>intellegitur</span> <span class='ocrx_word' id='word_1_173' title='bbox 564 2669 616 2750; x_wconf 89' lang='lat' dir='ltr'>qui</span> <span class='ocrx_word' id='word_1_174' title='bbox 646 2670 769 2742; x_wconf 87' lang='lat' dir='ltr'>temtat,</span> <span class='ocrx_word' id='word_1_175' title='bbox 804 2668 865 2732; x_wconf 91' lang='lat' dir='ltr'>nisi</span> <span class='ocrx_word' id='word_1_176' title='bbox 894 2667 1053 2751; x_wconf 89' lang='lat' dir='ltr'>diabolus;</span> <span class='ocrx_word' id='word_1_177' title='bbox 1089 2667 1259 2732; x_wconf 88' lang='lat' dir='ltr'>secundnm</span> 
     </span>
     <span class='ocr_line' id='line_1_24' title="bbox 131 2767 1259 2852; baseline -0.001 -19"><span class='ocrx_word' id='word_1_178' title='bbox 131 2767 210 2833; x_wconf 83' lang='lat' dir='ltr'>huuc</span> <span class='ocrx_word' id='word_1_179' title='bbox 243 2787 317 2833; x_wconf 91' lang='lat' dir='ltr'>uero</span> <span class='ocrx_word' id='word_1_180' title='bbox 350 2773 464 2834; x_wconf 90' lang='lat' dir='ltr'>temtat</span> <span class='ocrx_word' id='word_1_181' title='bbox 499 2770 590 2835; x_wconf 88' lang='lat' dir='ltr'>deus:</span> <span class='ocrx_word' id='word_1_182' title='bbox 628 2773 673 2836; x_wconf 85' lang='lat' dir='ltr'>ito</span> <span class='ocrx_word' id='word_1_183' title='bbox 707 2789 777 2836; x_wconf 90' lang='lat' dir='ltr'>cunr</span> <span class='ocrx_word' id='word_1_184' title='bbox 811 2770 943 2836; x_wconf 85' lang='lat' dir='ltr'>dieitur:</span> <span class='ocrx_word' id='word_1_185' title='bbox 979 2788 1050 2836; x_wconf 88' lang='lat' dir='ltr'>caro</span> <span class='ocrx_word' id='word_1_186' title='bbox 1087 2768 1259 2852; x_wconf 86' lang='lat' dir='ltr'>possidebit</span> 
     </span>
     <span class='ocr_line' id='line_1_25' title="bbox 131 2870 1258 2957; baseline -0.002 -22"><span class='ocrx_word' id='word_1_187' title='bbox 131 2889 263 2955; x_wconf 85' lang='lat' dir='ltr'>reguum</span> <span class='ocrx_word' id='word_1_188' title='bbox 292 2871 352 2952; x_wconf 90' lang='lat' dir='ltr'>dei,</span> <span class='ocrx_word' id='word_1_189' title='bbox 382 2874 430 2937; x_wconf 91' lang='lat' dir='ltr'>et:</span> <span class='ocrx_word' id='word_1_190' title='bbox 461 2890 530 2937; x_wconf 85' lang='lat' dir='ltr'>caro</span> <span class='ocrx_word' id='word_1_191' title='bbox 562 2878 593 2937; x_wconf 92' lang='lat' dir='ltr'>et</span> <span class='ocrx_word' id='word_1_192' title='bbox 615 2875 740 2956; x_wconf 84' lang='lat' dir='ltr'>sanguis</span> <span class='ocrx_word' id='word_1_193' title='bbox 763 2890 825 2938; x_wconf 91' lang='lat' dir='ltr'>non</span> <span class='ocrx_word' id='word_1_194' title='bbox 848 2872 1020 2954; x_wconf 86' lang='lat' dir='ltr'>possidebit</span> <span class='ocrx_word' id='word_1_195' title='bbox 1042 2891 1178 2957; x_wconf 83' lang='lat' dir='ltr'>regnum</span> <span class='ocrx_word' id='word_1_196' title='bbox 1200 2870 1258 2947; x_wconf 92' lang='lat' dir='ltr'>dei,</span> 
     </span>
     <span class='ocr_line' id='line_1_26' title="bbox 132 2973 1288 3059; baseline -0.003 -19"><span class='ocrx_word' id='word_1_197' title='bbox 132 2974 228 3040; x_wconf 86' lang='lat' dir='ltr'>etiam</span> <span class='ocrx_word' id='word_1_198' title='bbox 257 2973 350 3039; x_wconf 90' lang='lat' dir='ltr'>huius</span> <span class='ocrx_word' id='word_1_199' title='bbox 380 2976 514 3039; x_wconf 88' lang='lat' dir='ltr'>nominis</span> <span class='ocrx_word' id='word_1_200' title='bbox 543 2975 759 3059; x_wconf 87' lang='lat' dir='ltr'>intellegentia</span> <span class='ocrx_word' id='word_1_201' title='bbox 787 2977 987 3053; x_wconf 87' lang='lat' dir='ltr'>discernatur,</span> <span class='ocrx_word' id='word_1_202' title='bbox 1023 2979 1055 3040; x_wconf 90' lang='lat' dir='ltr'>et</span> <span class='ocrx_word' id='word_1_203' title='bbox 1086 2975 1175 3040; x_wconf 88' lang='lat' dir='ltr'>nulla</span> <span class='ocrx_word' id='word_1_204' title='bbox 1202 2974 1288 3038; x_wconf 67' lang='lat' dir='ltr'>eritas</span> 
     </span>
     <span class='ocr_line' id='line_1_27' title="bbox 131 3077 1260 3161; baseline 0.001 -19"><span class='ocrx_word' id='word_1_205' title='bbox 131 3077 282 3160; x_wconf 85' lang='lat' dir='ltr'>quaestio,</span> <span class='ocrx_word' id='word_1_206' title='bbox 305 3077 449 3159; x_wconf 83' lang='lat' dir='ltr'>quoniam</span> <span class='ocrx_word' id='word_1_207' title='bbox 467 3096 537 3143; x_wconf 87' lang='lat' dir='ltr'>caro</span> <span class='ocrx_word' id='word_1_208' title='bbox 557 3080 727 3144; x_wconf 91' lang='lat' dir='ltr'>secundum</span> <span class='ocrx_word' id='word_1_209' title='bbox 743 3078 962 3156; x_wconf 80' lang='lat' dir='ltr'>substantiam,</span> <span class='ocrx_word' id='word_1_210' title='bbox 976 3079 1152 3144; x_wconf 92' lang='lat' dir='ltr'>secundum</span> <span class='ocrx_word' id='word_1_211' title='bbox 1167 3096 1260 3161; x_wconf 86' lang='lat' dir='ltr'>quam</span> 
     </span>
     <span class='ocr_line' id='line_1_28' title="bbox 131 3179 1260 3263; baseline -0.002 -17"><span class='ocrx_word' id='word_1_212' title='bbox 131 3179 252 3246; x_wconf 90' lang='lat' dir='ltr'>dictum</span> <span class='ocrx_word' id='word_1_213' title='bbox 269 3184 331 3245; x_wconf 89' lang='lat' dir='ltr'>est:</span> <span class='ocrx_word' id='word_1_214' title='bbox 347 3181 518 3263; x_wconf 88' lang='lat' dir='ltr'>spiritus</span> <span class='ocrx_word' id='word_1_215' title='bbox 540 3198 634 3247; x_wconf 88' lang='lat' dir='ltr'>ossa</span> <span class='ocrx_word' id='word_1_216' title='bbox 655 3184 692 3246; x_wconf 90' lang='lat' dir='ltr'>et</span> <span class='ocrx_word' id='word_1_217' title='bbox 715 3200 871 3248; x_wconf 84' lang='lat' dir='ltr'>carnem</span> <span class='ocrx_word' id='word_1_218' title='bbox 895 3198 970 3246; x_wconf 93' lang='lat' dir='ltr'>non</span> <span class='ocrx_word' id='word_1_219' title='bbox 992 3180 1133 3260; x_wconf 86' lang='lat' dir='ltr'>babet,</span> <span class='ocrx_word' id='word_1_220' title='bbox 1155 3182 1260 3247; x_wconf 91' lang='lat' dir='ltr'>sicut</span> 
     </span>
     <span class='ocr_line' id='line_1_29' title="bbox 131 3282 1261 3366; baseline 0.001 -18"><span class='ocrx_word' id='word_1_221' title='bbox 131 3301 188 3348; x_wconf 94' lang='lat' dir='ltr'>me</span> <span class='ocrx_word' id='word_1_222' title='bbox 228 3282 380 3348; x_wconf 90' lang='lat' dir='ltr'>uidetis</span> <span class='ocrx_word' id='word_1_223' title='bbox 420 3283 580 3362; x_wconf 84' lang='lat' dir='ltr'>babere,</span> <span class='ocrx_word' id='word_1_224' title='bbox 614 3284 750 3366; x_wconf 89' lang='lat' dir='ltr'>possidet</span> <span class='ocrx_word' id='word_1_225' title='bbox 782 3302 912 3366; x_wconf 84' lang='lat' dir='ltr'>regnum</span> <span class='ocrx_word' id='word_1_226' title='bbox 950 3283 1017 3360; x_wconf 85' lang='lat' dir='ltr'>dei;</span> <span class='ocrx_word' id='word_1_227' title='bbox 1054 3302 1127 3351; x_wconf 89' lang='lat' dir='ltr'>caro</span> <span class='ocrx_word' id='word_1_228' title='bbox 1154 3288 1261 3349; x_wconf 78' lang='lat' dir='ltr'>autem</span> 
     </span>
     <span class='ocr_line' id='line_1_30' title="bbox 131 3387 1262 3472; baseline 0.001 -22"><span class='ocrx_word' id='word_1_229' title='bbox 131 3403 202 3450; x_wconf 91' lang='lat' dir='ltr'>cum</span> <span class='ocrx_word' id='word_1_230' title='bbox 245 3389 415 3451; x_wconf 88' lang='lat' dir='ltr'>seeundum</span> <span class='ocrx_word' id='word_1_231' title='bbox 453 3388 687 3470; x_wconf 82' lang='lat' dir='ltr'>corruptionem</span> <span class='ocrx_word' id='word_1_232' title='bbox 723 3387 935 3471; x_wconf 77' lang='lat' dir='ltr'>intellegitur,</span> <span class='ocrx_word' id='word_1_233' title='bbox 979 3405 1041 3453; x_wconf 89' lang='lat' dir='ltr'>non</span> <span class='ocrx_word' id='word_1_234' title='bbox 1078 3387 1262 3472; x_wconf 88' lang='lat' dir='ltr'>possidebit.</span> 
     </span>
     <span class='ocr_line' id='line_1_31' title="bbox 129 3488 1291 3576; baseline 0 -23"><span class='ocrx_word' id='word_1_235' title='bbox 129 3488 190 3554; x_wconf 91' lang='lat' dir='ltr'>hoc</span> <span class='ocrx_word' id='word_1_236' title='bbox 217 3488 303 3553; x_wconf 92' lang='lat' dir='ltr'>enim</span> <span class='ocrx_word' id='word_1_237' title='bbox 332 3490 506 3571; x_wconf 84' lang='lat' dir='ltr'>expositum</span> <span class='ocrx_word' id='word_1_238' title='bbox 534 3494 590 3570; x_wconf 90' lang='lat' dir='ltr'>est,</span> <span class='ocrx_word' id='word_1_239' title='bbox 623 3510 695 3557; x_wconf 90' lang='lat' dir='ltr'>cum</span> <span class='ocrx_word' id='word_1_240' title='bbox 723 3491 892 3557; x_wconf 88' lang='lat' dir='ltr'>diceretur:</span> <span class='ocrx_word' id='word_1_241' title='bbox 921 3508 1011 3556; x_wconf 88' lang='lat' dir='ltr'>caro</span> <span class='ocrx_word' id='word_1_242' title='bbox 1034 3495 1072 3556; x_wconf 95' lang='lat' dir='ltr'>et</span> <span class='ocrx_word' id='word_1_243' title='bbox 1095 3491 1291 3576; x_wconf 66' lang='lat' dir='ltr'>sanguise</span> 
     </span>
     <span class='ocr_line' id='line_1_32' title="bbox 130 3592 1261 3679; baseline 0.003 -23"><span class='ocrx_word' id='word_1_244' title='bbox 130 3610 297 3675; x_wconf 86' lang='lat' dir='ltr'>regnum</span> <span class='ocrx_word' id='word_1_245' title='bbox 335 3592 399 3657; x_wconf 93' lang='lat' dir='ltr'>dei</span> <span class='ocrx_word' id='word_1_246' title='bbox 436 3612 509 3659; x_wconf 90' lang='lat' dir='ltr'>non</span> <span class='ocrx_word' id='word_1_247' title='bbox 545 3594 827 3679; x_wconf 88' lang='lat' dir='ltr'>possidebunt,</span> <span class='ocrx_word' id='word_1_248' title='bbox 861 3595 893 3659; x_wconf 90' lang='lat' dir='ltr'>in</span> <span class='ocrx_word' id='word_1_249' title='bbox 928 3612 964 3660; x_wconf 93' lang='lat' dir='ltr'>eo</span> <span class='ocrx_word' id='word_1_250' title='bbox 998 3595 1082 3675; x_wconf 88' lang='lat' dir='ltr'>quod</span> <span class='ocrx_word' id='word_1_251' title='bbox 1117 3596 1261 3660; x_wconf 83' lang='lat' dir='ltr'>continuo</span> 
     </span>
    </p>
   </div>
   <div class='ocr_carea' id='block_1_5' title="bbox 233 3777 1197 3847">
    <p class='ocr_par' dir='ltr' id='par_1_5' title="bbox 233 3777 1197 3847">
     <span class='ocr_line' id='line_1_33' title="bbox 233 3777 1197 3847; baseline 0.005 -15"><span class='ocrx_word' id='word_1_252' title='bbox 233 3780 249 3831; x_wconf 87' lang='lat'>1</span> <span class='ocrx_word' id='word_1_253' title='bbox 272 3777 372 3832; x_wconf 71' lang='lat' dir='ltr'>nescu.</span> <span class='ocrx_word' id='word_1_254' title='bbox 395 3779 437 3846; x_wconf 77' lang='lat'>25,</span> <span class='ocrx_word' id='word_1_255' title='bbox 455 3779 488 3833; x_wconf 86' lang='lat'>41</span> <span class='ocrx_word' id='word_1_256' title='bbox 592 3779 609 3833; x_wconf 89' lang='lat' dir='ltr'>s</span> <span class='ocrx_word' id='word_1_257' title='bbox 633 3780 664 3833; x_wconf 78' lang='lat' dir='ltr'>er.</span> <span class='ocrx_word' id='word_1_258' title='bbox 684 3778 727 3833; x_wconf 75' lang='lat' dir='ltr'>us.</span> <span class='ocrx_word' id='word_1_259' title='bbox 752 3779 844 3846; x_wconf 79' lang='lat' dir='ltr'>111,r</span> <span class='ocrx_word' id='word_1_260' title='bbox 946 3780 963 3834; x_wconf 87' lang='lat' dir='ltr'>e</span> <span class='ocrx_word' id='word_1_261' title='bbox 986 3779 1079 3836; x_wconf 70' lang='lat'>1001.</span> <span class='ocrx_word' id='word_1_262' title='bbox 1100 3782 1143 3847; x_wconf 85' lang='lat'>15,</span> <span class='ocrx_word' id='word_1_263' title='bbox 1159 3782 1197 3836; x_wconf 77' lang='lat' dir='ltr'>se</span> 
     </span>
    </p>
   </div>
   <div class='ocr_carea' id='block_1_6' title="bbox 129 3860 1265 4015">
    <p class='ocr_par' dir='ltr' id='par_1_6' title="bbox 129 3860 1265 4015">
     <span class='ocr_line' id='line_1_34' title="bbox 129 3860 1265 3935; baseline 0.004 -18"><span class='ocrx_word' id='word_1_264' title='bbox 129 3860 257 3918; x_wconf 73' lang='lat' dir='ltr'>dlllor.</span> <span class='ocrx_word' id='word_1_265' title='bbox 276 3865 370 3931; x_wconf 83' lang='lat'>15,50</span> <span class='ocrx_word' id='word_1_266' title='bbox 468 3864 721 3931; x_wconf 81' lang='lat' dir='ltr'>141Thoss.3,5</span> <span class='ocrx_word' id='word_1_267' title='bbox 825 3865 972 3935; x_wconf 73' lang='lat' dir='ltr'>Illacl,</span> <span class='ocrx_word' id='word_1_268' title='bbox 992 3867 1024 3922; x_wconf 87' lang='grc'>13</span> <span class='ocrx_word' id='word_1_269' title='bbox 1133 3869 1167 3924; x_wconf 87' lang='lat'>18</span> <span class='ocrx_word' id='word_1_270' title='bbox 1185 3868 1265 3922; x_wconf 74' lang='lat' dir='ltr'>Dent</span> 
     </span>
     <span class='ocr_line' id='line_1_35' title="bbox 130 3946 538 4015; baseline 0.007 -13"><span class='ocrx_word' id='word_1_271' title='bbox 130 3946 208 4013; x_wconf 80' lang='lat' dir='ltr'>13,e</span> <span class='ocrx_word' id='word_1_272' title='bbox 310 3949 344 4003; x_wconf 77' lang='lat'>27</span> <span class='ocrx_word' id='word_1_273' title='bbox 362 3950 425 4005; x_wconf 82' lang='lat' dir='ltr'>Luc</span> <span class='ocrx_word' id='word_1_274' title='bbox 444 3949 486 4015; x_wconf 81' lang='lat'>24,</span> <span class='ocrx_word' id='word_1_275' title='bbox 504 3951 538 4005; x_wconf 83' lang='lat'>39</span> 
     </span>
    </p>
   </div>
   <div class='ocr_carea' id='block_1_7' title="bbox 129 4134 1269 4292">
    <p class='ocr_par' dir='ltr' id='par_1_7' title="bbox 129 4134 1269 4292">
     <span class='ocr_line' id='line_1_36' title="bbox 183 4134 1269 4209; baseline 0.008 -21"><span class='ocrx_word' id='word_1_276' title='bbox 183 4134 213 4188; x_wconf 93' lang='lat'>11</span> <span class='ocrx_word' id='word_1_277' title='bbox 232 4135 378 4189; x_wconf 85' lang='lat' dir='ltr'>secundum</span> <span class='ocrx_word' id='word_1_278' title='bbox 396 4136 470 4190; x_wconf 84' lang='lat' dir='ltr'>MV:</span> <span class='ocrx_word' id='word_1_279' title='bbox 499 4137 703 4192; x_wconf 84' lang='lat' dir='ltr'>secundumhas</span> <span class='ocrx_word' id='word_1_280' title='bbox 721 4155 740 4192; x_wconf 87' lang='lat' dir='ltr'>o</span> <span class='ocrx_word' id='word_1_281' title='bbox 828 4140 860 4193; x_wconf 85' lang='lat'>13</span> <span class='ocrx_word' id='word_1_282' title='bbox 878 4138 1019 4209; x_wconf 80' lang='lat' dir='ltr'>aliquitl&#39;</span> <span class='ocrx_word' id='word_1_283' title='bbox 1104 4140 1143 4196; x_wconf 76' lang='lat'>24</span> <span class='ocrx_word' id='word_1_284' title='bbox 1159 4145 1190 4197; x_wconf 87' lang='lat' dir='ltr'>ct</span> <span class='ocrx_word' id='word_1_285' title='bbox 1206 4157 1269 4196; x_wconf 82' lang='lat' dir='ltr'>san·</span> 
     </span>
     <span class='ocr_line' id='line_1_37' title="bbox 129 4218 948 4292; baseline 0.01 -20"><span class='ocrx_word' id='word_1_286' title='bbox 129 4220 193 4288; x_wconf 74' lang='lat' dir='ltr'>guis</span> <span class='ocrx_word' id='word_1_287' title='bbox 210 4218 286 4276; x_wconf 81' lang='lat' dir='ltr'>MV:</span> <span class='ocrx_word' id='word_1_288' title='bbox 315 4235 366 4275; x_wconf 82' lang='lat' dir='ltr'>om.</span> <span class='ocrx_word' id='word_1_289' title='bbox 384 4237 403 4275; x_wconf 87' lang='lat' dir='ltr'>c</span> <span class='ocrx_word' id='word_1_290' title='bbox 506 4223 541 4277; x_wconf 78' lang='lat'>28</span> <span class='ocrx_word' id='word_1_291' title='bbox 559 4224 678 4292; x_wconf 88' lang='lat' dir='ltr'>possidet</span> <span class='ocrx_word' id='word_1_292' title='bbox 698 4223 735 4278; x_wconf 81' lang='lat' dir='ltr'>V:</span> <span class='ocrx_word' id='word_1_293' title='bbox 764 4224 948 4292; x_wconf 70' lang='lat' dir='ltr'>possidebitur</span> 
     </span>
    </p>
   </div>
   <div class='ocr_carea' id='block_1_8' title="bbox 0 0 1388 4814">
    <p class='ocr_par' dir='ltr' id='par_1_8' title="bbox 0 0 1388 4814">
     <span class='ocr_line' id='line_1_38' title="bbox 0 0 1388 4814; baseline 0 0"><span class='ocrx_word' id='word_1_294' title='bbox 0 0 1388 4814; x_wconf 95' lang='lat' dir='ltr'> </span> 
     </span>
    </p>
   </div>
  </div>
 </body>
</html>
