2760 4814
166 296 336 365 Excerpta
352 312 389 351 ex
406 311 477 365 opp.
492 295 518 351 S.
530 295 672 367 August.
690 294 901 352 CCLXXXIIII.
914 295 1088 351 cmxxxv.
1127 297 1190 365 919

510 534 745 619 cclxxxv,

58 729 144 776 BINA
167 726 334 787 QVAEDAM
357 728 506 774 mvlmr:
536 726 638 774 POSSE
660 726 731 773 NON
753 726 908 773 Puccauu
930 726 973 772 ET
995 726 1066 774 NON
1088 725 1189 774 Possm

59 829 227 880 Pssccalcu.
267 831 441 879 SIMILITEB
471 831 514 877 ET
543 831 589 877 DE
615 830 747 877 Molem-
778 830 824 875 Ex
846 829 950 876 LIBRO
972 830 1018 876 DE
1041 828 1190 876 CORREP·

460 933 564 980 TIONE
591 933 634 979 ET
656 931 793 980 GRATIA.

36 1094 50 1133 s
102 1068 186 1149 Quid
209 1072 313 1135 autem
336 1069 396 1134 erit
419 1069 550 1134 liberius
573 1069 671 1136 libero
693 1071 830 1149 arbitrio,
855 1070 976 1153 quaudo
999 1088 1059 1135 uon
1080 1066 1262 1150 potue-310

56 1171 102 1237 rit
132 1172 249 1236 seruire
278 1176 414 1253 peceato,
446 1191 524 1254 quae
554 1172 660 1236 futura
693 1173 761 1237 erat
794 1176 825 1237 et
850 1172 977 1253 homiui,
1000 1172 1081 1237 sicut
1103 1173 1187 1238 facta

57 1276 107 1339 est
130 1274 250 1359 angelis
277 1275 405 1350 sanctis,
435 1292 553 1339 merces
583 1274 712 1339 meriti?
745 1292 827 1339 nunc
857 1280 962 1339 auteur
983 1293 1037 1357 pro
1059 1279 1186 1357 peccato

56 1378 183 1462 perdite
211 1377 291 1442 boue
319 1377 431 1442 merito
461 1378 493 1442 iu
516 1377 564 1441 his
587 1377 641 1460 qui
663 1376 839 1443 liberantur
861 1379 980 1444 factum
1004 1379 1050 1443 est
1072 1376 1188 1443 donum

56 1481 188 1564 gratiae,
212 1498 290 1562 quae
313 1498 433 1544 merces
455 1481 560 1544 meriti
583 1480 690 1546 sutura
711 1484 787 1546 erat.

23 1629 50 1670 rc
102 1603 298 1685 Quapropter
326 1601 401 1666 bina
416 1603 493 1666 vista
523 1602 598 1683 quid
629 1602 711 1667 iuter
742 1622 774 1665 se
801 1602 947 1666 differant
970 1602 1136 1684 diligenter
1157 1606 1189 1668 et

57 1705 231 1787 uigilanter
252 1705 438 1768 intuendum
462 1705 519 1787 est,
543 1723 631 1787 posse
654 1724 714 1769 ueu
736 1723 860 1786 peccare
882 1706 914 1769 et
934 1723 997 1769 uon
1012 1724 1101 1788 posse
1116 1723 1188 1788 pec-

56 1826 139 1886 care,
173 1825 262 1891 posse
292 1826 354 1873 nou
383 1808 463 1873 mori
493 1810 524 1872 et
552 1826 612 1872 nou
636 1826 726 1888 posse
754 1806 844 1885 mori,
878 1809 994 1873 bouum
1016 1827 1105 1892 posse
1127 1829 1188 1875 ucu

56 1912 209 1989 deserere,
232 1913 347 1977 bouum
370 1930 430 1976 ucu
453 1929 543 1994 posse
566 1902 711 1977 deserere.
749 1912 852 1994 potuit
875 1913 956 1977 euim
980 1931 1041 1977 neu
1061 1930 1188 1994 peccare

55 2015 179 2098 primus
209 2015 310 2098 home,
342 2015 446 2096 potuit
475 2034 535 2080 nou
564 2016 653 2092 mori,
683 2016 785 2097 potuit
816 2015 932 2081 bouum
954 2034 1015 2081 nou
1039 2018 1186 2081 deserere.

25 2118 210 2201 auumquid
229 2118 343 2183 dicturi
359 2136 481 2183 sumus:
506 2137 585 2198 „uon
603 2118 706 2200 potuit
721 2118 866 2200 peccare“
891 2121 944 2201 qui
965 2119 1028 2183 tale
1051 2117 1186 2184 habebat

55 2222 191 2287 liberum
210 2221 398 2286 arbitrium?
420 2225 490 2285 aut:
516 2240 595 2305 „nou
611 2223 714 2301 potuit
729 2220 828 2285 mori“
853 2223 902 2285 cui
925 2222 1123 2286 dictumest:
1159 2222 1186 2286 si

54 2325 241 2407 peccaretis,
257 2327 357 2389 morte
372 2322 536 2388 morieris?
560 2328 628 2389 aut:
654 2342 733 2408 „nou
752 2323 854 2406 potuit
877 2326 989 2390 bouum
1014 2325 1184 2406 deserere“,

55 2448 126 2493 cum
150 2428 210 2492 hoc
232 2430 385 2509 peccando
409 2427 582 2492 deseruerit
603 2429 635 2491 et
656 2426 724 2491 ideo
747 2428 889 2491 mortuus
905 2427 972 2492 sit?
994 2427 1095 2508 prima
1112 2445 1185 2507 ergo

54 2532 187 2596 libertas
221 2530 393 2594 uoluntatis
417 2531 494 2611 erat,
528 2549 617 2612 posse
651 2547 711 2593 nou
746 2549 886 2611 peceare;
921 2530 1092 2595 nouissima
1125 2530 1186 2595 erit

26 2636 157 2701 amulto
192 2634 300 2712 maior,
334 2652 396 2698 neu
429 2652 518 2715 posse
552 2652 688 2717 peccare.
733 2633 834 2716 prima
867 2633 1090 2698 immortalitas
1118 2638 1184 2698 erat

51 2756 143 2823 posse
167 2755 227 2802 nou
250 2739 345 2821 mori;
369 2738 541 2802 nouissima
563 2739 623 2802 erit
644 2737 745 2802 multo
768 2738 877 2813 maior,
900 2756 961 2803 uon
985 2756 1073 2820 posse
1093 2737 1182 2802 mori.

50 2844 159 2924 prima
181 2841 249 2906 erat
271 2840 518 2922 perseuerantiae
541 2842 678 2923 potestas
700 2842 815 2906 benum
837 2858 926 2924 posse
949 2859 1010 2905 non
1033 2840 1183 2922 desererep

50 2944 228 3010 nouissima
249 2944 309 3009 erit
330 2944 580 3025 perseuerantiae
602 2943 737 3009 felicitas
760 2944 875 3008 bouum
899 2962 958 3007 ucu
982 2962 1070 3025 posse
1095 2943 1180 3008 dese-

47 3066 131 3114 rere.
178 3048 331 3130 numquid
370 3049 443 3130 quia
477 3051 568 3112 eruut
606 3049 685 3113 bona
720 3049 889 3112 nouissima
925 3047 1046 3128 potiora
1090 3048 1183 3128 atque

10 3151 194 3235 emoriere,
218 3150 287 3215 ideo
310 3151 437 3215 fuerunt
459 3150 515 3215 illa
537 3151 640 3233 prima
660 3151 711 3215 uel
734 3151 822 3214 nulla
843 3151 894 3215 uel
916 3152 1033 3232 parua?

96 3272 242 3354 Itemque
271 3271 341 3355 ipsa
370 3272 526 3338 adiutoria
556 3272 774 3356 distinguenda
803 3272 887 3336 suut.
917 3270 1001 3336 aliud
1025 3269 1072 3335 est
1093 3268 1180 3334 adiu-

45 3374 180 3453 torium,
203 3375 269 3439 siue
292 3394 352 3458 quo
374 3377 491 3457 aliquid
515 3394 574 3442 nou
596 3376 642 3454 fic,
665 3377 697 3439 et
723 3375 808 3439 aliud
831 3377 878 3439 est
900 3373 1099 3449 adiutorium,
1122 3390 1182 3454 quo

156 3594 189 3647 11
208 3592 242 3647 cf.
261 3593 325 3647 Geu.
343 3594 369 3660 2,
389 3595 420 3647 17

102 3798 197 3865 lccp.
216 3795 383 3852 cclxxxv
399 3797 501 3861 (Vrec.
516 3798 556 3865 V)
574 3798 648 3852 MV:
677 3797 742 3853 CCC
761 3799 789 3852 P
816 3796 911 3853 cccn
931 3798 973 3853 Gc
1070 3797 1178 3868 2biua]

47 3881 122 3939 Mna
139 3883 206 3938 MV
228 3884 280 3951 (sic
297 3888 323 3938 et
339 3900 367 3951 p.
386 3886 434 3951 28,
452 3886 501 3949 27)
604 3900 656 3938 uon
675 3899 780 3953 peccare
799 3884 866 3939 GP:
895 3899 1000 3952 peccare
1018 3884 1095 3951 MV;
1118 3890 1180 3952 pout

47 3970 100 4027 hoc
115 3969 584 4038 wbumcpat.uacuum31itt.ia
606 3970 632 4024 V
716 3970 870 4038 bpotuerit
885 3970 921 4024 V:
948 3973 1067 4038 potueris
1085 3971 1113 4023 P

46 4056 163 4111 tilacta
188 4055 254 4110 GP:
284 4056 385 4109 iactum
409 4056 435 4110 V
534 4057 549 4110 7
574 4074 620 4126 pro
638 4061 745 4126 peccato
767 4057 803 4111 Vt
833 4072 879 4125 per
895 4064 1032 4125 peceatum
1057 4056 1112 4111 GP

48 4144 83 4198 10
100 4142 167 4197 blut
185 4142 252 4197 GP:
281 4143 345 4196 uina
366 4143 393 4197 V
476 4144 508 4197 13
526 4142 624 4197 bouum
643 4143 677 4197 V:
708 4146 736 4196 et
753 4142 852 4197 bouum
870 4143 898 4196 P
990 4144 1020 4197 15
1039 4143 1094 4195 tale
1114 4142 1177 4197 GP:

47 4230 131 4285 telem
152 4226 180 4282 V
280 4229 313 4283 27
332 4228 406 4283 aliud
424 4232 465 4283 est
487 4228 524 4282 V:
553 4230 626 4283 aliud
645 4230 672 4284 P
