2760 4814
312 565 479 637 Excerpta
495 582 531 622 ex
547 582 619 638 opp.
637 568 664 624 S.
682 570 871 639 Augustini
888 571 962 627 XXI.
1141 577 1202 641 175

65 775 148 841 qnae
172 775 236 823 non
263 759 375 839 specie,
406 757 461 822 scd
492 759 526 823 in
555 759 621 823 eius
642 757 818 842 priuatione
839 762 991 844 sciuntur,
1014 760 1043 826 si
1063 762 1126 828 dici
1148 765 1203 828 aut

67 862 214 946 intellegi
236 863 349 944 potest,
379 863 514 945 quodam
537 862 630 927 modo
652 864 816 929 nesciendo
838 863 991 947 sciuntur,
1019 867 1056 929 ut
1077 866 1203 931 emendo

65 965 258 1031 noeciantur.
297 985 369 1031 cum
392 967 475 1031 enim
498 966 581 1030 acies
604 965 686 1031 oculi
708 968 874 1049 corporalis
896 969 995 1033 currit
1015 987 1070 1050 per
1085 969 1202 1050 species

66 1068 257 1152 corporales,
291 1087 447 1153 nusquam
479 1071 623 1135 tenebras
657 1069 744 1136 uidet
782 1072 843 1136 nisi
886 1070 941 1136 ubi
974 1072 1110 1152 coeperit
1142 1091 1203 1137 non

46 1174 185 1240 endere.
215 1173 264 1239 ita
285 1174 381 1239 etiam
402 1191 464 1238 non
487 1172 526 1237 ad
549 1173 687 1255 aliquem
710 1173 810 1238 alium
833 1192 969 1250 sensum,
987 1176 1041 1239 sed
1059 1174 1098 1239 ad
1120 1175 1202 1240 solas

65 1297 159 1344 suros
183 1277 320 1361 pertinet
341 1277 457 1342 sentire
480 1265 652 1354 silentium,
682 1276 764 1360 quod
792 1277 898 1342 temen
921 1276 1008 1341 nullo
1031 1279 1121 1341 modo
1143 1278 1203 1342 nisi

66 1400 129 1447 non
153 1380 309 1446 audiendo
331 1380 477 1447 sentitur.
506 1378 554 1445 sic
575 1378 695 1463 epcciee
717 1378 943 1463 intellegibilee
964 1397 1053 1443 mene
1076 1378 1204 1461 quidem

64 1488 178 1551 nostra
199 1483 412 1566 intellegendo
434 1481 595 1564 conspicit,
619 1482 673 1548 sed
696 1481 749 1547 ubi
771 1480 920 1548 deficiunt
941 1481 1106 1548 nesciendo
1129 1499 1202 1549 con·

64 1586 182 1652 discit:
206 1585 361 1652 delicte
382 1586 464 1652 onim
488 1587 573 1668 quis
595 1585 836 1669 intellegit?

31 1728 57 1767 n
109 1708 182 1772 Hoc
203 1707 279 1785 seio,
310 1710 456 1773 naturam
479 1708 529 1773 dei
555 1726 738 1790 numquam,
760 1726 923 1790 nusquam,
947 1705 1035 1771 nulle
1057 1724 1092 1771 er
1114 1711 1203 1788 parto

67 1829 160 1892 posee
183 1810 316 1875 deficere
338 1816 372 1876 et
394 1829 539 1893 esposse
569 1810 699 1876 deficere
728 1829 808 1893 quac
829 1829 865 1875 ex
888 1809 988 1875 nibilo
1010 1808 1096 1874 facta
1119 1812 1201 1874 sunt.

66 1933 148 1997 qnae
172 1915 280 1978 minen
301 1917 416 1994 quanto
438 1913 541 1997 magis
565 1917 639 1978 sunt
661 1918 693 1978 ot
716 1916 797 1980 bone
820 1912 1000 1978 iaciunt-
1018 1914 1096 1977 tnnc
1118 1911 1203 1976 enim

66 2017 190 2100 aliquid
227 2016 347 2081 faciunt
380 2053 421 2064 -
455 2036 564 2083 causas
601 2016 718 2082 habent
755 2016 941 2091 officientcs;
979 2014 1013 2079 in
1051 2018 1203 2097 quantum

67 2124 176 2188 antem
206 2119 357 2185 deficiunt
379 2123 411 2184 et
433 2139 468 2184 ex
494 2121 552 2185 hoc
583 2120 669 2185 mala
701 2119 822 2186 iaciunt
842 2153 886 2169 -·
909 2118 983 2202 quid
1014 2117 1097 2183 onim
1129 2119 1203 2183 tunc

34 2225 191 2289 cincinni
212 2223 274 2288 nisi
296 2226 402 2288 nano?
423 2259 465 2271 -
488 2241 599 2289 causas
622 2223 738 2288 habent
753 2223 941 2289 deficientes.
974 2221 1113 2302 itemque
1129 2219 1201 2298 scio,

66 2330 186 2409 inquo
209 2325 245 2391 fit
268 2327 351 2393 maia
374 2330 529 2407 uoluntas,
561 2328 593 2392 id
615 2328 650 2392 in
672 2347 707 2392 eo
740 2327 807 2392 lieri
837 2327 918 2411 quod
949 2325 977 2390 ei
1011 2324 1110 2388 nollet
1139 2339 1200 2388 non

67 2430 169 2507 ficret,
199 2433 232 2495 ct
253 2431 323 2496 ideo
344 2448 406 2495 non
428 2431 626 2509 necessariae,
657 2431 711 2496 sed
735 2431 928 2495 uoluntarios
952 2428 1091 2493 defectus
1114 2427 1200 2490 iusta

68 2553 168 2616 peona
194 2537 403 2615 consequitur.
440 2534 583 2599 deficitur
604 2535 688 2599 enim
711 2552 772 2599 uon
794 2534 834 2598 ad
856 2533 948 2610 mola,
973 2531 1027 2596 sed
1050 2528 1142 2605 male,
1166 2528 1196 2593 id

69 2643 117 2703 est
139 2656 204 2703 non
226 2640 265 2703 ed
287 2638 387 2702 malae
410 2639 548 2715 naturas,
572 2637 627 2701 eod
646 2638 715 2702 ideo
731 2637 822 2715 male,
846 2636 920 2719 quia
935 2637 1045 2700 eontra
1060 2635 1202 2699 ordinem

36 2747 254 2807 »naturarum
286 2744 325 2806 ob
358 2757 393 2804 oo
428 2741 509 2822 quod
542 2758 663 2805 summe
692 2744 740 2805 est
769 2741 809 2805 ad
840 2741 872 2803 id
902 2739 983 2821 quod
1014 2739 1117 2804 minus
1144 2743 1202 2802 est.

68 2864 170 2928 noque
204 2844 290 2908 onim
316 2842 386 2907 auri
415 2843 529 2908 uitium
560 2845 608 2908 ost
637 2844 780 2928 auaritia,
811 2844 866 2908 sed
895 2841 1031 2908 beminis
1059 2859 1203 2923 pemerse

66 2948 204 3014 amantis
235 2963 346 3011 curum
373 2946 496 3012 iustitia
523 2945 680 3024 derelicta,
709 2965 787 3028 quae
815 2943 1102 3028 incomparabiliter
1127 2960 1202 3011 euro

66 3051 180 3117 debuit
201 3050 365 3133 anteponi3
388 3067 446 3115 nec
464 3049 586 3114 luxuria
601 3049 717 3114 uitium
732 3053 781 3113 est
795 3048 1040 3132 pulchritudinis
1056 3048 1202 3114 enauium

66 3173 247 3238 corporum
276 3154 331 3218 sed
362 3154 483 3219 animae
510 3170 656 3236 peruerse
677 3154 813 3218 amantis
836 3170 999 3234 corporeas
1022 3153 1203 3234 uoluptates

34 3259 219 3342 nneglecta
247 3256 463 3338 temperantia,
495 3274 559 3338 qua
587 3256 678 3320 rebus
708 3255 895 3337 spiritaliter
916 3254 1148 3338 pulchrioribus
1172 3257 1204 3317 et

67 3359 355 3444 incorruptibiliter
374 3359 573 3425 suauioribue
603 3365 802 3440 coaptamur,
832 3377 890 3424 nec
911 3357 1065 3423 iactantia
1087 3357 1204 3421 uitium

68 3473 116 3529 est
148 3463 254 3530 lsudie
279 3463 442 3549 humanm,
468 3467 521 3530 sed
546 3465 669 3529 animae
690 3481 835 3544 peruerse
857 3463 993 3527 amantis
1016 3459 1141 3525 laudari
1164 3457 1203 3525 ab

71 3568 254 3634 bominibus
277 3571 381 3651 spreto
404 3568 583 3633 testimonio
607 3566 830 3644 conscientine;
854 3584 911 3631 noc
926 3563 1072 3648 superbia
1086 3562 1204 3627 uitium

174 3787 367 3853 eham

122 3992 188 4047 lin
207 3992 292 4060 specie
309 3992 377 4047 Pro
474 3993 593 4047 mentor
611 3991 676 4047 MV
773 3992 953 4064 4oorporclis
971 3991 1009 4046 Ρι
1107 3989 1206 4059 coporit

71 4096 86 4134 o
168 4077 283 4131 balium
295 4077 468 4146 eliquemPo
543 4077 654 4150 liquot]
667 4093 720 4147 quo
731 4077 796 4131 MV
872 4074 1089 4146 iintellcgibiiie
1101 4075 1142 4130 ΡΙ,

72 4165 105 4220 10
131 4179 267 4232 nunquam
292 4179 342 4218 oua
370 4179 387 4218 o
489 4166 521 4223 15
546 4168 668 4237 itemque
685 4164 751 4234 ecio]
769 4165 835 4219 item
863 4163 968 4233 questio
994 4178 1011 4217 u
1113 4161 1145 4215 17
1165 4160 1207 4215 (ic

72 4251 156 4305 Mu
173 4249 228 4305 ΡΨ
330 4250 365 4304 18
382 4249 478 4305 Μ
493 4256 573 4320 MVv
599 4253 704 4313 malum
721 4251 750 4306 P
851 4252 886 4307 20
903 4247 975 4318 qoqo
993 4262 1095 4304 summo
1112 4247 1141 4302 P

72 4337 106 4391 ii
128 4334 235 4390 luxorio
255 4333 312 4389 PT
414 4338 453 4388 ert
469 4355 516 4415 opp
535 4351 595 4414 pu„
703 4335 915 4407 pulchritudinis
932 4335 1008 4390 MV:
1033 4332 1209 4404 pulchrorum

72 4422 142 4478 Pro
239 4418 412 4487 mniumque
428 4417 492 4494 Pr„
578 4433 636 4498 ‚24
653 4427 782 4488 mento·
799 4423 837 4478 P¹
939 4422 1096 4478 uoluntotes
1114 4419 1142 4473 P

72 4507 234 4561 amica
245 4503 312 4558 rur
380 4500 583 4615 ''⁸¹⁶⁵0rrocso
676 4509 713 4570 cr
727 4506 818 4564 auce·
831 4510 868 4568 ι)Ι
952 4511 1075 4566 mnes
1088 4504 1142 4561 ns>
