2760 4814
220 307 284 375 804
702 305 868 375 Eugippii

219 499 253 563 in
275 514 371 580 aquae
395 513 517 562 amaras
539 495 647 561 bdooen
668 494 792 561 misisse
815 495 958 579 legimus,
981 497 1018 560 ut
1033 496 1249 563 amaritudine
1263 517 1347 565 eare-

219 600 300 680 rent,
327 619 425 683 neque
447 599 502 665 ille
525 599 616 684 lapis,
639 616 730 680 quern
745 597 837 663 Iaoob
852 599 891 663 ad
907 602 1001 681 eaput
1023 596 1084 664 sibi
1104 601 1223 681 poenit,
1252 620 1347 684 neque

219 702 299 769 illud
321 721 425 786 peona,
448 700 531 786 quod
553 719 607 784 pro
625 701 690 765 filio
712 701 892 766 immolauit
913 701 1084 767 Abraham.
1112 701 1192 768 haee
1213 721 1346 787 namque

220 808 267 870 ita
288 824 339 871 ree
361 810 444 883 aunt,
469 808 505 870 ut
526 805 659 870 aliarum
682 806 778 869 etiam
801 804 890 888 sigua
912 805 978 869 sint
1000 823 1115 871 rerum.
1149 808 1228 872 sunt
1244 809 1344 873 antem

219 909 282 974 alia
304 909 404 994 signa,
427 927 558 991 quorum
581 907 680 973 omnia
702 926 777 972 usus
800 908 833 972 in
854 907 1058 990 signifioando
1079 910 1139 985 est,
1163 908 1261 976 aienti
1275 912 1372 975 sunta

219 1013 323 1078 uerba
353 1029 444 1077 uerno
475 1011 559 1076 enim
588 1011 688 1076 utitur
717 1009 821 1074 uerbis
848 1010 911 1076 nisi
934 1011 973 1075 ad
996 1010 1125 1094 aliquid,
1150 1011 1342 1094 eignifioandi

219 1115 330 1199 gratia.
363 1134 399 1180 ex
421 1133 480 1196 quo
503 1113 707 1195 intellegitur,
726 1113 801 1195 quid
820 1112 975 1195 appellem
996 1113 1103 1197 signa3
1125 1132 1175 1179 ree
1190 1133 1247 1180 eae
1262 1115 1342 1181 uide

218 1217 304 1301 lieet,
327 1235 405 1300 quae
428 1217 468 1282 ad
490 1216 730 1299 significandum
753 1215 872 1297 aliquid
894 1215 1089 1281 adhibentur.
1113 1220 1341 1298 quamobrem

218 1338 311 1386 omne
341 1321 466 1403 signum
489 1319 583 1383 etiam
605 1335 655 1382 ree
678 1317 783 1399 aliqua
805 1321 861 1383 est.
891 1318 973 1399 quod
996 1318 1078 1383 euim
1101 1319 1191 1385 nulla
1213 1339 1264 1385 rea
1285 1321 1338 1398 eet.

218 1421 343 1488 omniuo
365 1421 446 1486 nihil
468 1423 525 1487 eet.
552 1436 614 1484 non
635 1423 742 1484 autem
763 1418 864 1483 omnia
887 1438 935 1485 rea
957 1419 1053 1486 etiam
1074 1419 1204 1503 signum
1226 1425 1286 1489 eet
1312 1424 1368 1488 eto

217 1525 287 1589 ideo
316 1523 350 1588 in
382 1522 440 1588 bae
469 1523 622 1588 diuisione
651 1542 755 1588 rerum
784 1526 879 1605 atque
900 1523 1071 1606 signorum,
1096 1541 1169 1590 oum
1190 1527 1231 1591 de
1252 1528 1338 1593 rebus

218 1626 385 1709 loquimur,
407 1627 455 1691 ita
468 1626 638 1707 loquemur,
661 1627 706 1709 ut,
730 1627 825 1691 etiam
841 1626 867 1692 si
886 1638 992 1693 earum
1006 1627 1130 1709 aliquae
1144 1627 1290 1695 adhiberi
1302 1629 1338 1695 ad

217 1728 455 1813 significandum
482 1728 609 1812 possint,
640 1744 702 1794 non
731 1728 906 1811 impediant
930 1730 1141 1810 partitionem,
1166 1748 1229 1814 qua
1257 1731 1337 1816 prius

217 1833 372 1907 derebus,
394 1835 500 1913 postea
517 1832 554 1896 de
576 1831 673 1915 signia
696 1831 890 1908 disserimus,
919 1833 1157 1916 memoriterque
1179 1835 1336 1901 teneamus

216 1933 249 1999 id
277 1951 359 1999 nuno
386 1932 421 1998 in
449 1931 542 1998 rebus
572 1934 828 1999 considerandum
855 1952 921 2000 esee
949 1935 1030 2018 qnod
1056 1940 1139 2014 aunt,
1171 1954 1233 2003 uon
1261 1937 1367 2021 quodi:

216 2035 304 2102 alind
326 2034 422 2101 etiam
443 2038 565 2118 praeter
586 2054 618 2102 ee
639 2035 721 2119 ipsae
743 2036 930 2119 significant.

258 2155 321 2221 Rea
350 2172 422 2238 ergo
451 2155 532 2220 aliae
562 2157 643 2234 enut,
673 2155 787 2238 quibus
816 2155 982 2222 fruendum
1010 2158 1067 2232 est,
1101 2155 1192 2236 aliae,
1227 2158 1335 2241 quibua

217 2258 367 2325 utendum
397 2258 454 2339 eet,
486 2258 576 2343 aliae,
606 2275 684 2340 quae
712 2259 858 2324 fruuntur
886 2262 918 2324 et
939 2262 1080 2324 utuntur.
1124 2259 1200 2325 illae
1228 2261 1335 2344 quibua

218 2364 383 2428 fruendum
413 2366 461 2428 eat
490 2380 544 2428 nos
577 2364 683 2429 beatos
716 2363 850 2442 faciunt:
884 2364 954 2429 istis
982 2363 1096 2447 quibus
1118 2364 1272 2431 utendum
1292 2365 1336 2430 eat

218 2469 379 2532 tendentes
402 2466 441 2531 ad
464 2466 687 2532 beatitudiuem
710 2467 895 2532 adunamur
917 2471 949 2531 et
966 2467 1054 2549 quasi
1068 2467 1366 2544 adminiculamua»

216 2571 251 2631 nt
282 2567 321 2631 ad
350 2569 420 2633 illae
450 2587 529 2651 quae
558 2586 614 2633 noe
644 2571 750 2635 beatos
779 2569 897 2634 faciunt
924 2570 1084 2651 peruenire
1106 2573 1200 2653 atquo
1221 2569 1272 2636 bie
1292 2574 1336 2636 iu·

216 2671 343 2737 haerere
374 2671 539 2754 possimus.
583 2690 639 2737 noe
672 2690 755 2754 uero,
790 2674 843 2756 qui
877 2673 1010 2738 fruimur
1044 2676 1076 2738 et
1106 2673 1228 2738 utimur
1257 2673 1337 2738 inter

217 2776 363 2859 abasque
386 2776 556 2853 constituti,
579 2775 607 2840 si
629 2777 675 2841 eis
698 2775 809 2858 quibus
831 2778 981 2842 utendum
996 2777 1045 2841 eet
1060 2775 1122 2842 irui
1137 2778 1336 2855 noluerimus,

215 2878 383 2963 impeditur
404 2895 513 2944 cursus
539 2881 644 2944 noster
670 2880 703 2944 et
732 2879 896 2960 aliquando
919 2879 1015 2945 etiam
1037 2878 1221 2958 deflectitur,
1243 2883 1281 2946 nt
1301 2879 1337 2945 ab

214 2981 263 3046 bia
285 2981 387 3060 rebus,
412 2980 523 3063 quibua
546 2980 709 3046 fruendum
732 2982 790 3059 eat,
813 2980 989 3047 obtinendis
1012 2983 1063 3046 uel
1077 2982 1276 3048 retardemur
1290 2979 1369 3048 uel»

215 3085 311 3149 etiam
335 3101 523 3163 reuooemur‚
546 3083 728 3148 inferiorum
751 3100 855 3149 amore
878 3083 1059 3168 praepediti.

315 3269 329 3322 1
348 3266 383 3322 of.
395 3267 440 3322 Ex.
460 3268 500 3334 15,
518 3266 553 3324 25
651 3267 668 3321 2
685 3266 719 3322 oi.
731 3265 796 3322 Gen.
814 3267 856 3333 28,
875 3268 907 3323 11
1006 3267 1023 3321 3
1040 3266 1073 3322 af.
1086 3266 1153 3323 Gon.
1170 3268 1215 3335 22,
1234 3269 1269 3324 13

264 3440 279 3494 1
303 3456 410 3510 moysen
435 3440 505 3495 GP:
607 3438 814 3494 amaritudinem
837 3437 864 3492 V
962 3439 1044 3493 niue
1063 3437 1145 3495 01³0:
1175 3438 1227 3494 illa
1250 3440 1277 3495 V

213 3523 265 3578 eibi
288 3525 323 3579 ad
346 3528 427 3596 eaput
451 3524 521 3580 GPo
620 3525 712 3595 posuit
733 3524 769 3580 V:
799 3524 924 3592 posuerat
952 3524 1021 3579 GPu
1122 3525 1140 3578 8
1164 3523 1230 3580 haee
1255 3526 1338 3582 GVo:

212 3610 262 3665 hae
280 3612 308 3665 P
407 3613 498 3666 4eint
518 3610 555 3665 V:
584 3615 683 3668 anuto
786 3613 875 3665 autem
898 3610 978 3666 GVv:
1010 3610 1092 3666 etiarn
1109 3611 1138 3665 P
1240 3613 1339 3682 bquo·

212 3712 272 3749 rum
297 3697 377 3753 01²0:
406 3713 518 3767 quarum
540 3697 566 3751 V
665 3697 734 3752 bad
752 3696 855 3766 aliquid
878 3695 912 3751 V:
942 3697 1044 3766 aliquid
1064 3696 1135 3753 GPo
1239 3699 1339 3770 aquid

215 3782 252 3837 V:
281 3782 386 3851 quode
474 3798 519 3837 eae
536 3799 612 3838 reae
703 3784 735 3838 12
753 3783 943 3852 italoquemur
959 3783 994 3837 V:
1024 3783 1065 3837 ita
1076 3781 1214 3851 loquimur
1229 3784 1272 3841 (do

211 3866 340 3935 aliquan
441 3867 607 3923 adhibereo
710 3868 742 3923 13
768 3874 881 3937 poaenut
906 3885 925 3923 o
1028 3868 1061 3923 14
1086 3866 1247 3926 diaeemue
1274 3871 1341 3926 PV:

211 3952 383 4007 dbeeruimne
402 3951 445 4007 Ge
547 3954 581 4008 18
600 3953 729 4010 utendum
747 3958 808 4025 (oea.
826 3955 878 4023 eat)
900 3953 942 4010 Gn
1044 3954 1079 4008 20
1100 3955 1341 4013 anuinium-mur

209 4038 277 4094 labri
366 4036 550 4094 2111:er
577 4039 674 4096 om.V
764 4040 902 4096 inhaerere
921 4038 957 4094 V:
985 4038 1129 4095 haereren
1226 4042 1262 4100 23
1279 4061 1340 4099 oon·

210 4142 305 4198 aiano
326 4141 379 4196 aa
409 4141 569 4199 eruerer
662 4145 696 4199 24
714 4127 787 4199 “ram
805 4146 846 4213 (a
863 4142 928 4199 aaa
946 4145 1059 4211 aaa
1154 4143 1202 4216 ao]
1221 4162 1274 4205 ee

209 4228 246 4285 25
262 4228 475 4285 retardaemurv
577 4229 612 4286 26
629 4246 719 4287 amore
739 4231 778 4288 V:
807 4245 897 4287 amore
913 4229 1056 4286 inherendo
1074 4244 1091 4286 o
