2760 4814
201 573 283 642 1018
685 564 849 636 hugippri

200 762 412 830 humilitatem
435 757 553 825 Christi
582 777 640 823 nec
662 756 724 840 ipsi
746 755 928 839 intellegere
950 773 1008 820 nec
1029 756 1069 819 ab
1094 755 1170 821 ahie
1202 755 1333 839 intellegi

198 864 368 948 nolebant]

672 1115 854 1202 CCCXIII.

198 1308 267 1368 QVA
290 1309 562 1358 DISPENSATIONE
585 1306 841 1355 PROVIDIINTIAE
870 1306 932 1355 DEI
954 1304 1174 1353 SCRIPTVBAE
1199 1304 1327 1354 vannius

198 1409 414 1459 TESTAMENTI
433 1412 478 1458 EX
497 1409 659 1458 HEBRAEO
677 1411 715 1456 m
730 1407 894 1457 assuevit
911 1407 1093 1467 ELOervnr
1109 1406 1351 1457 TRaNsna'ralts

199 1512 285 1575 SINT,
309 1515 355 1561 VT
377 1511 558 1561 VNIVERSIS
580 1512 748 1560 GENTIBVS
771 1509 1066 1559 INNOTESCEREIIT.
1092 1512 1140 1558 EX
1165 1512 1270 1559 LIBRO
1288 1510 1326 1557 DE

507 1615 667 1661 CIVITATE
690 1616 749 1661 DEI
773 1615 860 1661 XVIII
882 1614 913 1660 T.
937 1615 1019 1661 XLII.

127 1756 190 1821 347
245 1744 358 1819 Sacras'
389 1755 512 1819 litteras
547 1754 644 1820 etiam
672 1775 753 1820 unus
776 1754 1028 1820 Ptolomaeorum
1057 1773 1173 1838 regum
1198 1749 1323 1836 Aegypti

199 1874 289 1921 nosse
312 1857 434 1922 studuit
462 1861 494 1921 et
527 1857 650 1923 habere.
681 1876 753 1922 narn
781 1858 852 1940 post
874 1855 1042 1922 Alexandri
1066 1856 1258 1933 Macedonis,
1280 1851 1323 1935 qui

198 1958 293 2025 etiarn
317 1959 453 2044 Magnus
476 1961 713 2044 cognominatus
732 1963 791 2040 est,
814 1959 1127 2025 mirificentIesImam
1143 1959 1348 2038 minimeque»

197 2061 379 2130 diuturnam
394 2065 578 2148 potentiam,
596 2083 658 2147 qua
672 2064 855 2130 uniuersam
868 2065 988 2141 Asiam,
1004 2065 1103 2129 immo
1115 2080 1218 2146 paene
1232 2061 1322 2125 totum

197 2166 302 2233 orbem
325 2169 445 2250 partim
468 2169 501 2233 ui
524 2169 557 2234 et
578 2169 675 2234 ermis
698 2167 814 2252 partim
832 2172 949 2232 terrore
966 2166 1135 2250 subegerat
1153 2203 1196 2213 -
1214 2161 1322 2248 quando

196 2270 279 2335 inter
311 2275 416 2337 cetera
448 2270 576 2336 orientis
608 2271 704 2336 etiam
739 2270 889 2336 Iudaeam
921 2269 1081 2352 ingressus
1116 2268 1261 2334 obtinuit
1288 2302 1319 2311 -

196 2390 231 2437 eo
254 2375 378 2438 mortno
400 2376 530 2441 comites
553 2378 627 2457 eius,
660 2391 732 2440 cum
755 2392 887 2457 regnum
910 2373 987 2438 illud
1012 2372 1250 2454 amplissimum
1270 2385 1321 2434 non

196 2475 325 2558 pacifice
347 2477 431 2543 inter
453 2496 486 2543 se
509 2476 682 2561 possessuri
705 2476 899 2552 diuisissent,
922 2478 975 2541 sed
997 2477 1104 2558 potius
1127 2473 1345 2557 dissipasseutn

196 2578 287 2644 bellis
302 2582 408 2645 omnia
419 2582 583 2657 uastaturi,
599 2580 796 2646 Ptolemaeos
808 2597 897 2662 reges
910 2578 1013 2661 coepit
1023 2578 1140 2643 habere
1152 2576 1318 2663 Aegyptus:

196 2700 327 2763 quorum
361 2683 491 2764 primus,
526 2685 605 2768 Lagi
638 2683 733 2758 filins,
767 2684 883 2748 multos
917 2702 953 2747 er
981 2682 1099 2746 Iudaea
1133 2675 1319 2765 captiuosin

195 2789 376 2870 Aegyptum
400 2788 574 2853 transtulit.
599 2786 672 2852 huic
694 2791 799 2852 autem
822 2784 990 2852 succedens
1014 2784 1096 2850 alins
1119 2786 1318 2850 Ptolomaeus

196 2889 250 2970 qui
279 2895 328 2953 est
356 2890 532 2972 appellatus
555 2889 792 2974 Philadelphus,
828 2908 946 2967 omnes,
979 2907 1055 2971 quos
1078 2889 1135 2953 ille
1159 2889 1319 2954 adduxerat

195 2989 392 3075 subiugatos,
421 2992 535 3059 hberos
564 2994 666 3059 redire
693 2993 848 3075 permisit,
878 2994 1004 3075 insuper
1033 2996 1064 3056 et
1087 2991 1170 3057 dona
1192 2989 1343 3073 regitino

195 3094 349 3178 templum
377 3096 428 3162 dei
450 3096 537 3162 misit
559 3095 735 3180 petiuitqne
757 3098 795 3163 ab
818 3095 965 3161 Eleazaro
988 3100 1066 3159 tuno
1093 3094 1244 3177 pontifice
1259 3088 1318 3157 dari

195 3197 257 3263 sibi
294 3198 483 3281 scripturas,
518 3217 595 3281 quas
632 3197 771 3281 profecto
818 3199 961 3263 audierat
997 3196 1083 3263 fama
1127 3196 1318 3279 praedioaute

195 3300 328 3386 diuinas,
353 3305 384 3368 et
406 3303 477 3368 ideo
499 3305 694 3384 concupierat
717 3300 833 3367 hahere
847 3304 879 3368 in
894 3300 1102 3385 bybliotheca,
1126 3319 1225 3384 quam
1240 3296 1317 3366 nobi·

194 3404 350 3471 lissimam
372 3406 498 3472 fecerat.
521 3406 577 3473 has
600 3407 628 3470 ei
652 3406 828 3471 cumidem
851 3405 990 3488 pontifex
1012 3404 1153 3470 misisset
1168 3404 1317 3473 nobam.

194 3511 266 3591 post
288 3509 343 3574 ille
365 3510 461 3574 etiam
484 3510 668 3593 interpretes
691 3508 873 3592 postulauit,
897 3513 929 3573 et
951 3507 1015 3574 dati
1038 3510 1113 3573 eunt
1136 3506 1266 3586 LXXII,
1286 3504 1343 3568 des

195 3611 329 3696 singulis
363 3613 525 3678 duodecim
560 3613 704 3678 tribubus
735 3611 801 3677 seni
832 3611 973 3677 homines
1005 3610 1134 3694 linguae
1163 3611 1318 3691 utriusque

196 3716 380 3800 doctissimi,
396 3715 548 3782 hebraeae
564 3715 685 3783 scilicet
701 3718 795 3798 atque
810 3732 948 3798 graecae,
965 3732 1096 3797 qnorum
1109 3710 1317 3798 interpretatio

248 4002 450 4071 lintellegere]
470 4001 594 4057 intellere
612 4001 640 4056 P
723 4001 767 4071 ab]
781 4018 832 4057 om.
845 4000 883 4057 θ’
970 4003 1063 4071 drop.
1077 4002 1210 4059 cccxx.
1226 4001 1317 4069 (Iros.)

198 4086 225 4141 V
251 4086 448 4142 CCCXXXVII
471 4088 500 4143 P
526 4086 685 4144 CCCXLIII
710 4087 759 4143 Co
860 4088 1060 4158 ascriptores]
1083 4089 1235 4159 scripturae
1254 4098 1318 4141 nort

194 4170 232 4225 P¹
323 4173 414 4226 Csint
435 4174 470 4229 V:
501 4179 565 4228 sunt
582 4174 609 4228 P
701 4173 829 4229 uxvm
847 4176 867 4227 t.
886 4172 965 4228 XLII
987 4174 1022 4228 V:
1052 4174 1136 4230 XVII
1153 4176 1239 4230 titulo
1256 4167 1316 4226 x111

194 4256 222 4311 P
308 4257 538 4327 8ptolomeorum
556 4259 593 4323 V;
609 4260 759 4330 sicubipue
844 4258 1049 4315 9machedonis
1064 4260 1093 4315 V
1178 4260 1212 4314 12
1227 4262 1316 4313 enon

198 4342 234 4398 Vr
264 4344 412 4397 terroribus
435 4344 463 4399 P
565 4345 598 4400 16
621 4345 718 4400 hahere
735 4346 822 4416 coepit
842 4345 871 4401 P
973 4346 1007 4401 23
1025 4346 1216 4417 concupiuerat
1232 4346 1260 4401 P

193 4427 357 4484 bibliotheca
377 4429 432 4486 GP
525 4430 560 4486 24
577 4432 704 4487 hebraeos
722 4432 751 4486 P
844 4433 880 4489 Pb
897 4434 979 4488 etiarn
998 4432 1046 4487 ille
1063 4434 1092 4488 P
1190 4434 1224 4488 26
1241 4428 1316 4486 triba·

194 4515 244 4570 bus
261 4515 301 4569 P:
331 4516 418 4570 tribus
440 4515 467 4571 V
567 4519 624 4572 seni
642 4536 673 4573 o:
705 4519 822 4573 seniores
840 4519 899 4573 PV
