2760 4814
401 495 570 564 Excerpta
586 509 621 548 ex
639 510 709 565 opp.
727 496 755 550 S.
773 451 965 565 Augustini
983 497 1016 550 V.
1236 499 1275 566 71

179 685 370 768 Voluptates
391 685 518 750 aurium
546 684 688 751 tenacius
716 702 766 750 me
796 683 1039 768 implicacarunt
1067 690 1099 753 et
1129 690 1277 773 subiuga·

135 793 270 868 nerunt3
293 789 349 856 sed
370 790 528 855 resolnisti
546 792 578 854 et
600 791 751 856 liberasti.
780 790 912 856 nuncin
928 790 1021 871 sonis,
1044 808 1121 872 quos
1136 793 1278 858 animant

134 893 264 976 eloquia
286 897 344 958 tna
363 911 436 958 cnm
459 892 550 958 suani
566 894 598 958 et
613 893 783 958 artificiosa
797 912 871 958 noce
887 893 1062 971 cantantur,
1085 894 1194 973 fateor,
1219 894 1277 959 ali·

135 997 328 1079 quantulum
351 997 525 1079 adquiesco,
549 1013 611 1060 non
632 994 757 1077 quidem
780 1001 817 1060 ut
839 997 993 1074 haeream,
1017 998 1071 1061 sed
1094 1002 1130 1062 ut
1150 1016 1277 1082 surgam

116 1118 208 1164 ecum
230 1099 315 1166 uolo.
343 1100 377 1164 at
398 1105 597 1165 tamencum
619 1098 696 1182 ipsis
712 1099 887 1176 sententiis,
912 1099 1023 1182 quibus
1039 1102 1154 1166 uiuunt
1168 1103 1205 1167 nt
1220 1104 1277 1167 ad·

136 1204 311 1268 mittantur
333 1203 373 1268 ad
395 1222 455 1286 me,
478 1204 632 1285 quaerunt
654 1203 688 1267 in
704 1202 795 1267 corde
816 1221 886 1267 meo
908 1204 1089 1268 nonnullius
1113 1204 1277 1287 dignitatis

136 1307 253 1386 locum,
280 1312 313 1372 et
336 1309 389 1373 uir
410 1308 456 1372 eis
479 1308 609 1390 praebeo
632 1310 867 1390 congruentem.
905 1307 1073 1389 aliqnando
1097 1307 1181 1371 enim
1204 1306 1275 1389 plus

136 1411 216 1476 mihi
241 1411 352 1475 uideor
374 1410 499 1476 honoris
522 1409 567 1475 eis
589 1411 728 1476 tribuere
744 1427 840 1491 qnam
854 1409 952 1487 decet,
976 1410 1053 1473 dum
1067 1409 1145 1492 ipsis
1161 1413 1277 1477 sanctis

135 1515 229 1580 dictis
252 1514 433 1596 religiosius
451 1517 484 1578 et
506 1514 666 1579 ardentius
689 1513 789 1577 sentio
812 1513 931 1577 moueri
954 1513 1076 1578 animos
1099 1517 1221 1578 nostros
1242 1516 1276 1579 in

105 1617 301 1682 uflnmmam
324 1616 462 1699 pietatis,
485 1635 557 1683 cnm
580 1619 824 1695 ita-cantantur,
848 1635 942 1700 quam
966 1617 993 1681 si
1016 1634 1076 1682 non
1099 1619 1144 1682 ita
1167 1621 1277 1683 canta

135 1727 255 1802 rentur,
291 1724 324 1785 et
344 1736 452 1785 omnes
487 1721 616 1786 affectus
649 1720 781 1802 spiritus
810 1719 910 1785 nostri
939 1738 994 1802 pro
1016 1721 1067 1785 sni
1090 1720 1277 1786 diuersitate

136 1822 255 1889 habere
287 1823 428 1908 proprios
462 1825 568 1889 modos
590 1824 622 1889 iu
645 1840 721 1888 noce
748 1828 844 1907 atque
873 1828 978 1901 cantu,
1008 1841 1141 1905 quornm
1172 1825 1277 1889 nescio

136 1945 199 2009 qua
231 1927 355 1991 occulta
391 1926 610 1992 familiaritate
644 1928 827 1992 excitentur.
872 1926 928 1992 sed
965 1926 1133 1992 delectatio
1171 1930 1276 1991 earnis
1369 2002 1376 2010 ,

137 2048 236 2108 meae,
271 2031 323 2095 cui
351 2036 491 2095 mentem
524 2031 734 2097 enarrandam
765 2050 826 2096 non
848 2032 972 2112 oportet
994 2031 1076 2108 dari,
1111 2048 1203 2113 saepe
1225 2050 1277 2095 me

106 2133 231 2213 nfallit,
264 2134 341 2199 dum
363 2133 479 2199 rationi
502 2152 610 2200 sensus
633 2153 695 2200 non
718 2137 764 2200 ita
787 2135 966 2212 comitatur,
998 2139 1034 2200 ιιι
1056 2135 1212 2216 patienter
1233 2135 1278 2198 sit

136 2237 301 2320 posterior,
324 2239 378 2303 sed
400 2237 526 2302 tantum
541 2237 617 2319 quia
636 2241 762 2322 propter
777 2238 868 2304 illam
884 2239 1000 2303 meruit
1015 2237 1154 2315 admitti,
1178 2239 1276 2302 etiam

136 2359 336 2422 praecurrere
359 2358 396 2405 ac
417 2340 530 2406 ducere
552 2345 691 2407 conatur.
729 2342 775 2408 ita
797 2345 828 2407 in
850 2342 900 2407 his
923 2359 1015 2426 pecco
1040 2360 1102 2406 non
1125 2341 1277 2417 sentiens,

138 2447 169 2509 et
204 2447 317 2527 postea
351 2444 463 2508 sentio.
508 2442 674 2526 aliqnando
710 2448 817 2511 antem
856 2445 936 2511 hanc
973 2446 1075 2527 ipsam
1113 2441 1275 2508 fallaciam

138 2547 377 2612 immoderatius
400 2564 514 2612 canens
530 2566 597 2613 erro
613 2548 711 2614 nimia
726 2549 904 2630 seueritate,
927 2549 980 2613 sed
996 2548 1088 2612 ualde
1104 2546 1275 2624 interdum,

104 2656 174 2715 »nt
209 2650 311 2716 melos
347 2669 439 2716 omne
476 2652 703 2717 cantilenarum
746 2653 892 2717 suaninm
935 2652 1050 2734 qnibns
1085 2649 1276 2718 Dauidicum

138 2754 325 2838 psalterinm
347 2753 563 2837 frequentatur
586 2757 625 2821 ab
643 2754 772 2822 auribus
799 2756 878 2821 meis
893 2773 1052 2821 remouere
1067 2753 1166 2821 uelim
1181 2753 1276 2835 atque

138 2858 240 2941 ipsius
261 2857 426 2941 ecclesiao;
455 2857 616 2940 tutiusque
638 2857 717 2924 mihi
747 2859 871 2925 uidetur
899 2857 982 2941 qnod
1004 2858 1043 2923 de
1065 2856 1277 2924 Alexandrino

138 2960 286 3043 episcopo
307 2960 478 3027 Athanasio
507 2980 596 3044 saepe
624 2961 704 3026 mihi
736 2961 857 3028 dietum
886 2960 1095 3041 commemini,
1125 2962 1180 3044 qui
1209 2962 1278 3025 tam

138 3064 263 3129 modico
297 3062 377 3128 flexu
409 3064 495 3129 nocis
523 3064 659 3132 iaciebat
687 3082 799 3131 sonare
826 3065 974 3131 lectorem
998 3065 1123 3148 psalmi,
1147 3067 1184 3131 ιιι
1205 3083 1279 3146 pro·

105 3167 302 3232 anuntianti
335 3168 467 3234 uicinior
500 3169 582 3234 esset
614 3187 709 3252 quam
743 3169 878 3236 canenti.
917 3188 1027 3235 uerum
1063 3175 1170 3236 tamen
1206 3187 1279 3234 cnm

140 3270 325 3336 reminiscor
358 3271 503 3339 lacrimae
536 3291 633 3352 meas,
667 3291 743 3356 quas
775 3273 843 3340 fudi
870 3275 910 3340 ad
938 3278 1049 3340 cantus
1072 3271 1222 3340 ecclesiae
1244 3273 1280 3339 in

141 3373 323 3457 primordiis
345 3381 545 3460 recuperatae
567 3376 642 3442 fidei
664 3397 761 3460 meae,
784 3382 816 3444 et
840 3397 922 3443 nnnc
944 3377 1048 3461 ipsum
1065 3395 1137 3443 cnm
1153 3392 1281 3440 moneor

195 3667 209 3719 1
223 3682 334 3720 aureum
346 3667 387 3722 12¹
405 3671 496 3722 antem
509 3668 545 3723 Μ
552 3666 578 3723 V
649 3668 854 3738 implicarerant
866 3675 893 3724 at
906 3667 1119 3737 subiuganerant
1130 3666 1214 3722 DPT

141 3751 160 3804 2
184 3751 308 3805 liberasti
332 3769 375 3807 me
401 3752 532 3809 DGPTo
635 3770 713 3808 eonas
743 3755 798 3809 G¹o
900 3756 994 3808 amant
1021 3755 1047 3808 T
1154 3753 1171 3806 3
1198 3767 1283 3805 suane

142 3836 212 3891 ΒΨ
237 3838 333 3892 anania
350 3838 393 3893 D’
495 3838 638 3910 equium]
663 3840 780 3909 quibunt
797 3842 826 3897 P
926 3840 1115 3894 ammittantur
1138 3836 1216 3892 ΜΨ

141 3923 159 3976 8
184 3922 297 3978 honores
324 3925 361 3979 ΡΙ
466 3925 557 3980 tribuo
586 3926 624 3983 θ’
727 3927 780 3996 ipsi
809 3928 864 3983 G'o
966 3926 983 3980 9
1009 3926 1148 3979 ardentior
1172 3923 1212 3978 θ’

144 4009 177 4063 12
203 4008 335 4065 habennt
360 4011 389 4066 P
489 4013 615 4081 proprius
639 4014 733 4067 modus
760 4011 801 4067 D¹
907 4013 940 4067 13
958 4011 1067 4066 dilectio
1085 4008 1214 4065 D¹G¹Po

145 4095 176 4148 14
194 4093 258 4149 dare
275 4096 350 4152 DGo
447 4097 481 4150 18
498 4099 540 4150 eet
561 4097 588 4152 V
671 4098 795 4155 sentiunt
815 4099 854 4154 θ’
951 4096 986 4152 20
1003 4095 1098 4152 melior
1115 4095 1145 4148 D
1226 4107 1283 4146 om·

143 4197 189 4234 nes
209 4180 317 4236 G’PTo
417 4182 568 4237 daniticnm
586 4182 786 4243 Domino
888 4185 923 4239 21
940 4181 1071 4238 remoueri
1087 4178 1215 4236 Darat

143 4267 238 4322 uelliru
267 4270 322 4325 GP
426 4269 463 4324 22
489 4271 627 4344 mumque
656 4279 713 4337 (1¹¹0
817 4273 852 4328 23
879 4272 991 4327 memini
1018 4270 1058 4325 Ρι
1161 4268 1196 4322 24
1223 4281 1283 4335 pro-

143 4355 287 4409 nunciante
303 4354 335 4410 D
427 4355 463 4409 26
480 4357 542 4408 tuae
556 4365 618 4424 Μ
634 4367 763 4428 eeclesiae
782 4358 846 4416 cdd.
866 4357 896 4412 P
982 4357 1017 4412 21
1036 4369 1204 4411 commoneor
1222 4359 1284 4420 (orn.

144 4443 215 4509 cum)
234 4440 325 4496 Dur
357 4456 524 4495 commonear
542 4442 619 4508 G'Pp
