2760 4814
298 525 467 595 Exoerpta
484 539 521 578 ex
539 539 609 593 opp.
629 522 656 579 S.
674 524 862 594 Augustini
880 525 974 582 vnn.
1159 531 1200 597 87

54 712 246 800 praeteritio
281 716 339 779 est.
384 712 460 795 quid
492 728 566 794 ergo
600 715 649 775 est
682 711 764 794 quod
796 711 935 778 metior?
971 715 1025 781 ubi
1059 718 1107 782 est
1139 736 1201 801 quo

56 821 173 885 metior
196 815 324 883 breuis?
346 817 401 882 ubi
423 819 471 881 est
493 814 588 900 longa
604 833 700 898 quum
723 815 860 881 metior?
883 816 996 884 ambae
1017 826 1199 901 sonuerunt,

57 922 279 1003 monuerunt,
301 918 543 1005 praeterierunt,
566 919 630 983 ium
652 935 714 984 non
732 922 816 995 suut,
840 923 872 986 et
887 938 943 1003 ego
967 923 1079 987 metior
1100 924 1200 989 fideu-

59 1031 169 1109 terqne
210 1022 398 1106 respondeo,
436 1025 589 1106 quantum
629 1021 795 1086 exercitato
831 1040 926 1087 sensu
963 1023 1073 1089 fiditur
1109 1026 1200 1092 illam

41 1128 213 1211 osimplam
228 1145 305 1208 ease,
327 1126 419 1192 illam
433 1125 573 1210 duplam,
597 1126 630 1189 in
651 1123 752 1207 spatIo
767 1125 891 1190 soilioet
912 1128 1076 1212 temporis3
1100 1149 1199 1212 neque

60 1231 120 1297 hoo
140 1247 272 1315 possum
299 1230 361 1295 nisi
384 1229 460 1312 quia
480 1227 709 1310 praeterierunt
731 1229 765 1293 et
786 1228 893 1294 finitae
915 1231 999 1295 sunt.
1036 1249 1099 1297 non
1123 1250 1197 1316 ergo

59 1334 147 1416 ipsas
169 1351 252 1416 quae
274 1332 338 1398 iam
360 1349 422 1397 non
444 1335 528 1407 eunt,
550 1333 604 1396 sed
627 1330 746 1413 aliquid
767 1329 801 1396 in
824 1334 975 1399 memoria
1000 1351 1071 1399 mea
1084 1337 1199 1402 metior

59 1437 145 1520 quod
168 1435 298 1502 infixum
322 1440 438 1500 manet.

102 1540 144 1604 In
166 1543 210 1618 te,
233 1539 337 1605 anime
358 1556 457 1613 meus,
486 1541 629 1621 tempora
650 1537 776 1603 metior.
813 1538 878 1603 noli
905 1540 984 1604 mihi
1014 1541 1200 1625 obstrepere,

24 1643 147 1725 equod
169 1643 234 1708 est:
257 1643 323 1708 noli
345 1641 404 1706 tibi
426 1638 609 1722 obstrepere
631 1640 733 1706 turbis
764 1640 963 1707 affectionum
993 1644 1130 1709 tuarum.
1167 1646 1201 1710 iu

60 1750 104 1828 te,
128 1748 270 1830 inquam,
299 1746 440 1828 tempora
461 1745 590 1829 motior3
621 1745 828 1824 affectionem,
856 1763 950 1830 quam
972 1764 1022 1810 res
1044 1749 1200 1828 praetere·

60 1857 156 1916 untes
178 1849 215 1914 in
236 1851 269 1916 te
290 1849 414 1914 faoiunt
435 1850 468 1915 et
496 1867 569 1914 oum
603 1850 676 1915 illae
709 1849 932 1932 praeterierint
959 1852 1075 1928 manet,
1098 1849 1200 1933 ipsam

60 1955 177 2018 metior
201 1953 404 2036 praesentem,
427 1970 489 2018 non
505 1971 541 2017 ea
555 1971 636 2035 quae
650 1954 880 2036 praeterierunt
902 1953 940 2017 ut
962 1951 1067 2036 fieret3
1096 1953 1199 2037 ipsam

61 2057 177 2121 metior
205 2074 278 2121 oum
306 2058 449 2138 tempora
469 2055 591 2121 metior.
620 2072 694 2138 ergo
716 2057 771 2120 aut
793 2057 862 2137 ipsa
883 2058 957 2120 sunt
979 2056 1122 2139 tempora
1145 2059 1200 2121 out

24 2177 126 2228 anon
155 2160 301 2242 tempora
328 2158 451 2224 metior.
489 2158 563 2240 quid
593 2175 666 2223 eum
688 2156 839 2223 metimur
861 2157 989 2223 silentia
1010 2162 1043 2224 et
1065 2158 1200 2224 dicimus

59 2263 144 2329 illud
176 2261 338 2328 silentium
371 2262 510 2327 tenuisse
544 2260 693 2344 temporie
727 2263 880 2344 quantum
913 2261 970 2326 illa
992 2279 1052 2326 uox
1074 2261 1201 2327 tenuit?

60 2385 165 2432 nonne
188 2364 413 2449 cogitationem
433 2364 593 2431 tendimus
616 2364 655 2430 ad
676 2382 858 2431 mensuram
877 2364 972 2440 uoois,
996 2366 1086 2448 quasi
1107 2381 1200 2430 sona·

61 2472 120 2546 ret,
155 2470 194 2534 ut
221 2468 341 2551 eliquit
364 2469 403 2533 de
435 2467 612 2533 interuallis
646 2467 844 2533 silentiorum
867 2468 899 2533 in
923 2468 1024 2550 spatio
1048 2468 1198 2550 temporis

60 2571 246 2638 anuntiare
261 2571 437 2654 possimus?
458 2589 531 2636 nam
547 2576 580 2636 et
595 2589 669 2638 nooe
685 2572 779 2653 atque
794 2588 846 2636 ore
861 2573 1003 2637 uertente
1017 2570 1199 2655 peragimus

28 2674 233 2760 »romundo
265 2675 405 2739 earmina
432 2675 464 2740 et
490 2692 600 2740 uersus
628 2675 660 2740 et
687 2692 842 2757 quemque
876 2691 1050 2740 sermonem
1083 2673 1198 2739 motio-

60 2796 203 2861 numque
234 2776 442 2843 dimensiones
469 2776 625 2861 quaslibet
648 2778 740 2843 etde
762 2777 875 2860 spatiis
898 2779 1076 2859 temporum
1101 2795 1199 2862 quau·

60 2887 131 2946 tum
165 2879 250 2945 iliud
282 2880 321 2945 ad
353 2879 434 2945 illud
466 2884 510 2947 sit
540 2881 769 2959 renuntiamus,
804 2879 885 2964 <non
918 2881 1010 2947 aliter
1038 2898 1076 2948 ao
1103 2880 1133 2946 si
1162 2899 1200 2946 ea

60 2984 204 3050 sonando
219 2982 419 3068 dioeremns).
448 2984 586 3049 uoluerit
600 2984 715 3066 aliquis
731 2984 822 3049 odere
844 2983 1073 3066 longiusoulam
1089 3002 1199 3050 uooem

60 3092 94 3154 et
115 3087 319 3152 oonatituerit
347 3088 604 3171 praemeditando
632 3106 727 3171 quam
754 3088 849 3172 longa
877 3088 985 3152 futura
1005 3087 1050 3154 sit
1071 3086 1197 3171 egitque

28 3192 122 3259 ariste
151 3188 294 3274 epatium
324 3191 472 3273 temporis
500 3189 534 3254 in
556 3187 682 3254 silentio
712 3190 943 3273 memoriaeque
974 3190 1197 3255 commendans

62 3295 167 3378 eoepit
199 3295 289 3359 edere
321 3292 410 3358 illam
444 3310 564 3377 uooem,
598 3310 679 3374 quae
708 3298 798 3359 sonat
819 3294 919 3360 donee
941 3295 979 3358 ad
1003 3293 1198 3377 propositum

63 3397 239 3464 terminum
260 3397 461 3479 perducatur:
484 3398 582 3461 immo
598 3396 704 3460 sonuit
719 3399 752 3460 et
773 3397 897 3463 sonabit
904 3419 913 3482 ;
936 3415 1009 3462 nom
1026 3397 1109 3480 quod
1132 3395 1199 3460 eius

61 3502 127 3567 ianr
149 3504 313 3586 penatum
335 3501 385 3566 est
405 3501 514 3584 utique
536 3497 659 3582 sonuit;
693 3500 775 3582 quod
802 3502 911 3565 autem
934 3503 1034 3565 restat
1056 3497 1198 3574 sonatio

62 3612 159 3688 atque
180 3604 227 3670 ita
248 3603 416 3687 peragitur,
446 3604 523 3669 dum
551 3619 697 3686 praesens
724 3603 859 3669 intentio
888 3603 1032 3669 futurum
1054 3604 1088 3669 in
1110 3620 1202 3685 prae·

31 3709 197 3774 »teritum
220 3706 335 3786 maisit,
361 3707 571 3774 diminutione
592 3705 694 3771 futuri
717 3711 876 3775 orosoente
898 3706 1079 3789 praeterito,
1102 3705 1201 3772 donee

63 3812 283 3877 tonsuratione
304 3810 405 3876 futuri
427 3813 469 3877 sit
492 3811 597 3876 totum
619 3808 832 3892 praeteritum.

117 4015 129 4067 l
150 4029 230 4083 quam
246 4013 313 4069 MV
401 4013 548 4084 5dnplum
568 4012 602 4081 V3
629 4030 675 4070 um
693 4030 712 4069 o
728 4015 797 4068 Μ
889 4014 1070 4083 6possumo:
1088 4014 1203 4081 possunt

64 4115 132 4172 ror
222 4113 512 4188 roeerpmrnrsrpr.
602 4094 677 4180 ιώ
692 4118 856 4189 (mana)
873 4115 910 4182 o;
931 4114 1136 4170 memissa

66 4203 99 4259 18
114 4203 204 4273 apntio
220 4218 253 4258 o:
279 4203 371 4273 spatia
387 4201 453 4257 MV
543 4205 577 4265 22
592 4208 812 4276 renuati⁸m¹¹¹¹¹³
830 4203 866 4258 Μ
958 4202 1203 4257 non-diceremus

66 4306 96 4343 a:
112 4305 163 4344 one
181 4288 247 4346 117
342 4288 378 4343 ao
394 4289 510 4356 speum
527 4294 577 4360 tem
595 4310 743 4374 ymas.
758 4294 853 4348 am.1
952 4290 987 4345 26
1004 4287 1082 4359 quere
1102 4287 1140 4353 V3
1157 4300 1205 4354 qo

67 4380 134 4517 ἓξ
189 4373 462 4518 utitonauitMV
533 4375 988 4474 aedumiflam'm'mm
1070 4369 1203 4431 wormi-

125 4477 173 4517 ore
