2760 4814
315 566 484 636 lixoerpta
500 580 536 621 ex
553 582 623 637 opp.
642 566 669 622 S.
687 567 876 638 Augustini
901 569 963 624 xn.
1144 574 1203 641 141

104 757 149 822 Et
174 755 348 840 quomodo:
379 759 417 822 et
439 757 543 823 dixit
565 758 676 823 deus:
708 758 783 824 fiat
805 759 892 825 lux?
921 763 1027 827 utrum
1050 763 1204 844 tempora·

63 859 138 925 liter
178 878 220 925 an
260 859 293 926 in
333 859 422 925 uerbi
457 862 666 927 aeternitate?
703 863 735 927 et
768 863 796 927 ei
833 864 1059 952 temporaliter,
1096 863 1205 948 ntique

65 963 283 1046 mutabiliter3
317 965 469 1048 quomodo
506 981 578 1050 ergo
607 965 706 1048 possit
734 965 876 1051 intellegi
905 967 964 1032 hoc
994 967 1097 1032 dicere
1127 967 1203 1032 deus

65 1067 120 1132 nisi
155 1086 214 1150 per
249 1071 449 1135 ereaturam?
481 1070 548 1153 ipae
582 1070 696 1154 qnippe
727 1075 774 1135 est
802 1072 1080 1139 incommutabilis.
1121 1076 1153 1137 et
1175 1072 1204 1138 si

47 1190 116 1254 sper
151 1172 332 1238 ereaturam
367 1173 448 1239 dixit
480 1176 571 1240 dene:
610 1173 686 1239 fiat
718 1173 799 1252 lux,
835 1178 987 1258 quomode
1021 1176 1069 1240 eet
1101 1177 1203 1259 prima

64 1280 209 1341 meatum
240 1275 302 1360 lux,
333 1275 361 1341 si
389 1280 456 1341 erat
485 1275 550 1341 iam
579 1281 731 1356 ereatura,
760 1295 815 1360 per
845 1295 938 1360 qnam
968 1277 1043 1342 <lens
1066 1277 1201 1342 diceret:

64 1378 139 1443 liat
168 1378 262 1444 lux?
289 1397 329 1444 an
358 1397 420 1444 non
444 1382 490 1444 eat
519 1378 571 1444 lun
594 1379 697 1462 prima
718 1380 871 1463 ereatura,
901 1381 973 1462 qnia
995 1381 1059 1446 iam
1081 1379 1200 1446 dietum

64 1483 142 1549 erat:
179 1484 219 1547 in
250 1482 457 1565 prinoipio
485 1481 584 1548 ieoit
613 1482 706 1549 deus
729 1484 878 1548 eaelum
900 1484 939 1547 et
960 1483 1135 1548 terram?
1168 1485 1200 1549 et

63 1589 185 1669 poterat
208 1603 265 1668 per
288 1585 454 1649 caelestem
477 1587 651 1651 ereaturam
680 1593 739 1649 nox
768 1585 836 1650 fieri
865 1583 1079 1669 temporaliter
1106 1586 1200 1669 atque

38 1688 273 1767 »mutabiliten
297 1706 360 1771 qua
381 1687 548 1754 diceretur:
578 1688 653 1754 fiat
675 1688 752 1753 lux.
792 1689 872 1771 qnod
896 1691 923 1754 si
945 1689 993 1754 ita
1014 1689 1072 1767 est,
1096 1705 1200 1773 eorpo-

63 1793 135 1857 ralis
167 1791 224 1856 lnx
255 1790 339 1856 facta
368 1796 417 1856 eat
446 1791 517 1875 iste,
548 1808 642 1874 qnam
666 1792 817 1874 corporeis
840 1790 939 1856 oeulis
963 1791 1128 1869 cernimus,
1151 1791 1199 1857 di·

64 1902 151 1961 oante
179 1894 239 1960 deo
267 1912 323 1977 per
351 1895 524 1960 ereaturam
554 1895 739 1977 spiritalem,
769 1913 861 1977 qnam
886 1893 961 1960 deus
984 1894 1048 1958 ianr
1071 1894 1198 1970 lecerat,

62 2016 134 2063 oum
157 1996 191 2063 in
214 1997 370 2081 principio
393 1997 469 2063 feeit
490 1998 611 2064 eaelum
626 2003 658 2063 et
679 2001 811 2064 terram:
836 1997 1017 2075 fieriu,
1041 1997 1197 2080 eomodo,

59 2122 121 2186 qno
144 2121 200 2185 per
223 2101 299 2166 talis
315 2103 475 2166 creaturae
490 2102 670 2168 interiorem
686 2102 719 2167 et
735 2103 893 2168 oeeultum
907 2103 1030 2167 motnm
1045 2099 1197 2165 diuinitus

35 2205 118 2272 adici
159 2205 281 2288 potuit:
319 2203 397 2270 fiat
432 2204 505 2270 lux.
551 2223 591 2270 an
629 2205 725 2271 etiam
762 2206 964 2289 corporaliter
1000 2203 1105 2270 sonuit
1138 2221 1198 2268 nox

59 2308 197 2374 licentis
221 2307 285 2372 dei:
316 2306 494 2390 fielinx,
519 2307 601 2373 aient
624 2308 828 2390 corporaliter
850 2308 956 2374 sonuit
979 2324 1038 2372 nox
1061 2305 1196 2373 dicentis

59 2412 123 2477 tei:
160 2414 204 2476 tn
234 2427 273 2475 ee
303 2409 419 2475 iilius
450 2428 554 2476 meus
577 2409 776 2476 dilectus?
811 2415 841 2476 et
864 2411 921 2476 hoo
943 2430 997 2494 per
1019 2412 1196 2476 ereaturam

57 2513 266 2598 nemoralem,
301 2529 396 2595 quam
425 2512 541 2578 fenerat
571 2515 657 2589 dene,
691 2532 763 2578 eum
787 2513 820 2578 in
843 2513 996 2597 prinoipio
1020 2512 1095 2577 feeit
1119 2512 1195 2576 deus

57 2618 183 2684 eaelum
207 2620 241 2681 et
264 2617 399 2696 terram,
428 2619 597 2699 antequam
621 2616 711 2682 fieret
733 2617 803 2695 lux,
826 2617 960 2699 quaein
984 2615 1043 2681 hae
1066 2617 1195 2681 sonante

28 2740 133 2786 annae
156 2720 244 2785 aeta
264 2721 323 2784 est.
354 2721 387 2785 et
404 2720 430 2784 si
446 2720 491 2785 ita
513 2722 570 2797 est,
592 2738 653 2802 qua
675 2719 784 2804 lingua
799 2719 905 2785 sonuit
920 2720 982 2784 ista
997 2738 1056 2785 uox
1072 2717 1195 2784 dicente

56 2826 130 2891 deo:
155 2824 235 2889 liat
258 2823 345 2889 luxi
368 2821 441 2906 qnia
463 2823 601 2889 nondum
624 2825 691 2890 erat
713 2825 893 2908 linguarum
915 2822 1091 2900 diuersitas,
1115 2840 1194 2906 quae

56 2932 169 3011 postea
191 2926 278 2992 laeta
296 2929 344 2991 est
365 2925 398 2990 in
415 2926 626 2994 aedificatione
641 2925 738 2992 turris
754 2928 825 3009 post
840 2926 1006 2991 diluuium.
1040 2944 1196 3008 quaenam

56 3033 171 3117 lingna
199 3034 267 3096 erat
297 3050 359 3096 una
380 3032 412 3095 et
433 3031 506 3108 sola,
531 3048 592 3112 qna
615 3030 689 3096 deus
712 3031 835 3097 loeutus
857 3031 920 3095 est:
951 3029 1030 3095 fiat
1051 3028 1133 3105 lux,
1163 3030 1195 3094 et

57 3136 129 3218 qnia
161 3137 231 3200 erat
260 3152 352 3217 quom
382 3132 547 3217 oportebat
570 3132 678 3199 andire
700 3136 794 3215 atque
816 3133 1010 3216 intellegere,
1040 3134 1195 3215 adquam

24 3257 118 3306 uuor
152 3237 249 3303 hnina
283 3236 369 3302 meai
401 3237 616 3322 proferretur?
653 3254 693 3301 an
727 3237 802 3302 liaeo
835 3235 970 3302 absurda
998 3234 1195 3319 carnalisque

59 3345 213 3429 cogitatio
234 3343 281 3406 eet
301 3342 394 3424 atque
417 3340 575 3423 auspicio?
609 3339 683 3422 quid
706 3357 779 3422 ergo
803 3340 965 3406 dicemus?
996 3357 1036 3403 an
1059 3337 1090 3402 id
1113 3337 1196 3420 quod

58 3445 261 3530 intellegitur
283 3445 315 3509 in
338 3461 412 3511 sono
434 3445 529 3526 noeis,
553 3462 624 3509 oum
647 3443 777 3510 dicitnr:
802 3443 982 3520 sintina,
1006 3459 1068 3508 non
1091 3443 1195 3508 autern

59 3550 126 3634 ipae
161 3566 323 3633 corporeus
357 3566 459 3630 sonus,
495 3547 552 3612 hoe
587 3548 663 3613 bene
697 3548 850 3631 aooipitur
881 3566 945 3613 esse
976 3565 1035 3611 nox
1063 3546 1135 3612 dei?
1165 3548 1197 3610 et

58 3657 168 3719 utrum
199 3651 257 3718 hoo
286 3651 389 3736 ipenm
420 3653 459 3717 ad
490 3657 635 3716 naturam
664 3651 819 3733 pertineat
848 3652 937 3719 uerbi
968 3649 1043 3729 eius,
1073 3649 1194 3732 dequo

164 3824 196 3880 17
216 3823 315 3878 aaron
335 3825 363 3890 3,
381 3823 412 3877 17
516 3822 551 3876 22
572 3822 605 3877 oi.
624 3820 690 3878 Gen.
711 3823 750 3888 11,
770 3822 785 3875 l

108 3983 124 4035 l
149 3979 221 4034 dixit
237 3980 301 4045 (om.
319 3978 406 4046 et)D
520 3977 828 4050 aoe(sam.a)1):
859 3977 907 4031 deo
928 3975 1011 4031 G'Po
1041 3973 1130 4029 deiT

56 4068 191 4136 tqnomo
210 4066 238 4119 P
320 4066 372 4134 eet]
385 4067 426 4118 eat
439 4079 501 4133 argo
516 4067 542 4121 P
559 4085 623 4146 orgo
635 4070 679 4127 eet
692 4067 722 4122 P
815 4064 878 4119 ilia
890 4065 918 4118 P
1012 4061 1195 4129 ttemporalia

56 4149 244 4220 temporaliter
257 4149 285 4204 Ρ
370 4148 402 4203 14
415 4149 480 4203 talea
497 4149 537 4208 Ga
616 4157 760 4219 creaturos
775 4148 829 4204 G²o
909 4147 943 4201 16
955 4146 1073 4200 dieentes
1086 4144 1126 4198 D¹

58 4238 89 4292 la
105 4237 176 4291 ane
200 4235 238 4290 G·
334 4237 444 4288 maante
461 4246 552 4310 om.p
652 4242 691 4305 20
712 4252 764 4293 uox
780 4237 836 4289 ieta
853 4233 981 4290 DGPTo
1077 4230 1113 4283 22
1131 4243 1197 4299 qnae

55 4324 107 4377 iau
130 4321 172 4376 P’
267 4319 303 4374 23
324 4319 446 4387 loquutur
465 4320 529 4388 MV
627 4337 668 4405 μ
696 4330 730 4384 aa
756 4322 784 4377 P
884 4321 918 4374 25
942 4319 1009 4375 haee
1027 4333 1077 4373 ora.
1101 4315 1128 4371 P

54 4407 87 4461 Β
108 4408 225 4462 dicimus
247 4402 359 4459 DGP¹o
453 4402 486 4463 2?
506 4435 518 4506 ι·
624 4434 710 4498 im11⁶
737 4409 768 4467 P
870 4407 1006 4468 diceretur
1030 4401 1129 4460 DGPo

52 4493 85 4546 29
101 4492 179 4561 ipend
196 4490 236 4544 Μ
239 4489 265 4544 V
354 4489 475 4555 μετέθηκε
517 4454 624 4524 wne&

491 4535 525 4630 e
