2760 4814
290 543 455 614 Excerpta
471 562 507 599 or
524 561 594 615 opp.
612 545 640 601 S.
657 546 848 616 Augustini
869 544 964 602 CXVL
1128 549 1190 615 411

66 753 120 817 quo
135 735 293 818 appellare
308 733 541 819 blasphemiam
558 736 590 800 et
603 735 737 800 uerbum
752 738 860 801 contra
874 735 1022 819 spiritum
1037 740 1192 815 sunctum,

64 839 141 921 qnod
172 838 386 904 remissionem
417 857 479 903 non
509 838 603 903 hahet
633 839 666 903 in
690 841 853 905 aeternnm
877 879 918 890 -
941 841 1028 920 haec,
1051 841 1191 924 inquam,

64 943 307 1024 impaenitentia
336 944 447 1007 contra
476 960 567 1024 quam
599 943 756 1008 clamabat
782 948 814 1008 et
837 961 944 1026 praeco
966 947 1000 1008 et
1028 944 1120 1009 index
1143 944 1191 1010 di·

64 1049 186 1111 contos:
224 1046 518 1128 paenitentiam
551 1047 677 1129 agite3
715 1047 1058 1130 appropinquarit
1091 1048 1192 1112 enim

49 1167 225 1233 oregnum
255 1149 473 1228 caelorum
507 1154 615 1216 contra
644 1169 739 1233 qnam
769 1150 913 1216 dominus
936 1168 970 1215 os
994 1150 1192 1230 euangelicos

62 1250 303 1335 praedicationis
333 1254 456 1337 aperuit
478 1258 509 1319 et
534 1257 641 1319 contra
670 1273 765 1337 qnam
794 1256 899 1335 ipsum
929 1254 1127 1335 euangelium
1159 1255 1192 1318 in

61 1357 125 1418 toto
147 1357 222 1420 orba
244 1355 488 1436 praedicandum
510 1375 578 1421 esee
595 1357 767 1438 praedixit,
789 1356 845 1422 uhi
866 1360 1067 1441 posteaquam
1089 1374 1192 1421 resur·

61 1459 140 1522 rexit
163 1459 349 1538 amortuis,
378 1460 423 1524 ait
454 1460 616 1542 discipulis
647 1460 724 1525 suis:
749 1460 957 1540 oportebat
986 1458 1191 1525 Christum

62 1564 143 1645 pati
168 1564 205 1626 et
227 1580 433 1646 resurgere
452 1581 471 1626 a
487 1564 655 1627 mortuis
678 1564 798 1628 tertio
822 1563 882 1629 die
906 1566 944 1629 et
964 1563 1192 1647 praedicari

38 1665 97 1731 oin
121 1666 279 1730 nomine
310 1667 394 1731 eius
424 1666 717 1747 paenitentiam
746 1670 784 1731 et
813 1667 1089 1733 remissionem
1111 1686 1192 1748 pec·

62 1775 238 1833 catorum
268 1787 336 1850 per
366 1787 496 1835 omnes
527 1773 666 1855 gentes
696 1769 999 1852 incipientibus
1029 1773 1076 1835 ab
1102 1769 1192 1834 Hie·

62 1873 250 1938 rusalem:
273 1872 349 1937 haec
371 1876 496 1938 omnino
520 1873 757 1955 impaenitentia
777 1890 837 1937 non
861 1873 957 1938 habet
979 1872 1193 1938 remissionem

63 1994 160 2058 neque
190 1976 225 2039 in
254 1975 312 2040 hoc
333 1976 455 2040 saeculo
480 1994 579 2059 neque
610 1978 643 2041 in
665 1976 782 2055 futuro,
814 1975 887 2058 quia
916 1975 1110 2058 paenitentia
1131 1975 1192 2039 im·

62 2080 166 2160 patrat
189 2077 406 2143 remissionem
427 2079 461 2143 iu
485 2080 543 2144 hoe
565 2080 698 2159 saeculo,
722 2097 801 2161 quae
824 2080 930 2144 ualeat
952 2081 985 2144 in
1007 2077 1122 2143 futuro.

40 2221 57 2261 a
102 2198 162 2265 Sed
186 2198 248 2264 ista
270 2198 509 2281 impoenitentia
531 2199 585 2265 uel
601 2217 652 2265 oor
673 2199 882 2283 impaenitens
899 2199 1048 2282 quamdin
1064 2199 1193 2283 quisque

64 2303 92 2367 in
120 2302 182 2367 hac
211 2319 303 2367 carne
338 2301 420 2368 uiuit
450 2320 512 2368 non
544 2306 651 2385 potest
684 2304 825 2369 indicari.
863 2304 902 2367 dc
923 2302 1010 2367 nullo
1033 2303 1116 2367 enim
1139 2302 1193 2365 de·

64 2407 248 2488 sperandum
270 2407 326 2483 est,
349 2405 497 2487 quamdin
519 2407 674 2487 patientia
692 2407 741 2470 dei
756 2408 794 2471 ad
816 2404 1044 2490 paenitentiam
1066 2404 1193 2469 addunt

64 2527 116 2575 nee
138 2509 178 2573 de
201 2508 260 2574 hac
288 2507 356 2573 uita
385 2509 468 2589 rapit
499 2508 648 2591 impium3
683 2510 737 2591 qni
759 2527 820 2573 non
842 2508 914 2573 uult
937 2511 1070 2572 mortem
1092 2507 1191 2589 impii,

64 2616 213 2692 qnantum
242 2611 418 2676 reuertatur
441 2614 472 2677 ot
502 2611 600 2676 uiuat.
638 2629 776 2695 paganus
800 2614 848 2675 est
871 2610 977 2694 hodie3
1011 2609 1189 2691 andoenis,

43 2717 168 2780 antrum
198 2716 242 2779 sit
271 2713 394 2780 futurus
426 2714 563 2780 crastino
585 2712 798 2780 christianus?
827 2712 959 2780 Iudaeus
987 2713 1122 2779 infidelis
1145 2716 1192 2780 est

66 2815 168 2894 helim
194 2816 280 2900 qnid,
304 2819 331 2882 si
353 2834 420 2881 cras
444 2816 542 2882 credit
563 2818 596 2880 in
611 2814 794 2882 Christum?
815 2815 992 2882 haereticus
1016 2820 1062 2881 est
1085 2816 1191 2902 hodio;

68 2921 150 3002 qnid,
175 2922 204 2985 si
227 2937 297 2985 cras
319 2919 460 3002 sequitur
483 2919 668 2985 catholicam
683 2919 875 2985 uenuoema
904 2919 1124 2986 schismaticus
1144 2922 1194 2986 est

67 3022 172 3106 hodio;
204 3022 290 3107 qnid,
313 3024 340 3087 si
363 3040 430 3088 cras
453 3022 653 3106 amplectitur
676 3022 864 3088 catholicam
892 3027 1025 3106 paoem?
1058 3022 1143 3107 quid,
1165 3022 1194 3088 ei

66 3128 115 3192 isti
148 3144 227 3210 quos
259 3126 291 3190 in
325 3143 518 3209 quocumque
552 3142 666 3208 genere
695 3127 808 3190 erroris
841 3128 932 3191 notas
963 3131 996 3192 et
1028 3129 1193 3209 tamquam

44 3229 329 3313 sdeeperatissimos
351 3229 443 3294 modo
466 3229 604 3304 damnas,
636 3230 805 3312 antequam
827 3227 939 3294 finiant
960 3230 1056 3295 istam
1078 3230 1191 3306 uitam,

65 3335 160 3416 agunt
182 3332 410 3416 paenitentiam
434 3335 466 3397 et
487 3331 654 3397 inueniunt
675 3349 784 3398 ueram
806 3333 931 3398 uitam?
966 3331 1144 3416 prointus
1177 3364 1192 3380 ·

65 3436 134 3519 troe,
158 3436 259 3501 etiam
280 3436 320 3500 ad
343 3436 401 3501 hoc
423 3452 478 3499 uos
500 3437 666 3500 admoneat
687 3434 769 3518 quod
791 3434 836 3499 ait
858 3434 1037 3518 apostolus:
1065 3433 1193 3499 nolito

64 3543 152 3605 ante
174 3542 329 3621 tempus
352 3538 563 3621 quicquam
584 3538 774 3604 indicare.
804 3538 882 3605 haec
897 3539 982 3604 enim
997 3537 1194 3622 blasphemia

65 3844 80 3897 2
162 3759 299 3814 snauh.
318 3760 378 3826 3,2
464 3761 563 3816 Shno.
581 3761 624 3826 24,
641 3762 724 3830 46sq.
813 3762 846 3815 18
864 3761 898 3815 cf.
916 3759 1011 3815 Erech.
1032 3761 1072 3826 18,
1091 3760 1125 3814 23

82 3845 204 3903 artur.
222 3846 283 3912 4,6

110 4051 283 4107 3dicenso
384 4052 629 4122 tpaenitentiao
733 4053 994 4123 adpropinquabito
1097 4055 1191 4121 Spsti

67 4141 123 4205 τῇ
147 4138 174 4192 Τ
278 4140 312 4194 14
332 4154 399 4207 qnae
422 4139 515 4193 ualeat
534 4139 562 4192 in
581 4137 674 4193 futuro
698 4138 779 4194 PTo:
807 4154 857 4193 om.
880 4137 953 4206 ΜΚ·
980 4139 1014 4193 a'sa
1035 4139 1196 4208 Vapotium

65 4239 181 4280 um
207 4225 333 4281 relictam
357 4227 396 4280 22
420 4226 480 4292 fere
506 4226 557 4280 aa.
662 4226 737 4281 ualet
764 4226 801 4280 Ρ·
906 4224 939 4279 16
965 4224 1126 4280 indicares

64 4308 250 4380 disputandum
278 4311 319 4367 Vr
429 4313 461 4368 19
485 4312 537 4367 scis
560 4314 615 4372 To:
640 4313 694 4369 scit
717 4311 781 4367 MV
883 4310 1126 4381 ttestlosa.1'¹

65 4395 94 4452 al
112 4396 196 4466 ηῖόν
287 4398 321 4453 12
338 4398 539 4454 adamaticmo
629 4400 664 4458 26
682 4398 908 4469 disperatneimos
928 4398 966 4451 Vo
1058 4394 1093 4449 26
1113 4401 1199 4471 agant

65 4497 80 4536 a
178 4483 746 4563 tihocloccmstiaroaffhuco
