2760 4814
307 323 473 391 Excerptc
489 337 525 375 ex
542 336 613 393 opp
631 320 657 375 S.
676 321 866 390 Augustini
884 321 1026 379 CLXXXI.
1167 323 1233 393 615

101 518 234 601 propter
254 512 410 581 mendacii
431 511 604 592 libidinem,
628 531 706 595 quae
727 531 833 595 pereo
856 513 923 596 ipen
944 512 1060 581 uitiosa
1082 519 1138 582 eet.
1169 534 1230 584 non

101 622 151 685 eet
185 616 401 684 mentiendum
436 617 544 699 quinto
578 633 698 700 genere,
733 614 807 697 quie
840 634 895 682 nec
928 616 995 701 ipen
1022 618 1140 686 ueritus
1169 619 1232 686 fine

100 721 246 805 placendi
269 718 447 786 hominibus
471 718 660 785 enuntianda
677 720 734 804 eet,
757 721 999 803 quantominus
1021 723 1228 801 mendacium,

99 826 185 910 quod
214 844 268 908 per
290 842 324 888 ee
352 823 465 906 ipsum,
500 823 573 905 quie
603 822 797 887 menducium
827 821 881 905 eet,
916 823 1025 906 utique
1057 826 1147 908 turpe
1170 829 1231 892 eet.

87 947 163 994 enon
195 931 243 992 est
272 925 488 991 mentiendum
519 930 604 990 sexto
634 943 761 1009 genere;
796 943 894 1008 neque
920 928 1003 991 enim
1026 931 1108 993 recte
1132 932 1228 994 etiem

100 1029 272 1098 testimonii
296 1029 413 1095 ueritas
437 1047 491 1112 pro
514 1031 696 1111 cuiusquam
719 1029 883 1113 temporali
899 1030 1060 1096 commodo
1075 1049 1112 1096 ec
1128 1032 1230 1097 salute

101 1134 321 1216 corrumpitur.
362 1132 402 1199 od
432 1132 654 1215 sempiternam
683 1150 757 1198 uero
786 1132 921 1197 salutem
943 1133 1048 1198 nullus
1070 1135 1230 1200 ducendus

102 1242 150 1304 eet
174 1238 348 1322 opitulante
371 1237 547 1314 menduci03
571 1254 632 1301 non
656 1236 739 1301 enim
754 1236 847 1301 malie
862 1236 1112 1302 conuerteutium
1134 1240 1229 1303 mori·

101 1342 161 1408 bue
186 1344 224 1407 ed
254 1341 350 1405 bonos
384 1358 486 1405 meree
521 1340 749 1405 conuertendue
778 1341 836 1418 eet,
859 1340 942 1423 quie,
973 1339 1001 1404 ei
1031 1357 1106 1423 erge
1137 1340 1229 1406 illurn

87 1445 279 1511 »iaciendum
310 1447 366 1521 est,
397 1443 488 1508 debet
511 1443 606 1508 etiam
634 1442 702 1526 ipse
724 1460 890 1508 conuersus
919 1444 1022 1508 iecere
1044 1462 1119 1528 erge
1140 1443 1231 1522 alios,

103 1552 198 1631 utque
221 1549 267 1612 ita
288 1565 349 1611 non
374 1548 413 1612 ad
436 1547 540 1625 bonos,
562 1548 616 1612 sed
632 1546 670 1611 ed
693 1545 792 1612 mulce
815 1563 916 1610 meree
932 1546 1135 1628 conuertitur,
1159 1565 1229 1612 com

103 1652 160 1717 hoc
184 1650 212 1716 ei
235 1651 400 1734 praebetur
422 1650 610 1715 imitandum
633 1665 788 1728 conuerso,
818 1648 898 1731 quod
921 1648 950 1713 ci
972 1648 1160 1733 prcertitum
1183 1649 1236 1713 est

102 1756 321 1821 conuertendo.
353 1772 450 1836 neque
464 1754 597 1837 septimo
611 1770 723 1837 genere
738 1751 953 1818 mentiendum
976 1752 1040 1836 eet3
1062 1770 1123 1818 non
1146 1751 1231 1816 enim

103 1858 289 1940 cuinequum
311 1857 516 1922 commoditas
539 1857 594 1920 aut
621 1854 705 1920 selue
729 1855 910 1938 temporalis
932 1853 1134 1938 perficiendae
1157 1854 1230 1919 fidei

87 1960 305 2044 rprneferondo
327 1963 384 2043 eet,
417 1978 481 2040 nec,
511 1961 537 2025 si
560 1960 724 2043 quiequam
746 1958 780 2023 in
803 1960 886 2024 recte
913 1959 1004 2024 fectis
1027 1958 1141 2023 noetris
1164 1962 1229 2022 tum

103 2064 187 2130 mele
208 2069 360 2144 mouetur,
384 2066 420 2127 ut
443 2064 499 2129 fiet
521 2063 617 2128 etiem
632 2062 737 2127 animo
754 2061 887 2128 deterior
908 2062 1094 2142 longequee
1111 2063 1229 2144 pietate

103 2168 260 2244 remotior,
291 2172 453 2249 propterea
474 2170 557 2231 recte
583 2166 666 2231 iacta
689 2165 856 2231 deserendo
877 2170 961 2243 eunt,
991 2183 1061 2230 cum
1084 2165 1117 2230 id
1140 2165 1231 2230 nobie

103 2269 267 2354 praecipue
296 2271 466 2335 tenendum
495 2271 547 2350 eit,
578 2288 637 2352 quo
660 2285 770 2333 uocare
796 2272 889 2350 utque
920 2267 1054 2332 innitere
1085 2267 1230 2333 debemus

105 2391 180 2456 quoe
195 2373 279 2437 sicut
295 2377 417 2438 nosmet
439 2373 521 2456 ipeoe
537 2372 708 2456 diligimus,
733 2370 963 2454 fortissimoque
977 2371 1080 2435 auimo
1097 2368 1232 2435 bibendo

87 2477 152 2542 teet
176 2477 346 2559 apostolice
368 2475 426 2541 ille
446 2476 617 2541 sententie:
652 2474 748 2540 aliie
770 2472 923 2556 quidem
946 2475 1039 2539 odor
1060 2473 1170 2539 uitee
1193 2475 1231 2538 iu

104 2582 242 2656 uitem,
277 2579 370 2644 aliie
406 2578 494 2645 odor
528 2576 668 2643 mortis
701 2579 740 2643 in
773 2577 953 2660 mortem3
991 2581 1029 2642 et
1060 2578 1105 2642 ed
1138 2576 1232 2640 haec

105 2680 192 2765 quie
214 2681 401 2747 idoneus?
433 2700 489 2747 nee
511 2683 620 2746 octeno
643 2699 755 2762 genere
777 2678 991 2745 mentiendum
1015 2682 1071 2757 eet,
1102 2679 1174 2764 quin
1198 2681 1231 2744 et

105 2784 136 2850 in
160 2784 252 2850 bonie
274 2787 400 2850 ceetitue
424 2783 521 2849 enimi
544 2783 698 2866 pudicitie
720 2783 855 2867 corporis
870 2786 903 2848 et
924 2784 958 2847 in
980 2784 1072 2848 mulie
1095 2782 1127 2847 id
1150 2782 1231 2864 quod

104 2888 163 2971 ipei
198 2887 330 2952 iueimue
353 2906 390 2953 eo
412 2890 491 2970 quod
520 2886 588 2953 fieri
619 2887 752 2952 einimue
781 2887 882 2953 maius
905 2890 961 2951 eet.
1000 2888 1033 2951 in
1055 2886 1104 2951 hie
1128 2889 1232 2950 eutem

87 3006 173 3057 socco
207 2991 371 3073 generibus
405 2991 493 3055 tento
527 2990 656 3074 quisque
691 2990 794 3055 minue
817 2998 934 3073 peccet,
969 3008 1040 3054 cum
1070 2987 1231 3066 mentitur,

105 3098 227 3177 quanto
257 3096 389 3178 emergit
418 3093 458 3158 ed
480 3096 644 3170 octauum3
674 3093 763 3159 tento
785 3092 930 3177 emplius,
963 3093 1078 3175 quanto
1101 3090 1236 3173 emergit

208 3340 244 3395 20
264 3339 294 3393 11
312 3338 370 3395 Gor.
389 3339 414 3407 2,
435 3339 467 3394 16

156 3570 349 3627 llibidiueP¹
430 3571 572 3640 ipeemPo
651 3570 995 3641 doommodolcdmodoP
1072 3570 1236 3626 idnccndne

103 3663 134 3723 (n
148 3660 233 3728 prior
250 3674 285 3712 ec
302 3657 313 3712 i
330 3658 412 3725 corr.)
435 3656 463 3712 P
565 3658 583 3712 8
607 3657 825 3712 conuereentinm
849 3673 867 3713 o
969 3656 986 3711 9
1012 3657 1047 3728 ei]
1074 3673 1101 3711 οο
1127 3655 1163 3712 Ρ’

101 3759 169 3814 erga
186 3750 216 3810 (ο
233 3759 267 3798 ex
284 3758 299 3797 o
317 3745 397 3811 corr.)
414 3742 444 3797 P
536 3743 569 3796 12
586 3741 736 3813 praebetur]
754 3741 854 3812 pbetnr
872 3741 911 3797 ΡΙ
1006 3742 1041 3797 14
1058 3741 1234 3797 commoditas

101 3832 153 3886 unt
168 3830 252 3900 nine]
271 3829 310 3884 P‘
326 3831 357 3884 in
374 3844 430 3884 rae.
533 3826 739 3897 proficiendeeo
841 3828 875 3882 15
896 3829 930 3898 ei]
952 3844 981 3883 ee
1004 3829 1048 3885 Pe
1149 3829 1232 3899 recte]

101 3917 185 3974 ren·
211 3916 255 3972 Po
367 3917 400 3972 16
425 3918 566 3970 moueretur
591 3932 608 3971 o
709 3916 837 3986 longique
864 3916 901 3972 ΡΙ
1013 3917 1048 3971 17
1075 3916 1155 3986 teob]
1183 3933 1235 3971 cm.

101 4020 121 4061 ο
224 4001 376 4073 deserendo]
395 4002 548 4058 disserenda
565 4002 610 4058 Po
722 4002 758 4058 20
774 4003 838 4057 odor
858 4001 896 4058 V:
922 4018 1015 4059 eumue
1033 4002 1097 4058 odor
1115 4002 1156 4068 P,
1183 4018 1234 4058 om.

102 4107 121 4148 ο
224 4089 259 4144 22
282 4089 404 4159 idoneus]
427 4092 483 4144 inm
507 4089 618 4144 idoncue
640 4105 657 4144 o
758 4090 793 4143 23
816 4091 938 4160 cnetitue]
960 4089 973 4144 i
994 4090 1093 4145 cuitu
1113 4088 1178 4144 cdd
1196 4087 1235 4142 1²¹

101 4176 137 4231 ἐκ
152 4191 205 4246 ng.
309 4174 342 4230 25
360 4176 460 4245 peccet]
479 4178 647 4244 peooetnmc
744 4190 804 4229 curn
822 4175 964 4246 mentitur]
982 4173 1165 4231 committito

101 4261 141 4318 26
156 4263 370 4317 teuto-eutem
388 4263 455 4332 οοοο]
474 4277 524 4316 om.
541 4278 558 4317 ο
