2760 4814
193 530 256 597 m
675 529 843 599 Bmffl

193 737 317 801 aquae
347 719 476 796 uiuae,
506 720 565 784 hoc
594 720 628 785 in
658 720 718 787 isto
749 719 833 785 loco:
855 719 950 803 fiet,
974 721 1089 805 inquit,
1111 720 1153 787 in
1177 739 1219 789 eo
1243 722 1328 788 fons

191 841 313 905 aquae
334 824 482 890 solutis
505 824 544 888 in
567 826 652 889 uita
674 828 849 889 aeterna.

234 926 352 991 Paulus
374 945 448 991 uero
471 926 643 1009 apostolus:
667 927 903 1011 unicuique,
926 927 1040 1009 inquit,
1064 932 1252 993 nostrum
1267 929 1327 993 du-

193 1030 257 1094 tnr
277 1030 411 1115 gratia
431 1030 645 1096 secundum
669 1050 889 1095 mensuram
913 1030 1144 1095 donationis
1161 1030 1324 1097 Christi.

192 1136 285 1216 atquo
317 1136 354 1199 ut
387 1133 586 1199 donationem
618 1131 734 1200 Christi
769 1133 917 1216 spiritum
955 1136 1097 1200 sanctum
1134 1137 1358 1213 ostendereta

192 1240 318 1303 secutus
340 1236 498 1302 adiunxit:
530 1242 693 1318 propter
723 1236 822 1317 quod
854 1236 975 1301 dicit:
998 1236 1186 1302 ascendit
1208 1238 1249 1303 in
1275 1238 1326 1303 sl·

191 1340 288 1423 tum,
313 1340 543 1423 captiuauit
566 1341 871 1421 captiuitatem,
902 1340 1012 1404 dedit
1034 1343 1132 1405 dona
1157 1341 1326 1407 homini·

192 1443 274 1511 bus.
318 1446 518 1510 notissimum
555 1446 602 1509 est
639 1444 745 1509 autem
783 1445 944 1508 dominum
984 1444 1099 1524 Iesum,
1141 1462 1216 1510 enm
1257 1450 1327 1529 post

192 1551 449 1614 resurrectionem
473 1548 647 1614 amortuis
670 1549 860 1614 ascendisset
883 1550 915 1613 in
940 1548 1073 1624 caelum,
1090 1547 1215 1614 dedisse
1232 1550 1323 1632 spiri·

192 1652 262 1715 tum
294 1653 445 1727 sanctum,
480 1669 540 1734 qno
569 1651 694 1733 impleti
723 1652 776 1733 qui
808 1652 1007 1716 crediderunt
1036 1650 1154 1735 linguis
1185 1655 1325 1717 omnium
1334 1678 1357 1717 n

192 1756 336 1839 gentium
347 1755 561 1837 loquebantur.
578 1774 634 1820 neo
646 1759 770 1821 moueat
782 1754 864 1838 quod
875 1755 935 1819 ait:
951 1755 1063 1831 dona,
1078 1773 1139 1821 non
1156 1755 1323 1832 „donans

192 1858 224 1924 id
247 1860 331 1924 onim
354 1860 570 1924 testimonium
593 1863 630 1924 de
653 1860 772 1942 psalmo
795 1860 914 1940 posuit;
937 1859 995 1923 hoo
1018 1864 1124 1923 autem
1147 1858 1182 1923 in
1205 1860 1325 1942 psalmo

193 1963 239 2027 itu
262 1961 395 2047 legitur:
427 1963 650 2027 ascendisti
672 1967 711 2026 in
733 1963 877 2041 altum,
907 1962 1132 2045 captiuasti
1155 1963 1325 2045 captiui·

193 2067 338 2145 tatem,
361 2064 559 2149 accepisti
582 2066 681 2131 dona
703 2067 743 2129 in
766 2064 1001 2131 hominibus.
1039 2067 1086 2129 sio
1109 2067 1196 2131 enim
1219 2067 1325 2149 plures

194 2169 313 2234 codices
336 2169 462 2247 habent,
485 2169 621 2234 marimo
635 2170 748 2251 graeci,
765 2173 795 2233 et
814 2188 850 2233 er
873 2170 1005 2233 hebraeo
1020 2171 1065 2234 sic
1080 2170 1324 2251 interpretatum
1334 2192 1358 2232 n

194 2272 356 2340 habemus.
401 2277 501 2339 dona
534 2274 638 2355 itaque
671 2273 749 2338 dixit
781 2274 938 2354 apostolus
961 2272 1226 2356 quemadmodum
1256 2291 1326 2356 pro·

193 2376 299 2458 pheta,
322 2395 385 2442 non
407 2378 532 2442 donum.
562 2376 615 2442 sed
638 2396 709 2441 cum
730 2366 885 2459 propheta
907 2377 1035 2441 dixerit:
1060 2375 1266 2457 accepisti
1287 2377 1325 2441 in

194 2479 441 2559 hominibus,
474 2481 632 2561 apostolus
655 2479 770 2544 maluit
793 2480 908 2544 dicore:
943 2478 1054 2544 dedit
1079 2478 1325 2556 hominibus,

193 2586 230 2648 ut
247 2602 281 2647 er
298 2584 428 2666 utroque
447 2584 569 2649 scilicet
584 2585 686 2660 nerto,
703 2602 763 2647 uno
778 2583 968 2665 prophetico,
985 2582 1154 2671 apostolico
1170 2585 1270 2648 altero
1284 2618 1326 2631 —

192 2685 266 2767 quia
292 2687 324 2750 in
355 2687 485 2768 utroque
508 2690 556 2751 est
586 2685 686 2751 diuini
714 2687 864 2751 sermonis
895 2687 1062 2751 auctoritas
1091 2722 1135 2732 —
1157 2688 1195 2751 ut
1217 2704 1360 2752 sensusne

192 2787 393 2871 plenissimus
422 2789 612 2854 redderetur.
651 2791 819 2871 utrumque
851 2790 935 2854 enim
966 2807 1075 2853 uerum
1106 2790 1164 2866 cst,
1197 2791 1328 2873 etquis

194 2891 305 2957 dedit
336 2892 563 2959 hominibus
593 2897 625 2957 ei
653 2896 723 2975 quia
757 2894 878 2975 accepit
911 2893 950 2957 in
982 2892 1224 2957 hominibus.
1264 2893 1326 2957 de·

191 2994 251 3059 dit
282 2996 509 3061 hominibus
544 3002 704 3079 tamquam
734 3000 829 3080 caput
851 2996 1000 3062 membris
1022 2996 1101 3073 suis;
1139 2998 1261 3078 accepit
1284 2997 1326 3062 in

191 3098 418 3164 hominibus
440 3099 523 3165 idom
546 3100 622 3182 ipse,
646 3100 752 3180 utique
776 3099 809 3163 in
832 3099 980 3164 membris
1002 3101 1079 3179 suis,
1103 3106 1231 3183 propter
1247 3120 1326 3184 quae

191 3202 418 3268 membrosus
449 3204 598 3268 clamauit
627 3202 665 3267 do
694 3202 797 3268 caelo:
827 3202 961 3279 Saule,
992 3202 1126 3286 Saule,
1148 3205 1247 3286 quid
1271 3226 1361 3271 meso

192 3306 466 3391 persequeris?
490 3309 574 3373 etde
597 3307 711 3390 quibus
735 3307 884 3372 membris
907 3307 972 3373 suis
994 3308 1054 3372 ait:
1079 3308 1234 3390 quando
1256 3310 1327 3372 uni

293 3493 554 3562 mmmm
675 3494 911 3560 nmmo
1035 3492 1256 3559 amas

191 3577 455 3646 mmmm

243 3752 259 3804 2
272 3766 355 3820 aquae
369 3751 448 3806 (ἕψε
466 3766 548 3819 aquae
560 3750 639 3805 uiuae
654 3752 708 3807 G'o
776 3749 874 3803 salutis
887 3749 923 3803 V:
942 3748 1063 3803 solientis
1077 3749 1148 3804 GPo
1160 3748 1207 3815 (cf.
1217 3766 1249 3819 p.
1261 3754 1326 3814 785,

189 3839 239 3905 23)
337 3838 396 3892 uite
408 3840 514 3892 aeterna
529 3837 575 3890 1⁷¹:
598 3838 684 3892 uitem
697 3840 831 3891 oeternum
845 3836 954 3891 GPVu
1050 3834 1141 3887 3ucro
1155 3834 1193 3887 V:
1217 3850 1325 3903 qnoque

192 3924 263 3979 Gl'v
364 3927 486 3977 nostrum
504 3924 627 3992 inquito
730 3922 884 3976 (inscendit
904 3921 996 3976 G¹Po:
1026 3936 1077 3974 om.
1102 3918 1140 3988 V;
1176 3922 1326 3974 ascendens

193 4010 231 4065 θ’
247 4026 324 4078 ειιρν.
343 4026 416 4064 uere.
514 4012 641 4064 8autcm
659 4016 736 4065 esto
835 4008 868 4063 10
885 4008 1051 4063 crediderant
1071 4006 1113 4062 Gn
1216 4009 1249 4061 15
1267 4024 1327 4062 ms·

190 4098 260 4153 xime
282 4099 317 4153 Vt
352 4101 380 4152 ot
402 4098 519 4151 marimo
544 4098 587 4153 Go
690 4098 723 4151 17
747 4098 793 4151 sed
818 4114 877 4151 cum
902 4097 937 4151 V:
973 4094 1117 4150 secundnm
1140 4094 1256 4165 qundo

189 4201 328 4257 dixerstn
430 4174 558 4268 adcopisti
576 4212 601 4265 (c
618 4201 684 4259 odd.
702 4218 737 4257 m.
750 4204 781 4270 2)
799 4218 815 4257 o
918 4202 951 4255 18
968 4200 1044 4254 dedit
1060 4224 1087 4252 κ
1104 4198 1265 4253 hominibus
1283 4199 1325 4261 (in

188 4304 254 4370 ras.)
274 4302 301 4358 G
402 4304 437 4359 20
453 4277 599 4360 suttoritus
621 4308 647 4375 (c
668 4306 734 4363 odd
758 4323 793 4362 m.
812 4308 882 4371 tto
990 4308 1022 4357 ut
1047 4301 1143 4358 θίγοι
1173 4300 1229 4357 dci.
1252 4308 1328 4358 m.3

190 4390 259 4533 gv.
287 4390 454 4545 qffidoeooepst
464 4394 525 4460 (orn.
538 4394 611 4463 quia)
628 4410 647 4449 o
733 4392 808 4447 dedit
819 4390 982 4460 hominibus]
995 4405 1076 4444 orno
1162 4388 1199 4442 26
1216 4390 1328 4459 quando
