<?xml version="1.0" encoding="UTF-8"?>
<!DOCTYPE html PUBLIC "-//W3C//DTD XHTML 1.0 Transitional//EN"
    "http://www.w3.org/TR/xhtml1/DTD/xhtml1-transitional.dtd">
<html xmlns="http://www.w3.org/1999/xhtml" xml:lang="en" lang="en">
 <head>
  <title>
</title>
<meta http-equiv="Content-Type" content="text/html;charset=utf-8" />
  <meta name='ocr-system' content='tesseract 3.04.00' />
  <meta name='ocr-capabilities' content='ocr_page ocr_carea ocr_par ocr_line ocrx_word'/>
</head>
<body>
  <div class='ocr_page' id='page_1' title='image "./evgippiiexcerpt00kngoog/evgippiiexcerpt00kngoog_1083.png"; bbox 0 0 2760 4814; ppageno 0'>
   <div class='ocr_carea' id='block_1_1' title="bbox 131 332 777 404">
    <p class='ocr_par' dir='ltr' id='par_1_1' title="bbox 131 332 777 404">
     <span class='ocr_line' id='line_1_1' title="bbox 131 332 777 404; baseline -0.002 -2"><span class='ocrx_word' id='word_1_1' title='bbox 131 335 217 404; x_wconf 80' lang='lat'>1060</span> <span class='ocrx_word' id='word_1_2' title='bbox 615 332 777 402; x_wconf 76' lang='lat' dir='ltr'><strong>eugipprr</strong></span> 
     </span>
    </p>
   </div>
   <div class='ocr_carea' id='block_1_2' title="bbox 131 519 1263 709">
    <p class='ocr_par' dir='ltr' id='par_1_2' title="bbox 131 519 1263 709">
     <span class='ocr_line' id='line_1_2' title="bbox 132 519 1263 606; baseline -0.002 -15"><span class='ocrx_word' id='word_1_3' title='bbox 132 542 169 591; x_wconf 89' lang='lat' dir='ltr'><strong>ex</strong></span> <span class='ocrx_word' id='word_1_4' title='bbox 195 524 298 590; x_wconf 79' lang='lat' dir='ltr'><strong>Adam</strong></span> <span class='ocrx_word' id='word_1_5' title='bbox 320 523 444 587; x_wconf 87' lang='lat' dir='ltr'><strong>sumtus</strong></span> <span class='ocrx_word' id='word_1_6' title='bbox 466 522 515 587; x_wconf 91' lang='lat' dir='ltr'><strong>est</strong></span> <span class='ocrx_word' id='word_1_7' title='bbox 536 558 577 572; x_wconf 90' lang='lat'><em>-</em></span> <span class='ocrx_word' id='word_1_8' title='bbox 600 538 682 585; x_wconf 87' lang='lat' dir='ltr'><strong>nune</strong></span> <span class='ocrx_word' id='word_1_9' title='bbox 702 538 769 585; x_wconf 89' lang='lat' dir='ltr'><strong>esse</strong></span> <span class='ocrx_word' id='word_1_10' title='bbox 791 520 942 604; x_wconf 88' lang='lat' dir='ltr'><strong>spiritale,</strong></span> <span class='ocrx_word' id='word_1_11' title='bbox 966 519 1118 603; x_wconf 88' lang='lat' dir='ltr'><strong>qnoniam</strong></span> <span class='ocrx_word' id='word_1_12' title='bbox 1141 522 1263 606; x_wconf 85' lang='lat' dir='ltr'><strong>spiritui</strong></span> 
     </span>
     <span class='ocr_line' id='line_1_3' title="bbox 131 623 752 709; baseline -0.008 -14"><span class='ocrx_word' id='word_1_13' title='bbox 131 631 196 695; x_wconf 82' lang='lat' dir='ltr'><strong>iam</strong></span> <span class='ocrx_word' id='word_1_14' title='bbox 219 625 470 709; x_wconf 72' lang='lat' dir='ltr'><strong>inseparabiliter</strong></span> <span class='ocrx_word' id='word_1_15' title='bbox 491 623 670 707; x_wconf 83' lang='lat' dir='ltr'><strong>copulatum</strong></span> <span class='ocrx_word' id='word_1_16' title='bbox 694 627 752 690; x_wconf 92' lang='lat' dir='ltr'><strong>est.</strong></span> 
     </span>
    </p>
   </div>
   <div class='ocr_carea' id='block_1_3' title="bbox 559 910 833 997">
    <p class='ocr_par' dir='ltr' id='par_1_3' title="bbox 559 910 833 997">
     <span class='ocr_line' id='line_1_4' title="bbox 559 910 833 997; baseline -0.011 0"><span class='ocrx_word' id='word_1_17' title='bbox 559 910 833 997; x_wconf 74' lang='lat' dir='ltr'><strong>cccxxxflfl.</strong></span> 
     </span>
    </p>
   </div>
   <div class='ocr_carea' id='block_1_4' title="bbox 134 1103 1290 1262">
    <p class='ocr_par' dir='ltr' id='par_1_4' title="bbox 134 1103 1290 1262">
     <span class='ocr_line' id='line_1_5' title="bbox 134 1103 1262 1155; baseline 0.003 -3"><span class='ocrx_word' id='word_1_18' title='bbox 134 1104 180 1152; x_wconf 73' lang='lat' dir='ltr'><strong>DE</strong></span> <span class='ocrx_word' id='word_1_19' title='bbox 214 1103 370 1154; x_wconf 82' lang='lat' dir='ltr'>CORPORE</span> <span class='ocrx_word' id='word_1_20' title='bbox 403 1104 550 1152; x_wconf 72' lang='lat' dir='ltr'><strong>amnem</strong></span> <span class='ocrx_word' id='word_1_21' title='bbox 583 1104 626 1151; x_wconf 73' lang='lat' dir='ltr'><strong>Er</strong></span> <span class='ocrx_word' id='word_1_22' title='bbox 660 1103 818 1152; x_wconf 80' lang='lat' dir='ltr'>CORPORE</span> <span class='ocrx_word' id='word_1_23' title='bbox 851 1103 1030 1151; x_wconf 81' lang='lat' dir='ltr'><strong>SPIRITALI.</strong></span> <span class='ocrx_word' id='word_1_24' title='bbox 1068 1105 1117 1152; x_wconf 77' lang='lat' dir='ltr'><strong>EX</strong></span> <span class='ocrx_word' id='word_1_25' title='bbox 1147 1107 1262 1155; x_wconf 72' lang='lat' dir='ltr'><strong>nanu</strong></span> 
     </span>
     <span class='ocr_line' id='line_1_6' title="bbox 452 1206 1290 1262; baseline 0.002 -9"><span class='ocrx_word' id='word_1_26' title='bbox 452 1206 618 1254; x_wconf 77' lang='lat' dir='ltr'>EPISTVLA</span> <span class='ocrx_word' id='word_1_27' title='bbox 644 1207 692 1254; x_wconf 75' lang='lat' dir='ltr'><strong>AD</strong></span> <span class='ocrx_word' id='word_1_28' title='bbox 715 1206 941 1255; x_wconf 79' lang='lat' dir='ltr'>CONSENTIVM.</span> <span class='ocrx_word' id='word_1_29' title='bbox 1279 1220 1290 1262; x_wconf 72' lang='lat'><strong>5</strong></span> 
     </span>
    </p>
   </div>
   <div class='ocr_carea' id='block_1_5' title="bbox 60 1343 1290 2962">
    <p class='ocr_par' dir='ltr' id='par_1_5' title="bbox 60 1343 1290 2962">
     <span class='ocr_line' id='line_1_7' title="bbox 60 1343 1261 1432; baseline -0.006 -15"><span class='ocrx_word' id='word_1_30' title='bbox 60 1347 127 1416; x_wconf 74' lang='lat'><strong>370</strong></span> <span class='ocrx_word' id='word_1_31' title='bbox 178 1345 267 1412; x_wconf 83' lang='lat' dir='ltr'><strong>Dixit</strong></span> <span class='ocrx_word' id='word_1_32' title='bbox 296 1344 470 1427; x_wconf 87' lang='lat' dir='ltr'><strong>apostolus:</strong></span> <span class='ocrx_word' id='word_1_33' title='bbox 503 1343 720 1409; x_wconf 87' lang='lat' dir='ltr'><strong>seminatur</strong></span> <span class='ocrx_word' id='word_1_34' title='bbox 749 1362 886 1427; x_wconf 91' lang='lat' dir='ltr'><strong>oorpus</strong></span> <span class='ocrx_word' id='word_1_35' title='bbox 912 1343 1104 1424; x_wconf 85' lang='lat' dir='ltr'><strong>animale,</strong></span> <span class='ocrx_word' id='word_1_36' title='bbox 1127 1348 1261 1432; x_wconf 79' lang='lat' dir='ltr'>surget</span> 
     </span>
     <span class='ocr_line' id='line_1_8' title="bbox 135 1445 1261 1531; baseline 0 -16"><span class='ocrx_word' id='word_1_37' title='bbox 135 1467 275 1531; x_wconf 89' lang='lat' dir='ltr'><strong>eorpus</strong></span> <span class='ocrx_word' id='word_1_38' title='bbox 304 1445 503 1529; x_wconf 87' lang='lat' dir='ltr'><strong>spiritale.</strong></span> <span class='ocrx_word' id='word_1_39' title='bbox 542 1446 670 1529; x_wconf 81' lang='lat' dir='ltr'><strong>proinde</strong></span> <span class='ocrx_word' id='word_1_40' title='bbox 700 1446 781 1511; x_wconf 87' lang='lat' dir='ltr'><strong>sicut</strong></span> <span class='ocrx_word' id='word_1_41' title='bbox 810 1446 946 1512; x_wconf 85' lang='lat' dir='ltr'><strong>animsle</strong></span> <span class='ocrx_word' id='word_1_42' title='bbox 975 1463 1089 1531; x_wconf 86' lang='lat' dir='ltr'><strong>eorpus</strong></span> <span class='ocrx_word' id='word_1_43' title='bbox 1120 1466 1184 1514; x_wconf 90' lang='lat' dir='ltr'><strong>non</strong></span> <span class='ocrx_word' id='word_1_44' title='bbox 1216 1456 1261 1515; x_wconf 87' lang='lat' dir='ltr'><strong>eet</strong></span> 
     </span>
     <span class='ocr_line' id='line_1_9' title="bbox 134 1548 1260 1636; baseline 0.001 -19"><span class='ocrx_word' id='word_1_45' title='bbox 134 1552 248 1629; x_wconf 82' lang='lat' dir='ltr'><strong>mima</strong></span> <span class='ocrx_word' id='word_1_46' title='bbox 281 1552 337 1616; x_wconf 88' lang='lat' dir='ltr'><strong>sed</strong></span> <span class='ocrx_word' id='word_1_47' title='bbox 366 1567 486 1633; x_wconf 84' lang='lat' dir='ltr'><strong>eorpus,</strong></span> <span class='ocrx_word' id='word_1_48' title='bbox 517 1553 549 1615; x_wconf 88' lang='lat' dir='ltr'><strong>et</strong></span> <span class='ocrx_word' id='word_1_49' title='bbox 579 1548 722 1633; x_wconf 90' lang='lat' dir='ltr'><strong>spiritale</strong></span> <span class='ocrx_word' id='word_1_50' title='bbox 752 1567 862 1632; x_wconf 87' lang='lat' dir='ltr'><strong>eorpus</strong></span> <span class='ocrx_word' id='word_1_51' title='bbox 892 1550 939 1616; x_wconf 79' lang='lat' dir='ltr'><strong>itt</strong></span> <span class='ocrx_word' id='word_1_52' title='bbox 967 1570 1028 1617; x_wconf 91' lang='lat' dir='ltr'><strong>non</strong></span> <span class='ocrx_word' id='word_1_53' title='bbox 1051 1553 1102 1616; x_wconf 85' lang='lat' dir='ltr'><strong>est</strong></span> <span class='ocrx_word' id='word_1_54' title='bbox 1121 1552 1260 1636; x_wconf 81' lang='lat' dir='ltr'><strong>spiritns,</strong></span> 
     </span>
     <span class='ocr_line' id='line_1_10' title="bbox 134 1652 1260 1738; baseline -0.002 -16"><span class='ocrx_word' id='word_1_55' title='bbox 134 1656 189 1722; x_wconf 87' lang='lat' dir='ltr'><strong>sed</strong></span> <span class='ocrx_word' id='word_1_56' title='bbox 212 1672 332 1737; x_wconf 87' lang='lat' dir='ltr'><strong>oorpns.</strong></span> <span class='ocrx_word' id='word_1_57' title='bbox 370 1654 439 1736; x_wconf 88' lang='lat' dir='ltr'><strong>quis</strong></span> <span class='ocrx_word' id='word_1_58' title='bbox 460 1671 551 1737; x_wconf 92' lang='lat' dir='ltr'><strong>porro</strong></span> <span class='ocrx_word' id='word_1_59' title='bbox 575 1652 689 1719; x_wconf 75' lang='lat' dir='ltr'><strong>audeat</strong></span> <span class='ocrx_word' id='word_1_60' title='bbox 711 1653 831 1736; x_wconf 92' lang='lat' dir='ltr'><strong>opinari</strong></span> <span class='ocrx_word' id='word_1_61' title='bbox 853 1655 905 1719; x_wconf 88' lang='lat' dir='ltr'><strong>uel</strong></span> <span class='ocrx_word' id='word_1_62' title='bbox 928 1653 1044 1721; x_wconf 79' lang='lat' dir='ltr'><strong>Christi</strong></span> <span class='ocrx_word' id='word_1_63' title='bbox 1068 1673 1182 1738; x_wconf 87' lang='lat' dir='ltr'><strong>eorpus</strong></span> <span class='ocrx_word' id='word_1_64' title='bbox 1203 1673 1260 1722; x_wconf 92' lang='lat' dir='ltr'><strong>non</strong></span> 
     </span>
     <span class='ocr_line' id='line_1_11' title="bbox 134 1756 1290 1842; baseline 0.001 -18"><span class='ocrx_word' id='word_1_65' title='bbox 134 1757 275 1842; x_wconf 87' lang='lat' dir='ltr'><strong>spiritale</strong></span> <span class='ocrx_word' id='word_1_66' title='bbox 297 1756 500 1822; x_wconf 78' lang='lat' dir='ltr'><strong>resurrexisse</strong></span> <span class='ocrx_word' id='word_1_67' title='bbox 522 1757 582 1832; x_wconf 90' lang='lat' dir='ltr'><strong>uel,</strong></span> <span class='ocrx_word' id='word_1_68' title='bbox 606 1757 634 1821; x_wconf 89' lang='lat' dir='ltr'><strong>si</strong></span> <span class='ocrx_word' id='word_1_69' title='bbox 652 1756 796 1840; x_wconf 88' lang='lat' dir='ltr'><strong>spiritale</strong></span> <span class='ocrx_word' id='word_1_70' title='bbox 818 1756 997 1835; x_wconf 81' lang='lat' dir='ltr'><strong>resurrexit,</strong></span> <span class='ocrx_word' id='word_1_71' title='bbox 1020 1775 1085 1822; x_wconf 94' lang='lat' dir='ltr'><strong>non</strong></span> <span class='ocrx_word' id='word_1_72' title='bbox 1107 1758 1175 1824; x_wconf 93' lang='lat' dir='ltr'><strong>iam</strong></span> <span class='ocrx_word' id='word_1_73' title='bbox 1197 1776 1290 1825; x_wconf 83' lang='lat' dir='ltr'><strong>eor-e</strong></span> 
     </span>
     <span class='ocr_line' id='line_1_12' title="bbox 133 1838 1261 1946; baseline 0.001 -20"><span class='ocrx_word' id='word_1_74' title='bbox 133 1838 193 1946; x_wconf 75' lang='lat' dir='ltr'><strong>pne</strong></span> <span class='ocrx_word' id='word_1_75' title='bbox 222 1860 328 1934; x_wconf 87' lang='lat' dir='ltr'><strong>fuisse,</strong></span> <span class='ocrx_word' id='word_1_76' title='bbox 358 1861 411 1927; x_wconf 84' lang='lat' dir='ltr'><strong>sed</strong></span> <span class='ocrx_word' id='word_1_77' title='bbox 438 1861 597 1944; x_wconf 86' lang='lat' dir='ltr'><strong>spiritum,</strong></span> <span class='ocrx_word' id='word_1_78' title='bbox 629 1878 701 1925; x_wconf 90' lang='lat' dir='ltr'><strong>oum</strong></span> <span class='ocrx_word' id='word_1_79' title='bbox 729 1859 809 1925; x_wconf 85' lang='lat' dir='ltr'><strong>hano</strong></span> <span class='ocrx_word' id='word_1_80' title='bbox 837 1860 1015 1942; x_wconf 85' lang='lat' dir='ltr'><strong>opinionem</strong></span> <span class='ocrx_word' id='word_1_81' title='bbox 1037 1860 1261 1945; x_wconf 80' lang='lat' dir='ltr'><strong>discipolorum</strong></span> 
     </span>
     <span class='ocr_line' id='line_1_13' title="bbox 135 1962 1260 2047; baseline -0.001 -16"><span class='ocrx_word' id='word_1_82' title='bbox 135 1964 269 2047; x_wconf 86' lang='lat' dir='ltr'><strong>refellat,</strong></span> <span class='ocrx_word' id='word_1_83' title='bbox 291 1964 356 2043; x_wconf 89' lang='lat' dir='ltr'><strong>ubi,</strong></span> <span class='ocrx_word' id='word_1_84' title='bbox 372 1981 444 2028; x_wconf 89' lang='lat' dir='ltr'><strong>oum</strong></span> <span class='ocrx_word' id='word_1_85' title='bbox 461 1982 531 2029; x_wconf 90' lang='lat' dir='ltr'><strong>enm</strong></span> <span class='ocrx_word' id='word_1_86' title='bbox 548 1964 690 2029; x_wconf 88' lang='lat' dir='ltr'><strong>uidentes</strong></span> <span class='ocrx_word' id='word_1_87' title='bbox 705 1963 920 2029; x_wconf 78' lang='lat' dir='ltr'><strong>existimarent</strong></span> <span class='ocrx_word' id='word_1_88' title='bbox 935 1981 969 2029; x_wconf 91' lang='lat' dir='ltr'><strong>se</strong></span> <span class='ocrx_word' id='word_1_89' title='bbox 983 1962 1133 2046; x_wconf 89' lang='lat' dir='ltr'><strong>spiritum</strong></span> <span class='ocrx_word' id='word_1_90' title='bbox 1149 1965 1260 2042; x_wconf 84' lang='lat' dir='ltr'><strong>uidere,</strong></span> 
     </span>
     <span class='ocr_line' id='line_1_14' title="bbox 135 2066 1261 2150; baseline -0.003 -15"><span class='ocrx_word' id='word_1_91' title='bbox 135 2069 194 2135; x_wconf 88' lang='lat' dir='ltr'><strong>ait:</strong></span> <span class='ocrx_word' id='word_1_92' title='bbox 212 2067 376 2150; x_wconf 87' lang='lat' dir='ltr'><strong>palpate</strong></span> <span class='ocrx_word' id='word_1_93' title='bbox 398 2070 437 2134; x_wconf 91' lang='lat' dir='ltr'><strong>et</strong></span> <span class='ocrx_word' id='word_1_94' title='bbox 459 2067 609 2150; x_wconf 83' lang='lat' dir='ltr'><strong>uidete,</strong></span> <span class='ocrx_word' id='word_1_95' title='bbox 632 2067 725 2149; x_wconf 88' lang='lat' dir='ltr'><strong>quia</strong></span> <span class='ocrx_word' id='word_1_96' title='bbox 747 2066 918 2148; x_wconf 89' lang='lat' dir='ltr'><strong>spiritus</strong></span> <span class='ocrx_word' id='word_1_97' title='bbox 940 2084 1027 2133; x_wconf 83' lang='lat' dir='ltr'><strong>ossa</strong></span> <span class='ocrx_word' id='word_1_98' title='bbox 1044 2069 1087 2133; x_wconf 90' lang='lat' dir='ltr'><strong>et</strong></span> <span class='ocrx_word' id='word_1_99' title='bbox 1107 2084 1261 2134; x_wconf 85' lang='lat' dir='ltr'><strong>earnem</strong></span> 
     </span>
     <span class='ocr_line' id='line_1_15' title="bbox 134 2158 1261 2254; baseline -0.002 -15"><span class='ocrx_word' id='word_1_100' title='bbox 134 2191 208 2239; x_wconf 89' lang='lat' dir='ltr'><strong>non</strong></span> <span class='ocrx_word' id='word_1_101' title='bbox 235 2171 372 2250; x_wconf 86' lang='lat' dir='ltr'><strong>habet,</strong></span> <span class='ocrx_word' id='word_1_102' title='bbox 400 2173 511 2237; x_wconf 86' lang='lat' dir='ltr'><strong>siout</strong></span> <span class='ocrx_word' id='word_1_103' title='bbox 535 2188 593 2236; x_wconf 89' lang='lat' dir='ltr'><strong>me</strong></span> <span class='ocrx_word' id='word_1_104' title='bbox 620 2158 774 2235; x_wconf 82' lang='lat' dir='ltr'><strong>uidetis</strong></span> <span class='ocrx_word' id='word_1_105' title='bbox 797 2168 964 2235; x_wconf 74' lang='lat' dir='ltr'><strong>habere?</strong></span> <span class='ocrx_word' id='word_1_106' title='bbox 991 2171 1056 2235; x_wconf 90' lang='lat' dir='ltr'><strong>iam</strong></span> <span class='ocrx_word' id='word_1_107' title='bbox 1085 2170 1187 2254; x_wconf 78' lang='lat' dir='ltr'><strong>igitur</strong></span> <span class='ocrx_word' id='word_1_108' title='bbox 1208 2171 1261 2237; x_wconf 85' lang='lat' dir='ltr'><strong>illa</strong></span> 
     </span>
     <span class='ocr_line' id='line_1_16' title="bbox 135 2273 1288 2361; baseline -0.003 -18"><span class='ocrx_word' id='word_1_109' title='bbox 135 2294 205 2343; x_wconf 84' lang='lat' dir='ltr'><strong>earo</strong></span> <span class='ocrx_word' id='word_1_110' title='bbox 228 2277 370 2360; x_wconf 90' lang='lat' dir='ltr'><strong>spiritale</strong></span> <span class='ocrx_word' id='word_1_111' title='bbox 388 2277 455 2342; x_wconf 88' lang='lat' dir='ltr'><strong>erat</strong></span> <span class='ocrx_word' id='word_1_112' title='bbox 470 2278 592 2358; x_wconf 77' lang='lat' dir='ltr'><strong>eorpus&#39;</strong></span> <span class='ocrx_word' id='word_1_113' title='bbox 605 2273 800 2360; x_wconf 79' lang='lat' dir='ltr'><strong>&lt;nontamen</strong></span> <span class='ocrx_word' id='word_1_114' title='bbox 816 2274 944 2357; x_wconf 89' lang='lat' dir='ltr'><strong>spiritus</strong></span> <span class='ocrx_word' id='word_1_115' title='bbox 960 2278 1036 2358; x_wconf 89' lang='lat' dir='ltr'><strong>erat,</strong></span> <span class='ocrx_word' id='word_1_116' title='bbox 1053 2275 1110 2340; x_wconf 87' lang='lat' dir='ltr'><strong>sed</strong></span> <span class='ocrx_word' id='word_1_117' title='bbox 1125 2278 1288 2361; x_wconf 78' lang='lat' dir='ltr'><strong>eorpus,)n</strong></span> 
     </span>
     <span class='ocr_line' id='line_1_17' title="bbox 135 2378 1260 2460; baseline 0.002 -16"><span class='ocrx_word' id='word_1_118' title='bbox 135 2379 224 2445; x_wconf 84' lang='lat' dir='ltr'><strong>nulla</strong></span> <span class='ocrx_word' id='word_1_119' title='bbox 245 2380 377 2446; x_wconf 85' lang='lat' dir='ltr'><strong>ulterius</strong></span> <span class='ocrx_word' id='word_1_120' title='bbox 399 2381 499 2444; x_wconf 88' lang='lat' dir='ltr'><strong>morte</strong></span> <span class='ocrx_word' id='word_1_121' title='bbox 523 2379 563 2444; x_wconf 88' lang='lat' dir='ltr'><strong>ab</strong></span> <span class='ocrx_word' id='word_1_122' title='bbox 578 2378 683 2443; x_wconf 82' lang='lat' dir='ltr'><strong>anima</strong></span> <span class='ocrx_word' id='word_1_123' title='bbox 698 2378 914 2444; x_wconf 87' lang='lat' dir='ltr'><strong>resoluendum</strong></span> <span class='ocrx_word' id='word_1_124' title='bbox 929 2382 1023 2460; x_wconf 88' lang='lat' dir='ltr'><strong>atque</strong></span> <span class='ocrx_word' id='word_1_125' title='bbox 1042 2381 1260 2460; x_wconf 85' lang='lat' dir='ltr'><strong>separandum,</strong></span> 
     </span>
     <span class='ocr_line' id='line_1_18' title="bbox 135 2481 1260 2566; baseline 0.002 -19"><span class='ocrx_word' id='word_1_126' title='bbox 135 2483 217 2548; x_wconf 86' lang='lat' dir='ltr'><strong>siout</strong></span> <span class='ocrx_word' id='word_1_127' title='bbox 250 2501 360 2566; x_wconf 88' lang='lat' dir='ltr'><strong>eorpus</strong></span> <span class='ocrx_word' id='word_1_128' title='bbox 393 2483 539 2561; x_wconf 84' lang='lat' dir='ltr'><strong>animale,</strong></span> <span class='ocrx_word' id='word_1_129' title='bbox 573 2481 666 2565; x_wconf 89' lang='lat' dir='ltr'><strong>quale</strong></span> <span class='ocrx_word' id='word_1_130' title='bbox 700 2482 875 2547; x_wconf 88' lang='lat' dir='ltr'><strong>animatum</strong></span> <span class='ocrx_word' id='word_1_131' title='bbox 909 2486 956 2547; x_wconf 89' lang='lat' dir='ltr'><strong>est</strong></span> <span class='ocrx_word' id='word_1_132' title='bbox 985 2482 1037 2547; x_wconf 87' lang='lat' dir='ltr'><strong>dei</strong></span> <span class='ocrx_word' id='word_1_133' title='bbox 1069 2481 1159 2562; x_wconf 82' lang='lat' dir='ltr'><strong>flatu,</strong></span> <span class='ocrx_word' id='word_1_134' title='bbox 1195 2502 1260 2549; x_wconf 83' lang='lat' dir='ltr'><strong>eum</strong></span> 
     </span>
     <span class='ocr_line' id='line_1_19' title="bbox 134 2584 1258 2667; baseline 0.002 -18"><span class='ocrx_word' id='word_1_135' title='bbox 134 2585 238 2651; x_wconf 84' lang='lat' dir='ltr'><strong>faetus</strong></span> <span class='ocrx_word' id='word_1_136' title='bbox 269 2587 318 2650; x_wconf 90' lang='lat' dir='ltr'><strong>est</strong></span> <span class='ocrx_word' id='word_1_137' title='bbox 347 2586 437 2651; x_wconf 90' lang='lat' dir='ltr'><strong>homo</strong></span> <span class='ocrx_word' id='word_1_138' title='bbox 468 2587 500 2650; x_wconf 91' lang='lat' dir='ltr'><strong>in</strong></span> <span class='ocrx_word' id='word_1_139' title='bbox 532 2588 672 2650; x_wconf 88' lang='lat' dir='ltr'><strong>animam</strong></span> <span class='ocrx_word' id='word_1_140' title='bbox 694 2586 811 2663; x_wconf 86' lang='lat' dir='ltr'><strong>ninam,</strong></span> <span class='ocrx_word' id='word_1_141' title='bbox 835 2585 931 2650; x_wconf 90' lang='lat' dir='ltr'><strong>etiam</strong></span> <span class='ocrx_word' id='word_1_142' title='bbox 952 2585 1056 2667; x_wconf 86' lang='lat' dir='ltr'><strong>ipsum</strong></span> <span class='ocrx_word' id='word_1_143' title='bbox 1072 2604 1109 2650; x_wconf 91' lang='lat' dir='ltr'><strong>ex</strong></span> <span class='ocrx_word' id='word_1_144' title='bbox 1132 2584 1258 2651; x_wconf 78' lang='lat' dir='ltr'><strong>animati</strong></span> 
     </span>
     <span class='ocr_line' id='line_1_20' title="bbox 135 2688 1259 2774; baseline -0.002 -20"><span class='ocrx_word' id='word_1_145' title='bbox 135 2688 275 2772; x_wconf 87' lang='lat' dir='ltr'><strong>spiritale</strong></span> <span class='ocrx_word' id='word_1_146' title='bbox 307 2690 373 2754; x_wconf 86' lang='lat' dir='ltr'><strong>eine</strong></span> <span class='ocrx_word' id='word_1_147' title='bbox 405 2688 517 2753; x_wconf 88' lang='lat' dir='ltr'><strong>mortis</strong></span> <span class='ocrx_word' id='word_1_148' title='bbox 553 2690 733 2756; x_wconf 87' lang='lat' dir='ltr'><strong>interuentu</strong></span> <span class='ocrx_word' id='word_1_149' title='bbox 769 2689 922 2771; x_wconf 84' lang='lat' dir='ltr'><strong>futurum,</strong></span> <span class='ocrx_word' id='word_1_150' title='bbox 959 2690 1018 2755; x_wconf 90' lang='lat' dir='ltr'><strong>nisi</strong></span> <span class='ocrx_word' id='word_1_151' title='bbox 1056 2688 1259 2774; x_wconf 85' lang='lat' dir='ltr'><strong>transgressio</strong></span> 
     </span>
     <span class='ocr_line' id='line_1_21' title="bbox 135 2791 1286 2876; baseline 0 -18"><span class='ocrx_word' id='word_1_152' title='bbox 135 2793 291 2875; x_wconf 89' lang='lat' dir='ltr'><strong>praeoepti</strong></span> <span class='ocrx_word' id='word_1_153' title='bbox 312 2793 399 2873; x_wconf 87' lang='lat' dir='ltr'><strong>prius</strong></span> <span class='ocrx_word' id='word_1_154' title='bbox 421 2794 585 2857; x_wconf 84' lang='lat' dir='ltr'><strong>commisso</strong></span> <span class='ocrx_word' id='word_1_155' title='bbox 608 2796 734 2876; x_wconf 85' lang='lat' dir='ltr'><strong>peooato</strong></span> <span class='ocrx_word' id='word_1_156' title='bbox 749 2791 903 2876; x_wconf 87' lang='lat' dir='ltr'><strong>infligeret</strong></span> <span class='ocrx_word' id='word_1_157' title='bbox 919 2809 1060 2873; x_wconf 87' lang='lat' dir='ltr'><strong>poenam,</strong></span> <span class='ocrx_word' id='word_1_158' title='bbox 1078 2810 1175 2874; x_wconf 87' lang='lat' dir='ltr'><strong>qnam</strong></span> <span class='ocrx_word' id='word_1_159' title='bbox 1190 2793 1286 2858; x_wconf 72' lang='lat' dir='ltr'><strong>dense</strong></span> 
     </span>
     <span class='ocr_line' id='line_1_22' title="bbox 135 2894 718 2962; baseline -0.002 -1"><span class='ocrx_word' id='word_1_160' title='bbox 135 2899 275 2962; x_wconf 77' lang='lat' dir='ltr'><strong>seruatae</strong></span> <span class='ocrx_word' id='word_1_161' title='bbox 296 2894 434 2961; x_wconf 85' lang='lat' dir='ltr'><strong>iustitiae</strong></span> <span class='ocrx_word' id='word_1_162' title='bbox 456 2897 544 2961; x_wconf 87' lang='lat' dir='ltr'><strong>daret</strong></span> <span class='ocrx_word' id='word_1_163' title='bbox 565 2912 718 2962; x_wconf 86' lang='lat' dir='ltr'><strong>eoronam.</strong></span> 
     </span>
    </p>
   </div>
   <div class='ocr_carea' id='block_1_6' title="bbox 135 3013 1286 3822">
    <p class='ocr_par' dir='ltr' id='par_1_6' title="bbox 135 3013 1286 3822">
     <span class='ocr_line' id='line_1_23' title="bbox 177 3013 1258 3097; baseline 0 -17"><span class='ocrx_word' id='word_1_164' title='bbox 177 3016 267 3083; x_wconf 86' lang='lat' dir='ltr'><strong>Vnde</strong></span> <span class='ocrx_word' id='word_1_165' title='bbox 293 3016 437 3080; x_wconf 84' lang='lat' dir='ltr'><strong>dominus</strong></span> <span class='ocrx_word' id='word_1_166' title='bbox 468 3015 611 3082; x_wconf 84' lang='lat' dir='ltr'><strong>Christus</strong></span> <span class='ocrx_word' id='word_1_167' title='bbox 640 3034 695 3097; x_wconf 89' lang='lat' dir='ltr'><strong>per</strong></span> <span class='ocrx_word' id='word_1_168' title='bbox 718 3031 773 3079; x_wconf 89' lang='lat' dir='ltr'><strong>nos</strong></span> <span class='ocrx_word' id='word_1_169' title='bbox 796 3014 835 3079; x_wconf 90' lang='lat' dir='ltr'><strong>ad</strong></span> <span class='ocrx_word' id='word_1_170' title='bbox 858 3013 1032 3094; x_wconf 82' lang='lat' dir='ltr'><strong>resumit,</strong></span> <span class='ocrx_word' id='word_1_171' title='bbox 1056 3031 1131 3081; x_wconf 86' lang='lat' dir='ltr'><strong>enm</strong></span> <span class='ocrx_word' id='word_1_172' title='bbox 1154 3032 1258 3097; x_wconf 82' lang='lat' dir='ltr'><strong>peeor-</strong></span> 
     </span>
     <span class='ocr_line' id='line_1_24' title="bbox 135 3118 1259 3202; baseline -0.004 -17"><span class='ocrx_word' id='word_1_173' title='bbox 135 3123 218 3185; x_wconf 84' lang='lat' dir='ltr'><strong>tores</strong></span> <span class='ocrx_word' id='word_1_174' title='bbox 249 3121 351 3185; x_wconf 88' lang='lat' dir='ltr'><strong>iustus</strong></span> <span class='ocrx_word' id='word_1_175' title='bbox 379 3118 510 3199; x_wconf 87' lang='lat' dir='ltr'><strong>inuenit,</strong></span> <span class='ocrx_word' id='word_1_176' title='bbox 537 3139 592 3202; x_wconf 92' lang='lat' dir='ltr'><strong>per</strong></span> <span class='ocrx_word' id='word_1_177' title='bbox 621 3120 756 3185; x_wconf 89' lang='lat' dir='ltr'><strong>stratum</strong></span> <span class='ocrx_word' id='word_1_178' title='bbox 787 3119 922 3201; x_wconf 87' lang='lat' dir='ltr'><strong>quodam</strong></span> <span class='ocrx_word' id='word_1_179' title='bbox 950 3119 1042 3183; x_wconf 84' lang='lat' dir='ltr'><strong>modo</strong></span> <span class='ocrx_word' id='word_1_180' title='bbox 1072 3118 1259 3184; x_wconf 85' lang='lat' dir='ltr'><strong>humilitatis</strong></span> 
     </span>
     <span class='ocr_line' id='line_1_25' title="bbox 136 3220 1260 3305; baseline -0.004 -16"><span class='ocrx_word' id='word_1_181' title='bbox 136 3228 270 3299; x_wconf 90' lang='lat' dir='ltr'><strong>nostrae,</strong></span> <span class='ocrx_word' id='word_1_182' title='bbox 303 3223 358 3289; x_wconf 87' lang='lat' dir='ltr'><strong>sed</strong></span> <span class='ocrx_word' id='word_1_183' title='bbox 387 3241 449 3288; x_wconf 91' lang='lat' dir='ltr'><strong>non</strong></span> <span class='ocrx_word' id='word_1_184' title='bbox 479 3241 551 3288; x_wconf 88' lang='lat' dir='ltr'><strong>eum</strong></span> <span class='ocrx_word' id='word_1_185' title='bbox 579 3224 686 3288; x_wconf 87' lang='lat' dir='ltr'><strong>morbo</strong></span> <span class='ocrx_word' id='word_1_186' title='bbox 715 3220 895 3303; x_wconf 88' lang='lat' dir='ltr'><strong>iniquitatis</strong></span> <span class='ocrx_word' id='word_1_187' title='bbox 927 3223 1060 3286; x_wconf 89' lang='lat' dir='ltr'><strong>nostrae.</strong></span> <span class='ocrx_word' id='word_1_188' title='bbox 1108 3239 1182 3287; x_wconf 89' lang='lat' dir='ltr'><strong>nam</strong></span> <span class='ocrx_word' id='word_1_189' title='bbox 1209 3236 1260 3305; x_wconf 88' lang='lat' dir='ltr'><strong>por</strong></span> 
     </span>
     <span class='ocr_line' id='line_1_26' title="bbox 135 3324 1286 3409; baseline -0.004 -16"><span class='ocrx_word' id='word_1_190' title='bbox 135 3327 269 3393; x_wconf 88' lang='lat' dir='ltr'><strong>animale</strong></span> <span class='ocrx_word' id='word_1_191' title='bbox 293 3327 391 3404; x_wconf 86' lang='lat' dir='ltr'><strong>nobis,</strong></span> <span class='ocrx_word' id='word_1_192' title='bbox 420 3327 478 3392; x_wconf 88' lang='lat' dir='ltr'><strong>hoo</strong></span> <span class='ocrx_word' id='word_1_193' title='bbox 505 3331 553 3392; x_wconf 90' lang='lat' dir='ltr'><strong>est</strong></span> <span class='ocrx_word' id='word_1_194' title='bbox 574 3345 630 3409; x_wconf 90' lang='lat' dir='ltr'><strong>per</strong></span> <span class='ocrx_word' id='word_1_195' title='bbox 652 3327 785 3391; x_wconf 74' lang='lat' dir='ltr'><strong>mortale</strong></span> <span class='ocrx_word' id='word_1_196' title='bbox 809 3341 918 3408; x_wconf 84' lang='lat' dir='ltr'><strong>eorpus</strong></span> <span class='ocrx_word' id='word_1_197' title='bbox 940 3325 1098 3408; x_wconf 84' lang='lat' dir='ltr'><strong>apparuit,</strong></span> <span class='ocrx_word' id='word_1_198' title='bbox 1122 3325 1178 3407; x_wconf 89' lang='lat' dir='ltr'><strong>qui</strong></span> <span class='ocrx_word' id='word_1_199' title='bbox 1200 3324 1286 3391; x_wconf 73' lang='lat' dir='ltr'><strong>nti-s</strong></span> 
     </span>
     <span class='ocr_line' id='line_1_27' title="bbox 136 3425 1259 3515; baseline -0.002 -20"><span class='ocrx_word' id='word_1_200' title='bbox 136 3448 205 3515; x_wconf 84' lang='lat' dir='ltr'><strong>que,</strong></span> <span class='ocrx_word' id='word_1_201' title='bbox 235 3430 263 3495; x_wconf 89' lang='lat' dir='ltr'><strong>si</strong></span> <span class='ocrx_word' id='word_1_202' title='bbox 285 3432 444 3508; x_wconf 86' lang='lat' dir='ltr'><strong>uoluisset,</strong></span> <span class='ocrx_word' id='word_1_203' title='bbox 467 3450 538 3495; x_wconf 86' lang='lat' dir='ltr'><strong>cum</strong></span> <span class='ocrx_word' id='word_1_204' title='bbox 560 3448 685 3513; x_wconf 90' lang='lat' dir='ltr'><strong>oorpore</strong></span> <span class='ocrx_word' id='word_1_205' title='bbox 713 3429 885 3494; x_wconf 90' lang='lat' dir='ltr'><strong>immortali</strong></span> <span class='ocrx_word' id='word_1_206' title='bbox 907 3425 1052 3513; x_wconf 85' lang='lat' dir='ltr'><strong>primitas</strong></span> <span class='ocrx_word' id='word_1_207' title='bbox 1075 3429 1259 3495; x_wconf 83' lang='lat' dir='ltr'><strong>aduenisset</strong></span> 
     </span>
     <span class='ocr_line' id='line_1_28' title="bbox 135 3533 1260 3618; baseline -0.003 -18"><span class='ocrx_word' id='word_1_208' title='bbox 135 3535 188 3600; x_wconf 87' lang='lat' dir='ltr'><strong>sod</strong></span> <span class='ocrx_word' id='word_1_209' title='bbox 215 3535 289 3618; x_wconf 89' lang='lat' dir='ltr'><strong>quia</strong></span> <span class='ocrx_word' id='word_1_210' title='bbox 317 3553 372 3601; x_wconf 90' lang='lat' dir='ltr'><strong>nos</strong></span> <span class='ocrx_word' id='word_1_211' title='bbox 402 3534 581 3601; x_wconf 87' lang='lat' dir='ltr'><strong>hnmilitate</strong></span> <span class='ocrx_word' id='word_1_212' title='bbox 609 3535 669 3600; x_wconf 87' lang='lat' dir='ltr'><strong>tilii</strong></span> <span class='ocrx_word' id='word_1_213' title='bbox 697 3534 746 3600; x_wconf 83' lang='lat' dir='ltr'><strong>dei</strong></span> <span class='ocrx_word' id='word_1_214' title='bbox 776 3535 880 3599; x_wconf 85' lang='lat' dir='ltr'><strong>sanari</strong></span> <span class='ocrx_word' id='word_1_215' title='bbox 908 3534 1079 3615; x_wconf 77' lang='lat' dir='ltr'><strong>oportebat,</strong></span> <span class='ocrx_word' id='word_1_216' title='bbox 1104 3551 1204 3615; x_wconf 87' lang='lat' dir='ltr'><strong>usque</strong></span> <span class='ocrx_word' id='word_1_217' title='bbox 1224 3533 1260 3597; x_wconf 79' lang='lat' dir='ltr'><strong>et</strong></span> 
     </span>
     <span class='ocr_line' id='line_1_29' title="bbox 135 3635 1260 3705; baseline -0.004 -3"><span class='ocrx_word' id='word_1_218' title='bbox 135 3641 274 3703; x_wconf 85' lang='lat' dir='ltr'><strong>nostram</strong></span> <span class='ocrx_word' id='word_1_219' title='bbox 302 3638 519 3705; x_wconf 89' lang='lat' dir='ltr'><strong>infirmitatem</strong></span> <span class='ocrx_word' id='word_1_220' title='bbox 548 3636 707 3703; x_wconf 87' lang='lat' dir='ltr'><strong>deseendit</strong></span> <span class='ocrx_word' id='word_1_221' title='bbox 736 3639 768 3702; x_wconf 89' lang='lat' dir='ltr'><strong>et</strong></span> <span class='ocrx_word' id='word_1_222' title='bbox 797 3635 867 3702; x_wconf 84' lang='lat' dir='ltr'><strong>fidei</strong></span> <span class='ocrx_word' id='word_1_223' title='bbox 896 3639 1018 3701; x_wconf 88' lang='lat' dir='ltr'><strong>nostrae</strong></span> <span class='ocrx_word' id='word_1_224' title='bbox 1045 3635 1201 3700; x_wconf 84' lang='lat' dir='ltr'><strong>meritum</strong></span> <span class='ocrx_word' id='word_1_225' title='bbox 1226 3649 1260 3698; x_wconf 88' lang='lat' dir='ltr'><strong>ao</strong></span> 
     </span>
     <span class='ocr_line' id='line_1_30' title="bbox 135 3736 1261 3822; baseline -0.001 -18"><span class='ocrx_word' id='word_1_226' title='bbox 135 3741 310 3822; x_wconf 88' lang='lat' dir='ltr'><strong>praemium</strong></span> <span class='ocrx_word' id='word_1_227' title='bbox 336 3743 455 3808; x_wconf 88' lang='lat' dir='ltr'><strong>uirtute</strong></span> <span class='ocrx_word' id='word_1_228' title='bbox 484 3760 558 3808; x_wconf 89' lang='lat' dir='ltr'><strong>suae</strong></span> <span class='ocrx_word' id='word_1_229' title='bbox 581 3740 818 3806; x_wconf 82' lang='lat' dir='ltr'><strong>resurrectionis</strong></span> <span class='ocrx_word' id='word_1_230' title='bbox 841 3738 987 3805; x_wconf 85' lang='lat' dir='ltr'><strong>ostendit.</strong></span> <span class='ocrx_word' id='word_1_231' title='bbox 1026 3736 1097 3805; x_wconf 87' lang='lat' dir='ltr'><strong>ideo</strong></span> <span class='ocrx_word' id='word_1_232' title='bbox 1120 3738 1261 3821; x_wconf 86' lang='lat' dir='ltr'><strong>seqnitur</strong></span> 
     </span>
    </p>
   </div>
   <div class='ocr_carea' id='block_1_7' title="bbox 238 3923 1162 3994">
    <p class='ocr_par' dir='ltr' id='par_1_7' title="bbox 238 3923 1162 3994">
     <span class='ocr_line' id='line_1_31' title="bbox 238 3923 1162 3994; baseline -0.003 -13"><span class='ocrx_word' id='word_1_233' title='bbox 238 3926 286 3981; x_wconf 81' lang='lat'><strong>61</strong></span> <span class='ocrx_word' id='word_1_234' title='bbox 305 3926 364 3983; x_wconf 88' lang='lat' dir='ltr'><strong>Cor.</strong></span> <span class='ocrx_word' id='word_1_235' title='bbox 384 3929 424 3994; x_wconf 85' lang='lat'><strong>15,</strong></span> <span class='ocrx_word' id='word_1_236' title='bbox 441 3928 476 3982; x_wconf 81' lang='lat'><strong>44</strong></span> <span class='ocrx_word' id='word_1_237' title='bbox 580 3927 613 3981; x_wconf 91' lang='grc'><strong>13</strong></span> <span class='ocrx_word' id='word_1_238' title='bbox 630 3927 694 3981; x_wconf 82' lang='lat' dir='ltr'>Luc.</span> <span class='ocrx_word' id='word_1_239' title='bbox 712 3926 756 3990; x_wconf 78' lang='lat'><strong>24,</strong></span> <span class='ocrx_word' id='word_1_240' title='bbox 774 3926 808 3981; x_wconf 85' lang='grc'><strong>39</strong></span> <span class='ocrx_word' id='word_1_241' title='bbox 913 3924 944 3979; x_wconf 75' lang='lat'><strong>17</strong></span> <span class='ocrx_word' id='word_1_242' title='bbox 962 3925 996 3979; x_wconf 84' lang='lat' dir='ltr'><strong>of.</strong></span> <span class='ocrx_word' id='word_1_243' title='bbox 1014 3923 1083 3979; x_wconf 82' lang='lat' dir='ltr'><strong>Gen.</strong></span> <span class='ocrx_word' id='word_1_244' title='bbox 1101 3926 1127 3991; x_wconf 82' lang='lat'><strong>2,</strong></span> <span class='ocrx_word' id='word_1_245' title='bbox 1145 3926 1162 3978; x_wconf 80' lang='lat' dir='ltr'><strong>&#39;r&#39;</strong></span> 
     </span>
    </p>
   </div>
   <div class='ocr_carea' id='block_1_8' title="bbox 133 4094 1267 4326">
    <p class='ocr_par' dir='ltr' id='par_1_8' title="bbox 133 4094 1267 4326">
     <span class='ocr_line' id='line_1_32' title="bbox 187 4094 1202 4166; baseline 0.003 -18"><span class='ocrx_word' id='word_1_246' title='bbox 187 4095 203 4148; x_wconf 95' lang='lat'>1</span> <span class='ocrx_word' id='word_1_247' title='bbox 231 4099 337 4151; x_wconf 85' lang='lat' dir='ltr'><strong>sumtus</strong></span> <span class='ocrx_word' id='word_1_248' title='bbox 363 4097 399 4151; x_wconf 84' lang='grc' dir='ltr'><em>Μ</em></span> <span class='ocrx_word' id='word_1_249' title='bbox 405 4097 440 4151; x_wconf 81' lang='lat' dir='ltr'><strong>V:</strong></span> <span class='ocrx_word' id='word_1_250' title='bbox 472 4100 592 4152; x_wconf 82' lang='lat' dir='ltr'><strong>sumtum</strong></span> <span class='ocrx_word' id='word_1_251' title='bbox 616 4113 636 4150; x_wconf 85' lang='lat' dir='ltr'><strong><em>a</em></strong></span> <span class='ocrx_word' id='word_1_252' title='bbox 736 4095 860 4166; x_wconf 89' lang='lat' dir='ltr'><strong>spiritale</strong></span> <span class='ocrx_word' id='word_1_253' title='bbox 885 4110 919 4149; x_wconf 73' lang='lat' dir='ltr'><strong>or</strong></span> <span class='ocrx_word' id='word_1_254' title='bbox 952 4094 1106 4164; x_wconf 86' lang='lat' dir='ltr'><strong>spiritalem</strong></span> <span class='ocrx_word' id='word_1_255' title='bbox 1134 4095 1202 4151; x_wconf 76' lang='lat' dir='ltr'><strong>MV</strong></span> 
     </span>
     <span class='ocr_line' id='line_1_33' title="bbox 134 4181 1267 4254; baseline 0.001 -17"><span class='ocrx_word' id='word_1_256' title='bbox 134 4181 152 4237; x_wconf 85' lang='lat'><strong>3</strong></span> <span class='ocrx_word' id='word_1_257' title='bbox 168 4196 230 4251; x_wconf 75' lang='lat' dir='ltr'><strong>cop.</strong></span> <span class='ocrx_word' id='word_1_258' title='bbox 249 4181 452 4239; x_wconf 81' lang='lat' dir='ltr'><strong>cccxxxrm</strong></span> <span class='ocrx_word' id='word_1_259' title='bbox 470 4183 545 4238; x_wconf 81' lang='lat' dir='ltr'><strong>MV:</strong></span> <span class='ocrx_word' id='word_1_260' title='bbox 573 4199 623 4238; x_wconf 73' lang='lat' dir='ltr'><strong>ooo</strong></span> <span class='ocrx_word' id='word_1_261' title='bbox 644 4182 699 4238; x_wconf 82' lang='lat' dir='ltr'><strong>GP</strong></span> <span class='ocrx_word' id='word_1_262' title='bbox 799 4183 833 4236; x_wconf 83' lang='lat'><strong>15</strong></span> <span class='ocrx_word' id='word_1_263' title='bbox 854 4197 903 4240; x_wconf 86' lang='lat' dir='ltr'><strong>neo</strong></span> <span class='ocrx_word' id='word_1_264' title='bbox 919 4182 1104 4238; x_wconf 76' lang='lat' dir='ltr'><strong>tomen-sed</strong></span> <span class='ocrx_word' id='word_1_265' title='bbox 1123 4198 1219 4254; x_wconf 85' lang='lat' dir='ltr'><strong>oorpns</strong></span> <span class='ocrx_word' id='word_1_266' title='bbox 1236 4200 1267 4238; x_wconf 75' lang='lat' dir='ltr'><strong>a:</strong></span> 
     </span>
     <span class='ocr_line' id='line_1_34' title="bbox 133 4267 930 4326; baseline -0.001 -2"><span class='ocrx_word' id='word_1_267' title='bbox 133 4282 185 4326; x_wconf 84' lang='lat' dir='ltr'><strong>om.</strong></span> <span class='ocrx_word' id='word_1_268' title='bbox 202 4267 271 4326; x_wconf 77' lang='lat' dir='ltr'><strong>MV</strong></span> <span class='ocrx_word' id='word_1_269' title='bbox 368 4268 402 4322; x_wconf 86' lang='grc'><strong>19</strong></span> <span class='ocrx_word' id='word_1_270' title='bbox 419 4269 541 4324; x_wconf 81' lang='lat' dir='ltr'><strong>futuram</strong></span> <span class='ocrx_word' id='word_1_271' title='bbox 559 4269 635 4323; x_wconf 73' lang='lat' dir='ltr'><strong>MV:</strong></span> <span class='ocrx_word' id='word_1_272' title='bbox 664 4268 755 4323; x_wconf 85' lang='lat' dir='ltr'><strong>fuerat</strong></span> <span class='ocrx_word' id='word_1_273' title='bbox 770 4268 892 4323; x_wconf 81' lang='lat' dir='ltr'><strong>futurum</strong></span> <span class='ocrx_word' id='word_1_274' title='bbox 911 4285 930 4324; x_wconf 82' lang='lat' dir='ltr'><em>a</em></span> 
     </span>
    </p>
   </div>
   <div class='ocr_carea' id='block_1_9' title="bbox 0 0 1384 4814">
    <p class='ocr_par' dir='ltr' id='par_1_9' title="bbox 0 0 1384 4814">
     <span class='ocr_line' id='line_1_35' title="bbox 0 0 1384 4814; baseline 0 0"><span class='ocrx_word' id='word_1_275' title='bbox 0 0 1384 4814; x_wconf 95' lang='lat' dir='ltr'><strong> </strong></span> 
     </span>
    </p>
   </div>
  </div>
 </body>
</html>
