2760 4814
221 358 387 427 Excerpta
404 373 439 412 ex
457 375 527 427 opp.
546 360 572 413 S.
590 359 779 429 Augustini
797 359 895 415 CCXL.
916 360 1028 416 conti.
1125 363 1188 430 775

59 551 197 634 aspicere
228 567 288 612 non
311 548 462 624 ualemus,
497 551 534 612 ut
555 549 594 613 nd
616 548 649 612 id
678 550 759 631 quod
787 551 1011 632 apprehendere
1040 553 1186 617 uolumus

59 672 97 718 aa
119 652 213 717 celeri
247 652 436 733 cogitatione
458 651 638 729 referamus,
663 652 786 729 faciam,
809 656 960 735 qnantum
984 654 1110 720 domino
1131 657 1187 720 ad·

60 761 192 824 iuuante
214 755 351 838 potuero,
374 759 411 818 ut
433 754 584 836 quidquid
600 756 633 818 in
648 756 780 838 singulis
796 756 1009 822 uoluminibus
1026 757 1064 821 ad
1080 761 1186 840 cogni·

59 863 180 925 tionem
203 859 413 940 disputatione
434 858 572 940 perduxi,
597 862 718 922 remota
732 859 942 941 disputatione
963 860 1100 925 breuiter
1115 880 1187 926 con-

37 984 51 1023 s
60 981 170 1048 geram
186 964 218 1025 et
232 963 392 1043 tamqnam
408 963 465 1026 snb
483 979 543 1025 uno
559 962 674 1026 mentis
690 966 829 1043 aspectu,
846 981 908 1027 non
923 963 1188 1044 quemadmodum

60 1087 111 1132 res
134 1083 273 1149 quaeque
301 1065 466 1147 persuasit,
498 1068 550 1129 sed
578 1065 647 1145 ipsa
668 1082 746 1146 quae
782 1083 930 1147 persuasa
963 1071 1036 1130 sunt
1064 1085 1186 1148 ponam,

62 1189 102 1235 ne
116 1175 184 1235 tam
199 1168 291 1250 longe
307 1167 372 1231 sint
387 1186 406 1232 a
421 1168 674 1249 praecedentibus
697 1168 922 1249 consequentia,
948 1173 984 1233 nt
999 1169 1187 1235 obliuionem

60 1272 316 1357 praecedentium
348 1271 445 1336 iaciat
478 1270 628 1352 inspectio
657 1271 918 1352 consequentium,
949 1276 1004 1336 aut
1033 1275 1125 1351 certe,
1159 1274 1188 1338 si

62 1376 182 1452 iecerit,
206 1374 269 1439 cito
290 1373 391 1455 possit
413 1373 493 1456 qnod
516 1372 665 1437 exciderit
687 1373 850 1455 relegendo
873 1374 989 1456 colligi.

24 1501 55 1541 ro
107 1479 259 1560 inprime
275 1477 356 1541 libro
371 1479 541 1541 secundnm
565 1475 735 1557 scripturas
757 1481 882 1542 sanctas
897 1479 1001 1543 unitas
1025 1480 1057 1543 et
1072 1495 1186 1562 aequa·

63 1583 139 1647 litos
161 1598 302 1646 summae
324 1579 411 1644 illius
434 1578 588 1644 trinitatis
611 1579 795 1643 ostenditur.
831 1580 863 1644 in
886 1584 1018 1646 seeundo
1041 1582 1074 1645 et
1095 1582 1188 1647 tertio

63 1686 97 1748 et
118 1687 229 1767 quarto
251 1683 369 1760 eadem,
400 1681 453 1746 sed
477 1681 513 1745 de
536 1681 594 1745 filii
617 1681 760 1746 missione
784 1688 815 1746 et
838 1682 966 1764 spiritus
988 1684 1090 1749 sancti
1113 1683 1188 1749 dili·

62 1792 175 1872 genter
197 1786 337 1868 quaestio
366 1786 558 1868 pertractata
580 1788 643 1850 tres
666 1786 760 1852 libros
784 1785 858 1850 feeit
880 1786 1188 1869 demonstratumque

62 1894 112 1955 est
135 1908 196 1955 non
218 1889 287 1954 ideo
310 1890 460 1953 minorem
483 1888 630 1953 mittente
653 1888 707 1970 qni
722 1890 835 1953 missus
851 1893 908 1966 est,
932 1890 1006 1972 qnia
1020 1891 1074 1955 ille
1090 1891 1187 1970 misit,

26 1994 114 2059 rabie
137 1993 254 2058 missus
286 1996 343 2073 est,
378 2009 448 2056 oum
477 1991 613 2070 trinitas,
645 2009 723 2073 qnae
745 2010 800 2074 per
828 1993 931 2057 omnia
964 1993 1101 2073 aequabo
1129 1996 1187 2071 est,

61 2097 182 2179 pariter
203 2114 324 2179 quoque
345 2095 378 2159 in
394 2113 451 2159 sua
465 2098 578 2159 natura
599 2094 807 2160 immutabilis
830 2096 862 2159 et
883 2094 1052 2160 inuisibilia
1069 2097 1102 2160 et
1116 2095 1188 2160 ubi·

62 2218 123 2283 que
155 2218 300 2281 praesens
335 2198 588 2280 inseparabiliter
610 2202 763 2281 operetur.
802 2199 836 2262 in
858 2200 966 2280 quinto
989 2200 1113 2280 propter
1133 2216 1186 2264 eos

63 2303 178 2385 quibus
202 2303 269 2368 ideo
285 2322 346 2368 non
362 2302 490 2367 eandem
506 2302 606 2382 patris
622 2306 654 2366 et
668 2301 727 2365 filii
742 2301 866 2366 uidetur
881 2319 949 2366 esse
963 2301 1186 2380 substantiam,

62 2407 139 2488 qnia
166 2424 257 2470 omne
286 2404 368 2486 quod
391 2406 428 2469 de
457 2403 513 2469 deo
536 2403 652 2468 dicitur
684 2404 855 2469 seeundum
888 2403 1095 2468 substantiam
1124 2403 1188 2469 dici

21 2511 177 2593 „putant
206 2514 237 2573 et
260 2509 432 2592 propterea,
466 2508 594 2592 gignere
623 2512 654 2572 et
676 2508 762 2590 gigni
794 2506 847 2572 uel
874 2507 1016 2591 genitum
1046 2525 1113 2572 esse
1135 2508 1188 2573 uel

62 2614 241 2696 ingenitum
267 2611 414 2694 quoniam
438 2611 561 2675 diuersa
583 2613 666 2689 sunt,
696 2608 885 2675 contendunt
908 2610 1102 2675 substantias
1125 2627 1189 2675 esse

62 2718 212 2789 diuersas,
237 2715 470 2779 demonstratur
492 2730 552 2777 non
567 2730 657 2777 omne
672 2712 753 2796 qnod
768 2713 806 2777 de
821 2712 878 2777 deo
894 2712 1007 2778 dicitur
1021 2714 1188 2778 secundum

63 2817 273 2883 substantiam
295 2817 367 2896 dici,
390 2818 473 2881 sient
495 2820 665 2881 secundum
687 2814 898 2880 substantiam
913 2815 1029 2881 dicitnr
1044 2816 1141 2881 bonus
1157 2816 1189 2881 et

64 2937 199 3003 magnus
214 2921 247 2984 et
261 2921 288 2986 si
303 2920 377 3002 quid
393 2920 479 2984 alind
502 2923 539 2984 ad
563 2938 595 2984 se
617 2918 740 3000 dicitnr,
764 2921 817 2984 sed
840 2918 903 2983 dioi
925 2918 1021 2985 etiam
1043 2919 1186 3001 relatine,

22 3023 96 3093 reid
118 3026 168 3089 est
190 3041 250 3089 non
273 3024 312 3087 ad
327 3040 369 3102 se,
393 3024 447 3087 sed
470 3025 509 3087 ad
532 3021 652 3104 aliquid
668 3020 749 3103 quod
764 3022 830 3103 ipse
848 3023 980 3100 nonest,
1004 3021 1086 3085 sicut
1099 3023 1189 3103 pater

63 3129 104 3192 ad
125 3127 227 3192 filium
259 3128 372 3192 dieitur
397 3125 449 3189 nal
473 3125 616 3189 dominus
640 3125 680 3189 ad
703 3126 878 3189 ereaturam
899 3123 959 3189 eibi
981 3124 1186 3202 seruientem,

63 3231 119 3295 ubi
141 3230 169 3294 si
191 3229 266 3313 qnid
289 3229 428 3306 relatiua,
451 3228 485 3293 id
501 3233 549 3292 ast
563 3227 603 3292 od
618 3227 738 3309 aliquid
760 3228 841 3309 quod
860 3228 924 3311 ipse
939 3245 1001 3292 non
1017 3229 1074 3302 est,
1092 3225 1186 3291 etiam

116 3503 228 3556 ioeleri
250 3502 286 3556 V:
316 3502 488 3556 celeritates
586 3499 812 3569 cogitationemo
910 3499 1129 3568 ddisputatione
1150 3497 1188 3551 V:

63 3589 278 3658 disputationum
290 3605 307 3643 o
392 3587 501 3655 perduxi
513 3589 614 3640 remota
626 3585 807 3655 disputatione
822 3585 859 3641 V:
877 3584 1023 3655 perduxero
1034 3588 1135 3639 motam
1147 3583 1188 3637 di·

63 3693 247 3763 reputationem
270 3707 286 3744 u
390 3663 507 3743 brebitar
530 3691 557 3756 (v
581 3688 644 3743 odd.
664 3705 696 3745 m.
715 3691 744 3758 2)
766 3688 793 3742 V
893 3689 943 3742 'la
968 3688 1001 3742 V:
1031 3705 1081 3743 om.
1104 3705 1121 3743 o

63 3780 80 3833 8
99 3777 191 3846 faciat]
210 3776 312 3831 iaciant
327 3775 353 3829 V
436 3776 453 3829 9
467 3775 603 3843 religendo
618 3792 635 3829 u
721 3774 814 3843 colligi
827 3772 905 3828 P¹V:
925 3774 1045 3843 recolligi
1058 3774 1096 3828 1²²
1113 3772 1189 3827 oolli-

63 3865 173 3934 gituro
271 3862 304 3916 10
321 3864 444 3915 sanctae
543 3861 575 3913 13
593 3861 657 3914 iecit
675 3860 709 3914 V:
739 3860 826 3914 ieciu
924 3860 1131 3914 inminuerat
1156 3857 1190 3912 Vs

63 3966 100 4004 m.
119 3950 190 4004 sito
277 3949 310 4002 18
326 3947 433 4002 uidetur
445 3963 497 4000 non
510 3946 619 4001 eandem
632 3946 819 4014 patrisetfilii
834 3946 903 4001 epe
987 3945 1023 4000 20
1040 3945 1150 4015 gignere
1161 3947 1190 3999 et

67 4037 104 4091 V:
122 4036 167 4090 uel
178 4035 288 4105 gignere
300 4034 371 4089 uelo
456 4033 499 4087 nel
511 4033 662 4102 ingenitum
678 4030 712 4085 V:
732 4036 760 4086 et
772 4032 922 4100 ingenitum
938 4032 1010 4087 GPu
1097 4032 1132 4085 22
1143 4031 1189 4086 de·

63 4118 295 4176 monstrnntan
379 4117 897 4188 23sient-dieitu11odd.u²totm9.
983 4118 1017 4170 24
1034 4116 1087 4171 dici
1106 4117 1189 4171 etiam

65 4207 150 4263 one:
180 4207 251 4261 orae
275 4207 329 4260 am
358 4206 385 4260 r
483 4204 518 4258 ao
544 4185 682 4273 “enquid
710 4203 755 4270 (ar
772 4201 838 4257 aas.
855 4204 940 4271 aa)
969 4202 996 4258 o
1098 4202 1131 4255 ar
1155 4200 1190 4256 ao

65 4293 121 4350 Ge:
151 4308 201 4348 om.
223 4290 250 4347 V
