2760 4814
245 359 409 429 Excerpta
426 375 463 415 er
481 375 551 430 opp.
569 360 596 416 S.
614 361 807 431 Augustini
827 360 1022 418 CCLXXXIII.
1136 366 1199 433 913

96 564 183 612 uam
200 528 426 613 utanimam
442 567 546 614 suam
562 554 684 633 ponat
706 568 772 632 pro
795 550 929 616 amicis
951 554 1042 619 suis.
1071 557 1199 621 undeet

87 650 229 732 postolos
245 650 336 715 dicit:
355 652 421 734 qui
444 653 546 717 enim
568 653 710 736 diligit
731 655 968 735 proximum,
991 657 1121 741 legem
1137 659 1200 723 im·

87 753 211 819 lenit.
233 771 332 818 nam:
347 772 420 818 non
436 755 692 836 adulterabis,
708 774 779 821 non
797 757 1050 824 homicidium
1066 759 1200 839 facies,

87 875 146 921 ,on
168 856 384 937 furaberis,
407 876 481 922 non
504 861 768 942 concupisces,
791 864 828 924 et
844 860 875 924 si
892 862 991 942 quod
1007 866 1068 926 est
1088 863 1200 927 aliud

87 959 322 1043 nandatum,
352 962 389 1025 in
420 961 487 1027 boc
516 980 691 1027 sermone
713 962 1027 1045 recapitulatur:
1050 965 1200 1049 diliges

87 1063 293 1127 ›rorimum
323 1069 431 1128 tuum
453 1066 655 1148 tamquam
678 1066 716 1131 te
739 1065 877 1147 ipsum,
921 1067 1094 1134 dilectio
1115 1088 1198 1153 pro·

87 1164 168 1230 :imi
191 1167 331 1230 malum
354 1185 428 1232 non
451 1174 654 1251 operatur:
677 1168 883 1250 plenitudo
905 1188 997 1252 ergo
1020 1172 1122 1253 legis
1145 1171 1200 1235 di·

92 1268 205 1332 ectio.
251 1269 351 1350 ipsam
385 1271 547 1335 caritatem
577 1271 736 1355 apostolus
767 1270 878 1335 Petrus
909 1276 1045 1339 nondum
1077 1273 1198 1347 habuit,

87 1373 195 1451 pnando
226 1372 338 1439 timore
363 1375 522 1438 dominum
545 1380 593 1438 ter
615 1374 752 1459 negauit.
799 1373 920 1441 timor
942 1377 1024 1441 enim
1047 1376 1202 1441 nonest

92 1494 112 1538 n
140 1475 332 1555 caritate,
364 1478 445 1543 sicut
468 1476 515 1543 ait
535 1476 686 1543 Iohannes
709 1479 904 1564 euangelista
926 1478 959 1544 in
981 1479 1114 1562 epistula
1135 1498 1201 1563 sua,

97 1577 142 1643 ed
163 1579 340 1660 perfecta
361 1578 511 1645 caritas
533 1581 631 1647 foris
653 1583 782 1649 mittit
804 1583 994 1648 timorem.
1032 1586 1063 1647 et
1085 1584 1203 1664 tamen,

87 1683 220 1763 puamuis
257 1701 353 1764 parua
389 1686 421 1747 et
458 1684 642 1769 inperfecta,
681 1705 742 1751 non
775 1685 888 1770 deerat,
923 1686 1043 1767 qnando
1078 1685 1203 1751 dicebat

87 1784 215 1851 lomino:
246 1785 415 1850 animam
439 1805 559 1852 meam
582 1806 649 1869 pro
673 1790 711 1853 to
733 1806 879 1873 ponam.
909 1788 1042 1872 putabat
1064 1787 1147 1852 enim
1169 1806 1203 1852 se

87 1906 166 1954 »osee
195 1891 276 1971 quod
302 1890 385 1954 uelle
406 1890 569 1956 sentiebat.
610 1895 642 1956 et
675 1891 744 1975 quis
778 1894 871 1957 istam
895 1892 954 1956 etsi
976 1909 1106 1973 paruam
1129 1890 1202 1955 dare

87 1993 219 2075 ceperat
248 1993 412 2058 caritatem
440 1994 502 2059 nisi
528 1994 592 2070 ille,
616 1995 669 2078 qui
691 2000 856 2080 praeparat
878 1994 1073 2059 uoluntatem
1096 1996 1128 2059 et
1151 2012 1203 2059 co·

87 2094 228 2179 >parando
261 2096 383 2179 perficit
415 2098 497 2180 quod
535 2099 689 2182 operando
722 2099 849 2183 incipit,
885 2097 1031 2180 qnoniam
1065 2096 1132 2179 ipse
1168 2098 1205 2162 ut

87 2198 210 2265 relimus
231 2203 378 2283 operatur
399 2201 549 2285 incipiens
564 2202 618 2285 qui
636 2203 811 2269 uolentibus
827 2204 1008 2285 cooperatur
1022 2199 1205 2283 perficiens?

87 2304 203 2384 ›ropter
231 2302 313 2384 qnod
341 2303 387 2368 ait
419 2305 592 2387 apostolus:
623 2308 753 2370 certus
787 2323 886 2380 sum,
920 2302 1103 2385 quoniam
1137 2301 1204 2385 qui

87 2408 266 2489 *paratur
293 2407 331 2470 in
360 2406 475 2472 nobis
504 2425 595 2489 opus
624 2410 782 2484 bonum,
811 2405 1002 2492 perficiet
1025 2424 1143 2486 usqne
1167 2404 1205 2468 in

87 2507 177 2573 liern
200 2506 353 2574 Christi
376 2509 475 2575 Iesu.
516 2514 554 2575 nt
576 2528 648 2592 orgo
670 2510 816 2587 uelimus,
840 2510 906 2575 sine
930 2508 1019 2573 nobis
1043 2509 1205 2590 operatum

87 2630 150 2677 :um
177 2615 284 2677 autem
313 2615 458 2679 uolumus
486 2615 518 2679 et
546 2613 591 2679 sio
618 2614 772 2693 uolumus,
796 2616 832 2678 ut
854 2611 1018 2688 iaciamus,
1042 2610 1205 2675 nobiscnm

87 2716 269 2798 soporatur.
307 2717 414 2782 tamen
447 2716 513 2782 sine
546 2717 601 2784 illo
634 2718 684 2782 nol
715 2720 869 2799 operante,
904 2719 940 2781 ut
973 2712 1118 2791 uelimus,
1154 2713 1226 2777 uel·

87 2820 270 2902 :ooperante
294 2835 367 2883 cum
382 2819 534 2899 uolumus,
558 2820 597 2885 ad
614 2822 693 2885 bona
707 2820 835 2903 pietatis
851 2837 942 2901 opera
958 2816 1037 2882 nibil
1053 2815 1204 2880 ualemus.

87 2918 115 2985 le
127 2922 275 3004 operante
289 2922 356 2999 illo,
372 2926 408 2987 nt
423 2922 569 3001 uelimus,
585 2923 781 2988 dictumest:
805 2924 898 2987 dens
920 2921 982 2986 est
1004 2921 1115 2997 enim,
1140 2917 1208 3000 qui

87 3025 264 3107 operatur
285 3025 324 3089 in
345 3024 459 3091 uobis
481 3026 517 3090 et
538 3025 661 3111 uelle;
692 3028 729 3091 de
752 3028 935 3108 cooperante
957 3024 1022 3101 illo,
1047 3040 1120 3088 cum
1141 3022 1206 3086 iam

87 3126 224 3193 uolumus
256 3130 287 3192 et
320 3127 452 3194 nolendo
486 3128 632 3194 facimus:
669 3128 829 3208 scimus,
867 3127 986 3212 inquit,
1023 3125 1206 3208 quoniam

87 3230 350 3315 diligentibus
394 3232 505 3296 deum
542 3233 671 3298 omnia
709 3231 944 3313 cooperatur
979 3230 1018 3293 in
1055 3228 1206 3292 bonum.

87 3334 153 3415 prid
175 3334 225 3399 ost
246 3335 390 3414 omnia,
414 3335 475 3399 nisi
498 3336 529 3401 ot
552 3335 633 3419 ipsas
656 3334 811 3400 terribiles
833 3351 1002 3415 saeuasque
1025 3330 1207 3414 passiones?

180 3544 292 3600 2Rom.
306 3546 443 3615 13,8sqq.
512 3546 580 3601 eof.
593 3547 692 3601 blattb.
704 3548 747 3613 26,
761 3547 796 3602 70
808 3548 836 3601 et
848 3546 882 3600 75
956 3542 1140 3609 9110.o,18

87 3630 265 3700 1310.13,3t
330 3632 364 3687 18
375 3631 493 3702 Philipp.
506 3633 559 3700 1,e
621 3633 824 3704 aoPnilippa,
838 3635 871 3689 13
933 3628 1141 3697 aenomaus

132 3830 250 3899 lponat
271 3828 310 3885 V:
337 3833 420 3900 ponat
437 3832 497 3900 quis
515 3832 543 3886 P
628 3832 733 3901 ‘llegis
755 3832 791 3886 V:
819 3831 949 3901 legisset
969 3828 1024 3886 GP
1109 3829 1209 3883 dnon-

87 3912 153 3987 lum]
176 3915 277 3971 nodum
302 3916 331 3972 P
431 3917 465 3972 10
488 3918 601 3989 epistola
626 3919 681 3975 GP
784 3920 814 3973 ll
839 3918 906 3972 foris
928 3918 964 3973 V:
994 3917 1063 3972 iores
1089 3915 1143 3972 GP

87 4002 114 4057 14
130 4002 202 4057 uelle
217 4002 256 4058 V:
286 4019 315 4057 se
332 4004 403 4058 uelle
420 4003 449 4059 P
478 4020 481 4025 ·
538 4005 572 4059 22
590 4006 756 4077 cooperatur]
776 4022 827 4075 quo
846 4008 971 4075 operatur
989 4004 1017 4059 P
1105 4001 1153 4056 illo
1174 3999 1213 4055 θ’

87 4088 148 4145 ΡΥτ
183 4088 240 4143 ullo
271 4089 308 4145 0¹
420 4094 452 4145 ut
477 4091 593 4146 uelimus
620 4091 663 4146 nel
689 4093 854 4161 cooperante]
882 4090 947 4146 add.
976 4090 1012 4145 6²
1035 4089 1067 4144 ia
1089 4103 1142 4159 mg.

87 4194 192 4251 amm
211 4193 280 4249 PV:
310 4193 379 4265 quod
399 4194 425 4249 G
523 4180 660 4280 ualeamus
679 4198 706 4260 (a
724 4194 775 4249 dcl.
787 4212 821 4248 m.
833 4197 864 4257 2)
882 4195 910 4249 P
992 4192 1027 4247 2ss
1044 4190 1157 4246 iacimus
1174 4189 1212 4245 V:

87 4297 187 4369 rgirnus
204 4296 234 4351 P
334 4296 369 4351 θ’(
386 4300 541 4367 cooperatur
558 4314 589 4351 a:
619 4300 795 4367 cooperantur
812 4296 872 4353 PV

127 4398 225 4457 rma
1073 4397 1109 4451 58
