2760 4814
208 514 273 581 836
693 511 857 583 Eugippii

209 722 270 787 que
291 701 449 768 societatis
472 701 664 770 confessione
686 704 807 769 animos
829 706 958 769 mouent
973 706 1014 783 et,
1038 702 1112 787 quia
1127 703 1255 771 mussa
1269 723 1338 772 oon·

210 806 304 873 fessio
327 807 385 884 est,
408 806 529 873 diuerso
551 809 689 887 mouent,
712 826 770 874 nec
791 807 861 873 ideo
883 808 1105 873 consenserunt
1119 807 1153 872 in
1168 825 1223 873 eas
1236 808 1339 874 homi·

210 928 275 989 nes,
305 909 379 993 quia
407 909 471 976 iam
502 910 649 978 uelabant
676 911 715 977 ad
745 909 1018 993 significationem,
1049 910 1103 976 sed
1125 909 1197 976 ideo
1220 912 1338 991 ualent,

210 1012 285 1095 quia
307 1016 525 1079 consenserunt
547 1012 581 1078 in
604 1033 672 1079 eas:
695 1013 740 1079 sic
761 1013 856 1078 etiam
879 1012 937 1078 illa
963 1014 1062 1097 signa,
1092 1012 1209 1097 quibus
1235 1014 1338 1098 perni-

211 1115 293 1181 ciosa
308 1114 495 1181 memorium
510 1116 640 1182 maistas
655 1116 862 1199 comparatur,
878 1133 933 1199 pro
949 1118 1094 1198 cuiusque
1109 1116 1337 1184 obseruationi·
1354 1138 1366 1179 s

209 1217 268 1285 bus
291 1218 405 1284 ualent.
441 1220 522 1302 quod
545 1219 800 1287 manifestissime
823 1218 960 1285 ostendit
982 1219 1062 1285 ritus
1084 1238 1253 1304 augurum,
1286 1220 1337 1303 qui

209 1322 242 1387 et
271 1322 439 1405 antequam
468 1322 634 1389 obseruent
655 1323 688 1388 et
702 1324 905 1407 posteaquam
927 1323 1094 1389 obseruata
1116 1323 1211 1407 signa
1232 1328 1337 1390 mnne

208 1425 283 1504 rint,
312 1424 345 1489 id
375 1425 482 1510 agunt,
506 1444 544 1490 ne
573 1425 705 1491 uideant
726 1426 851 1492 uolatus
873 1428 928 1491 aut
950 1426 1079 1491 audiant
1101 1444 1197 1492 noem
1220 1427 1337 1505 auium,

209 1529 282 1611 quia
304 1527 392 1594 nulla
413 1527 476 1594 ista
498 1530 589 1614 signa
610 1531 693 1608 sunt,
717 1528 778 1594 nisi
800 1546 967 1594 consensus
983 1527 1184 1595 obseruantis
1200 1530 1335 1597 accedat

707 1833 836 1917 cclx.
1341 1876 1362 1917 c

207 2022 255 2070 DE
287 2020 445 2070 smmum
477 2022 757 2089 assummum,
792 2022 1036 2082 CONEXIONVM,
1072 2022 1332 2082 mmmmm,

206 2124 413 2174 Dlvlslonvm
435 2125 479 2175 ΕΤ
501 2127 747 2175 PARTITIONVM.
776 2127 822 2173 EX
844 2126 963 2174 EODEM
979 2125 1082 2173 LIssRO
1098 2126 1145 2173 DE
1160 2126 1332 2177 DOOE'RINA

638 2230 844 2277 cflnlsnlnroa
866 2228 903 2277 H.

134 2361 199 2428 285
250 2365 384 2432 Restant
414 2385 450 2432 ea
478 2386 557 2450 quae
587 2385 648 2432 non
678 2368 717 2431 ad
741 2366 877 2449 corporis
900 2384 1017 2448 sensus,
1040 2365 1094 2431 sed
1116 2366 1157 2430 ad
1180 2366 1330 2433 rationem

205 2469 304 2536 animi
325 2470 494 2553 pertinent,
517 2470 573 2535 uhi
596 2471 761 2552 disciplina
782 2473 895 2555 regnat
916 2470 1139 2552 disputationis
1155 2471 1191 2535 et
1206 2468 1358 2536 numeris

205 2573 259 2638 sed
282 2573 504 2659 disputationis
520 2572 685 2656 disciplina
701 2574 740 2638 ad
757 2572 861 2638 omnia
876 2590 988 2654 genera
1003 2572 1236 2655 quaestionum,
1259 2587 1329 2655 quae

205 2676 239 2742 in
268 2677 385 2742 litteris
413 2678 530 2743 sanctis
560 2679 644 2756 sunt,
676 2676 864 2759 penetranda
888 2681 919 2741 et
942 2676 1139 2742 dissoluenda
1161 2675 1330 2758 plurimum

202 2778 307 2862 ualet3
329 2780 454 2844 tantum
476 2780 519 2845 ibi
543 2781 681 2846 cauenda
702 2783 751 2844 est
772 2778 869 2845 libido
892 2779 1014 2844 rixandi
1037 2780 1069 2844 et
1090 2779 1222 2862 puerilis
1240 2794 1329 2861 quae

204 2884 278 2947 dam
301 2882 469 2947 ostentatio
492 2882 667 2967 decipiendi
684 2882 909 2949 aduersarium.
940 2886 1013 2948 sunt
1028 2881 1112 2947 enim
1127 2883 1241 2962 multa,
1257 2896 1329 2965 quae

204 2985 402 3069 appellantur
417 2985 619 3068 sophismata,
635 2986 731 3052 salem
748 2986 961 3051 conclusiones
975 2985 1133 3051 rationum
1150 2990 1182 3051 ot
1196 2986 1357 3069 plerum-s

204 3107 264 3172 que
293 3089 339 3154 its
366 3108 457 3155 ueras
479 3090 651 3170 imitantes,
674 3093 709 3155 ut
733 3108 794 3155 non
817 3089 919 3155 solum
941 3090 1057 3169 tardos,
1079 3090 1133 3155 sed
1155 3088 1328 3174 ingeniosos

204 3192 300 3258 etiam
332 3195 437 3259 minus
470 3192 637 3278 diligenter
670 3194 806 3259 attentos
840 3194 1007 3275 decipiant.
1053 3194 1217 3276 proposuit
1250 3189 1327 3258 enim

203 3295 330 3380 quidam
353 3293 457 3361 dicens
479 3297 506 3360 ei
529 3314 601 3361 cum
615 3312 675 3379 quo
699 3296 900 3378 loquebatur:
926 3295 1027 3382 „quod
1044 3313 1101 3380 ego
1116 3314 1199 3379 sum,
1222 3298 1259 3362 tu
1272 3310 1326 3359 non

203 3397 266 3464 es“.
289 3402 322 3464 at
344 3400 398 3464 ille
428 3398 592 3464 consensit.
621 3417 729 3464 uemm
752 3396 836 3463 enim
860 3399 928 3463 erat
949 3417 985 3463 ex
1007 3399 1098 3480 parte
1120 3397 1173 3462 uel
1196 3417 1233 3465 eo
1255 3398 1325 3480 ipso,

202 3502 284 3586 quod
305 3502 366 3567 iste
388 3502 564 3585 insidiosus,
586 3501 642 3567 ifle
665 3501 798 3585 simplex
820 3503 897 3567 erat.
921 3500 990 3566 tum
1012 3500 1067 3565 ille
1090 3498 1231 3566 addidit:
1257 3515 1354 3587 „egos

202 3609 308 3671 autem
337 3605 429 3670 homo
458 3602 558 3670 sum.“
593 3605 652 3670 hoc
674 3622 794 3688 quoque
817 3621 887 3667 cum
910 3603 950 3668 ab
973 3601 1028 3667 illo
1050 3602 1237 3688 accepisset,
1261 3622 1324 3670 con·

202 3708 298 3774 clusit
312 3707 434 3775 diesem:
455 3713 511 3799 „tu
526 3708 624 3793 igitur
639 3726 701 3772 non
717 3725 749 3773 es
765 3704 887 3772 homc“.
911 3706 992 3789 qued
1006 3724 1104 3790 genus
1120 3706 1324 3790 captiosarum

203 3811 437 3878 conclusionum
460 3812 624 3895 scriptura,
648 3813 799 3894 quantum
823 3810 975 3891 existimo,
993 3809 1168 3875 detestatur
1182 3809 1241 3876 illo
1255 3811 1324 3888 loco,

254 4098 454 4153 lconieseione
470 4099 583 4167 scripsi:
613 4099 806 4155 confusionem
829 4099 856 4153 V
882 4098 1053 4155 consensione
1072 4097 1144 4154 GPo
1245 4101 1274 4153 ct
1293 4094 1325 4150 Vs

201 4199 253 4240 om.
266 4182 336 4240 oso
420 4183 526 4239 diuersa
538 4184 607 4240 PV:
625 4185 756 4243 diuersco
839 4186 968 4241 confessio
983 4185 1020 4241 V:
1038 4183 1179 4240 consensio
1194 4184 1266 4240 01²0

202 4270 236 4325 10
261 4285 320 4339 cap.
345 4268 489 4325 cclxxv
514 4271 543 4325 P
570 4270 743 4330 ccexxvn
770 4272 813 4329 oc
916 4272 950 4326 12
976 4273 1003 4326 et
1026 4271 1209 4341 partitionum
1236 4271 1276 4327 0:
1301 4269 1326 4323 ct

200 4357 353 4427 portionum
376 4356 420 4411 Po
447 4357 631 4424 expertirmum
656 4358 683 4414 V
779 4358 812 4413 de
834 4357 957 4413 doctrina
979 4357 1130 4412 emanans
1148 4356 1188 4413 11.
1213 4357 1251 4413 V:
1273 4360 1326 4413 'oss-

203 4441 273 4501 cPo
375 4441 410 4497 20
427 4441 636 4499 conclusioniso
736 4444 772 4500 28
788 4444 924 4500 mistime
945 4443 971 4499 V
