2760 4814
134 556 201 625 970
618 553 783 624 Eorirrii

134 766 206 813 eum
237 748 342 813 autem
373 746 482 812 uiuum
513 746 660 812 similiter
689 744 901 823 somniauerit,
933 762 994 808 non
1026 744 1094 809 eius
1126 745 1264 809 animam

134 870 235 933 neque
257 868 377 932 corpus,
400 850 455 915 sed
475 849 610 915 hominis
636 848 876 914 similitudinem
898 847 958 912 sibi
987 846 1175 928 apparuisse
1207 864 1262 911 non

134 953 264 1019 dubitet
304 953 393 1036 quasi
430 971 491 1017 non
524 954 641 1035 possint
675 957 708 1017 et
740 956 933 1017 mortuorum
966 949 1133 1016 hominum
1158 949 1262 1015 eodem

134 1059 225 1122 modo
259 1057 464 1121 nescientium
498 1072 559 1119 non
596 1054 728 1135 animae,
763 1055 818 1119 sed
851 1053 1078 1119 similitudines
1116 1072 1262 1136 apparere

133 1159 368 1225 dormientibus.
406 1176 461 1242 pro
487 1164 581 1235 certo,
611 1176 682 1223 oum
706 1156 874 1223 Mediolani
897 1175 1044 1235 essemus,
1069 1158 1260 1235 audiuimus,
1280 1176 1291 1216 a

133 1264 216 1344 quod
231 1282 302 1328 eum
315 1263 456 1327 debitum
469 1265 659 1345 repeteretur
671 1263 835 1343 aquodam
848 1261 987 1326 defuncti
1004 1261 1106 1344 patris
1123 1263 1263 1327 cautione

133 1366 262 1450 prolata,
294 1369 373 1448 quod
402 1366 467 1432 filio
497 1365 654 1431 nesciente
684 1370 815 1447 apatre
844 1365 909 1430 iam
931 1366 1035 1430 fuerat
1055 1366 1261 1450 persolutum,

134 1472 310 1537 contristari
333 1470 423 1536 homo
447 1470 630 1555 grauissime
654 1470 753 1554 coepit
777 1468 1002 1554 atquemirari,
1020 1468 1151 1551 quodsi
1178 1472 1263 1552 pater

134 1575 270 1640 moriens
300 1594 360 1640 non
390 1574 505 1639 dixerit
535 1574 617 1655 quod
643 1574 778 1651 deberet,
801 1591 872 1638 cum
896 1571 1022 1637 fecisset
1044 1571 1147 1637 etiam
1170 1574 1263 1637 tasta-

134 1681 285 1742 mentum.
317 1680 394 1742 tunc
424 1677 453 1742 ei
483 1677 573 1741 anxio
603 1675 749 1760 apparuit
778 1677 860 1742 idem
883 1680 971 1759 pater
994 1675 1061 1740 eius
1082 1675 1121 1739 in
1148 1675 1261 1740 somnis
1270 1696 1289 1734 o

135 1783 166 1844 et
188 1779 242 1843 ubi
266 1784 347 1844 esset
369 1782 542 1865 recautum,
573 1798 632 1862 quo
662 1780 721 1846 illa
743 1780 847 1846 cautio
870 1784 1021 1846 euacuata
1043 1777 1161 1861 inerat,
1185 1778 1261 1843 indi·

134 1882 229 1948 cauit.
266 1901 326 1967 quc
356 1884 482 1948 inuento
512 1884 634 1949 iuuenis
661 1888 754 1965 atque
786 1885 956 1949 monstrato
979 1900 1042 1947 non
1064 1882 1169 1948 solum
1193 1882 1261 1947 falsi

134 1985 232 2050 debiti
265 1986 456 2052 calumniam
496 1986 692 2069 propulsabit
727 1987 783 2052 sed
817 1986 912 2051 etiam
945 1986 1112 2068 paternum
1146 1984 1261 2067 recepit

132 2089 384 2174 chirographum,
414 2090 496 2173 quod
526 2093 614 2174 pater
641 2110 701 2156 non
724 2092 891 2172 receperat,
916 2089 1040 2172 quando
1063 2094 1112 2155 est
1134 2088 1261 2171 pecnnia

132 2194 299 2275 persoluta.
338 2193 388 2257 hic
417 2195 525 2276 utique
553 2196 682 2276 putatur
709 2195 816 2260 anima
839 2192 975 2258 hominis
999 2211 1109 2258 curam
1131 2191 1287 2275 gessisses

133 2312 188 2379 pro
210 2296 276 2361 lilio
299 2297 392 2361 etad
414 2316 485 2362 eum
508 2297 630 2362 uenisse
653 2297 871 2380 dormientem,
895 2297 931 2361 ut
947 2294 1058 2361 docens
1074 2296 1160 2379 quod
1175 2297 1259 2379 igno·

133 2399 222 2464 rabat
244 2418 359 2484 magna
380 2400 524 2465 molestia
547 2400 742 2465 liberaretur.
779 2400 834 2465 sed
855 2400 964 2465 eodem
980 2400 1049 2481 ipso
1066 2397 1167 2463 ferme
1183 2402 1259 2463 tem·

133 2519 215 2586 pore,
240 2520 299 2586 quo
322 2504 355 2567 id
378 2503 566 2577 audiuimus,
596 2504 628 2568 id
652 2510 700 2569 est
723 2504 811 2570 nobis
833 2504 917 2584 apud
939 2501 1171 2568 Mediolanium
1193 2519 1259 2565 eon·

133 2606 266 2683 stitutio,
290 2605 487 2687 Carthaginis
509 2606 616 2671 rhetor
638 2607 796 2691 Eulogius,
820 2607 872 2688 qui
896 2623 984 2670 meus
1007 2604 1041 2669 in
1064 2604 1177 2669 eadem
1198 2603 1259 2669 arte

132 2709 306 2790 discipulus
328 2707 399 2787 fuit,
423 2709 506 2773 sicut
529 2711 593 2791 ipse
615 2709 703 2787 mihi,
727 2710 930 2793 posteaquam
952 2708 985 2772 in
1001 2708 1144 2773 Africam
1167 2725 1286 2772 reme-rc

133 2811 266 2890 animm,
290 2812 426 2893 rettulit,
450 2831 521 2877 cum
544 2813 713 2878 rhetoricos
736 2811 1001 2879 Ciceronislibrcs
1016 2811 1184 2894 discipulis
1198 2811 1259 2876 suis

131 2915 278 2988 traderet,
293 2933 454 2979 recensens
470 2916 646 2999 lectionem,
663 2935 755 2998 quam
771 2921 843 2998 post
859 2915 942 2980 diem
957 2915 1061 2980 fuerat
1076 2914 1258 2992 traditurus,

131 3016 285 3099 quendam
308 3017 410 3081 locum
434 3018 564 3084 offendit
586 3018 760 3098 obscumm,
793 3036 852 3101 quo
868 3037 930 3083 ncn
952 3017 1117 3084 intellecto
1133 3020 1187 3084 uix
1208 3036 1258 3101 po·

130 3119 195 3185 tuit
225 3118 361 3185 dormire
389 3120 552 3187 sollicitus.
590 3140 650 3204 qua
679 3127 769 3188 nocte
804 3122 973 3187 somnianti
1006 3139 1064 3204 ego
1099 3121 1151 3187 illi
1182 3118 1258 3204 quod

131 3239 191 3287 non
220 3222 425 3306 intellegebat
453 3225 590 3308 exposui,
613 3225 711 3290 immo
733 3244 795 3290 non
818 3244 885 3310 ego,
909 3226 962 3291 sed
986 3224 1090 3307 imago
1115 3242 1287 3289 menneo

131 3327 246 3390 nolente
268 3345 319 3391 me
341 3330 373 3392 et
395 3330 461 3391 tam
484 3327 575 3410 longe
598 3331 685 3392 trans
709 3347 793 3393 mare
817 3328 935 3411 aliquid
956 3327 1042 3393 aliud
1058 3328 1127 3392 siue
1150 3330 1258 3410 agente

130 3428 197 3492 siue
228 3432 401 3495 somniante
433 3432 465 3495 et
488 3431 568 3495 nihil
597 3433 634 3496 de
662 3430 750 3497 illius
781 3432 906 3496 omnino
930 3431 1069 3495 curante
1108 3430 1256 3513 quomodo

130 3530 208 3596 fiant
230 3534 291 3597 ists
313 3536 424 3600 nescio.
449 3536 503 3599 sed
526 3535 759 3615 quomodolibet
782 3535 867 3614 fiant,
892 3552 946 3598 our
968 3551 1028 3599 non
1046 3535 1154 3600 eodem
1170 3534 1256 3598 modo

129 3634 197 3700 fieri
215 3638 379 3713 credimus,
403 3638 438 3702 ut
460 3636 493 3700 in
509 3638 626 3703 somnis
642 3639 772 3723 quisque
789 3637 894 3703 uideat
915 3637 1084 3713 mortuum,
1108 3634 1255 3718 quomodo

129 3735 175 3821 fit,
199 3741 234 3801 ut
252 3738 358 3802 uideat
373 3758 445 3803 eum
461 3742 493 3803 et
508 3741 626 3817 uiuum,
642 3739 794 3805 ambobus
810 3740 918 3820 utique
935 3736 1145 3802 nescientibus
1161 3753 1283 3819 sequen

130 3840 322 3917 curantibus,
349 3844 416 3923 quis
440 3843 491 3906 uel
514 3842 569 3906 ubi
590 3845 641 3908 uel
657 3844 779 3925 qnando
799 3860 905 3907 eorum
928 3840 1082 3924 imagines
1104 3839 1253 3906 somniet?

183 4147 195 4198 1
216 4145 391 4200 somniauerit
409 4149 537 4203 similiter
556 4150 583 4203 P
686 4151 703 4204 9
728 4150 798 4219 quod
822 4149 901 4203 P²V=
929 4145 994 4215 quid
1012 4148 1050 4201 P¹
1154 4148 1254 4203 deberet

129 4228 208 4283 P¹V=
237 4230 358 4285 debuerit
377 4233 413 4287 Ρ1
509 4237 538 4289 11
558 4251 609 4304 quo
631 4236 665 4290 V:
694 4235 765 4303 quod
784 4236 811 4290 P
902 4234 935 4287 14
952 4233 1196 4303 cyrographumV

128 4314 301 4385 reciperatV
378 4320 411 4372 18
423 4335 473 4387 quo
485 4319 514 4374 id
531 4322 565 4375 V:
591 4321 660 4390 quod
675 4322 703 4375 P
782 4319 1002 4374 mediolanumP
1086 4322 1119 4375 19
1136 4320 1255 4376 chartha·

127 4400 243 4469 ginieV
327 4404 482 4458 abatricam
497 4408 564 4462 GP:
590 4407 674 4463 africa
689 4407 716 4462 V
798 4406 830 4461 21
844 4406 939 4461 retulit
953 4406 1009 4462 GP
1098 4404 1257 4461 moccense·

127 4486 156 4539 P
219 4488 357 4556 poetdiem
370 4489 464 4545 GPVt
482 4492 638 4560 poetridieo
705 4491 864 4546 tldeilliue
878 4493 913 4547 V:
930 4491 1195 4548 deilliueenriaGP
