2760 4814
231 611 397 682 Eroarpta
414 628 451 668 ex
470 629 541 684 opp.
559 612 586 668 S.
604 614 796 683 Augustini
819 613 928 670 CXVII.
948 614 1072 673 CXVIII.
1154 617 1220 684 425

80 803 229 870 ormnem
257 803 440 888 insinuaret,
471 823 550 888 quae
580 805 729 872 uniuersa
741 824 805 889 ‚per
828 807 936 872 orbem
957 808 1066 871 seruat
1088 805 1220 872 eeclesia

81 943 128 956 -
150 907 190 972 ab
223 907 292 990 ipso
324 909 504 975 ordinatum
539 928 613 990 esse,
648 909 729 992 qnod
761 909 850 976 nulla
882 927 1006 974 morum
1035 908 1249 997 diuersItate⁸

82 1011 236 1078 uastatur.

572 1216 732 1301 oxvffl.

56 1407 130 1455 IEX
152 1405 256 1455 LIBRO
279 1407 435 1456 SECVNDO
456 1410 505 1455 AD
528 1407 671 1456 EVNDEM
693 1408 898 1456 lnnvnmvu.
926 1409 1010 1469 QVID
1034 1410 1099 1458 SIBI
1114 1409 1218 1457 vum

80 1511 121 1558 IN
144 1510 404 1559 CELEBRA'I'IONE
432 1512 586 1560 PASCHAE
617 1512 829 1560 OBSERVATIO
856 1512 999 1560 SABBATI
1021 1514 1064 1559 ΕΤ
1087 1513 1218 1575 Lunum

81 1614 128 1661 ΕΤ
160 1615 208 1663 DII
241 1613 510 1673 Qvnnanunsffln
536 1616 604 1662 VEL
634 1617 679 1662 DE
714 1608 953 1663 consortum
983 1614 1220 1682 ΡΕΝἸῈΟΟΒἸῈΒΙ

441 1718 512 1766 cvut
534 1719 593 1765 DIE
616 1717 715 1765 LEGIS
738 1718 861 1765 DATAE.

126 1836 258 1918 Quaeris
281 1854 361 1919 quae
383 1854 477 1902 oausa
507 1837 558 1915 sit,
591 1855 645 1902 eur
668 1836 900 1903 anniuersarias
924 1838 989 1903 dies
1010 1839 1215 1905 celebrandae
1226 1832 1290 1900 133

44 1966 72 2003 ιο
81 1940 258 2006 dominicae
286 1938 439 2021 passionis
467 1959 528 2005 nou
559 1940 598 2005 ad
630 1941 763 2006 eundem
788 1941 904 2006 redeat
933 1942 1008 2008 anni
1031 1943 1115 2007 diam
1137 1942 1218 2009 siout

81 2043 160 2122 disus,
176 2062 238 2126 qua
252 2042 388 2108 traditur
404 2043 513 2121 uatum
537 2046 568 2108 at
583 2043 695 2109 deinde
709 2043 886 2129 subiungis:
906 2045 953 2125 ,si
967 2045 1024 2110 hoe
1039 2045 1078 2110 fit
1091 2048 1217 2130 propter

82 2145 254 2212 sabbatum
278 2149 309 2210 at
331 2146 450 2223 lunam,
474 2146 548 2230 quid
571 2148 631 2212 sibi
654 2147 732 2212 uelit
754 2148 786 2211 iu
809 2148 866 2212 hae
888 2167 921 2213 re
943 2148 1121 2214 obseruatio
1143 2149 1216 2216 sab·

81 2250 152 2314 bati
176 2251 207 2314 et
235 2249 370 2315 lunae?“
407 2250 457 2315 hio
489 2252 628 2332 primum
665 2252 788 2333 oportet
824 2254 948 2316 noueris
985 2252 1067 2317 diem
1101 2242 1227 2319 natalis

81 2353 203 2421 domiui
226 2371 288 2419 nou
310 2353 343 2421 iu
365 2356 562 2419 sacramento
580 2354 741 2432 celebrari,
764 2354 819 2420 sed
842 2357 967 2419 tautum
985 2355 1019 2419 in
1033 2355 1217 2420 memoriam

45 2478 72 2518 rr
81 2456 233 2541 renouari,
257 2457 339 2541 quod
354 2463 448 2522 natus
468 2458 525 2534 sit3
551 2475 588 2522 ao
610 2477 665 2539 per
688 2457 748 2523 hoo
763 2457 842 2523 nihil
859 2476 937 2539 opus
952 2459 1021 2524 erat
1044 2457 1104 2523 nisi
1127 2475 1218 2524 reno-

81 2562 188 2626 lutum
223 2561 308 2625 diem
339 2561 423 2638 anni,
458 2578 518 2643 quo
549 2561 619 2642 ipsa
651 2581 701 2626 res
736 2560 823 2626 faeta
850 2563 907 2640 ast,
942 2560 1023 2626 festa
1053 2561 1218 2626 deuotione

81 2663 212 2748 signari.
251 2669 481 2730 sacramentum
511 2669 558 2729 est
587 2667 694 2731 autem
720 2665 757 2730 iu
779 2666 884 2748 aliqua
906 2664 1122 2743 celebratione,
1145 2683 1217 2731 oum

80 2769 128 2833 rei
157 2770 265 2853 gestae
287 2770 541 2834 oommamoratio
571 2768 618 2832 ita
643 2768 688 2845 fit,
720 2773 756 2833 ut
777 2768 899 2851 aliquid
921 2769 1016 2833 etiam
1039 2767 1217 2850 signifioare

81 2872 298 2953 intellegatur,
330 2873 411 2952 quod
434 2873 541 2937 ennete
572 2871 788 2953 accipiendum
819 2875 877 2937 est.
925 2889 960 2936 oo
990 2873 1098 2953 itaque
1126 2869 1218 2944 modo

43 2976 205 3060 ”agimus
227 2974 351 3058 paseha,
382 2979 417 3039 ut
440 2994 502 3040 uon
527 2976 629 3039 solum
653 2975 735 3057 quod
764 2974 884 3041 fautum
906 2980 956 3039 est
976 2974 1011 3039 iu
1032 2975 1218 3040 memoriam

80 3096 272 3160 reuooemus,
305 3076 340 3141 id
371 3078 420 3141 est
454 3078 537 3160 quod
568 3081 710 3143 mortuus
733 3077 877 3143 Christus
900 3081 932 3142 at
955 3078 1132 3156 resurrexit,
1163 3079 1217 3144 sed

80 3180 178 3247 etiam
209 3184 320 3263 uetera,
350 3198 429 3262 quae
452 3181 534 3245 oiroa
563 3200 634 3245 aum
656 3179 863 3258 adtestantur,
892 3180 931 3245 ad
953 3182 1218 3247 sacramentorum

80 3282 347 3367 signifieationem
375 3300 437 3348 nou
466 3285 659 3349 omittamus.
694 3284 768 3366 quia
796 3285 889 3367 euim,
920 3284 1003 3348 siout
1034 3285 1112 3350 dioit
1142 3303 1217 3367 apo·

80 3387 194 3470 stolus,
223 3388 404 3452 mortuus
427 3392 487 3451 ost
508 3390 670 3470 proptor
691 3386 847 3452 delicta
869 3388 1007 3452 nostra
1030 3392 1068 3452 ot
1090 3406 1217 3455 resur·

43 3491 187 3555 ararit
208 3489 369 3573 propter
391 3488 731 3555 iustificationum
754 3494 948 3567 nostram,
973 3489 1124 3555 trausItus
1147 3493 1217 3573 qui·

80 3595 155 3660 dum
190 3592 228 3659 de
261 3596 362 3659 morta
391 3592 430 3657 ad
459 3593 560 3657 uttam
596 3593 628 3658 in
662 3593 720 3658 illa
746 3594 888 3676 passione
919 3593 1036 3660 domiui
1058 3597 1090 3659 et
1112 3613 1216 3660 resur·

183 3771 408 3837 aesomnes

136 3936 235 4004 lquaa
253 3933 333 3989 P¹Vr
360 3950 439 4003 quam
461 3936 502 3990 To
596 3935 659 3989 orba
680 3935 706 3989 V
795 3937 896 4007 seruat]
915 3953 1001 3993 ormo
1092 3939 1217 3993 ecelesiae

78 4038 96 4075 ο
200 4019 218 4100 2
241 4035 346 4077 morum
371 4020 407 4075 Y:
438 4020 534 4074 horum
557 4020 616 4075 PV
715 4023 733 4076 4
756 4038 818 4092 cop.
836 4021 949 4077 cxxvl
975 4024 1000 4078 Τ
1025 4023 1168 4080 CXXXIII
1191 4025 1220 4079 P

77 4119 241 4178 emim
261 4122 304 4178 ov
399 4122 518 4177 sue-rit
536 4123 557 4189 (r
574 4126 641 4190 ras.)
658 4123 685 4177 P
785 4098 1218 4193 strenationem>

82 4208 108 4264 Γ
203 4207 508 4278 'tqusdragensimai'
600 4212 752 4278 penteooste
771 4211 813 4267 Po
840 4215 976 4280 pauteoost
996 4213 1022 4267 Τ
1113 4213 1219 4285 9quur

82 4293 118 4350 1⁸
224 4293 254 4348 11
279 4292 311 4347 os
331 4290 387 4355 Vt:
412 4295 450 4347 sit
476 4294 502 4348 Τ
604 4296 636 4349 14
659 4295 831 4360 celebrares
922 4298 968 4352 =15
990 4313 1150 4354 reuooaroo

80 4380 116 4435 18
133 4378 280 4448 onnus
382 4379 416 4433 21
441 4384 564 4435 mortuus
583 4380 668 4447 PVo3
695 4385 876 4445 mortuusest
896 4383 922 4437 Τ
1023 4386 1051 4440 et
1073 4382 1148 4454 Νι,
1168 4401 1219 4445 om.

78 4465 127 4521 Pu
227 4463 264 4520 22
287 4465 352 4536 uon]
376 4480 428 4520 osu
450 4482 469 4520 e
570 4469 740 4539 omittamus]
764 4470 944 4525 imitamuro
1047 4468 1153 4527 dixito

77 4552 116 4606 24
135 4551 174 4624 at]
192 4565 277 4609 osso
380 4551 415 4606 26
433 4552 553 4621 pusione
569 4558 700 4615 ware:
727 4557 890 4628 possessione
908 4557 989 4618 ΜΨ
