2760 4814
184 319 248 387 234
668 314 831 384 Ensinuii

183 508 354 575 amunio
382 506 526 573 futurum
547 508 595 571 est
617 505 698 590 qnod
720 504 774 570 ille
796 504 875 584 uult,
905 506 937 570 et
959 523 996 570 ea
1018 521 1089 569 uere
1111 502 1215 568 futura
1236 508 1314 567 suut

183 629 261 694 qnae
290 611 344 677 ille
373 610 554 691 praesciuit
591 627 664 675 nam
693 609 797 677 muln
824 609 993 676 secundum
1015 608 1178 674 inferiores
1200 624 1313 673 causas

182 712 289 780 futura
310 714 399 791 sunt;
420 713 475 779 sed
497 713 524 778 si
547 713 593 777 ita
607 712 680 778 sunt
695 716 727 778 et
748 713 782 778 iu
802 711 1011 794 praescientia
1026 713 1086 794 dei,
1110 729 1182 775 uere
1204 709 1313 774 futura

182 822 265 884 sunt.
302 817 329 882 si
353 821 458 883 autem
481 817 526 882 ibi
548 816 639 882 aliter
668 820 750 899 eunt,
781 815 828 882 ita
856 816 960 898 potius
990 815 1094 880 futura
1115 815 1198 893 snut,
1228 812 1311 878 sicut

182 919 227 986 ibi
247 924 330 1000 suut,
353 920 407 985 ubi
430 922 483 1003 qni
505 919 640 1002 praescit
661 918 729 985 falli
743 937 805 983 non
828 923 939 1002 potest.
977 939 1050 984 nam
1073 918 1178 983 futura
1195 915 1348 989 dicitur5

181 1026 323 1090 senectus
344 1024 379 1088 iu
401 1024 529 1105 iuuene;
559 1020 613 1088 sed
640 1025 746 1088 brnen
768 1022 876 1089 futura
896 1039 957 1087 nou
980 1026 1038 1105 est,
1068 1021 1096 1086 si
1118 1022 1190 1086 ante
1212 1019 1310 1084 mori·

181 1126 271 1192 turus
301 1130 358 1192 est.
393 1126 451 1191 boc
479 1128 586 1192 auum
613 1124 660 1190 ita
688 1126 758 1209 erit,
796 1125 879 1190 sicut
901 1143 933 1190 se
958 1124 1074 1191 habeut
1095 1123 1176 1190 aliae
1198 1139 1310 1189 cauam

181 1231 247 1295 siue
269 1231 384 1295 mundo
407 1232 569 1295 contextae
584 1229 649 1293 siue
670 1229 704 1292 in
720 1228 770 1292 dei
792 1229 998 1311 praescientia
1018 1229 1204 1293 reseruatae.
1234 1243 1310 1290 narn

180 1333 351 1398 secundum
374 1332 525 1415 quasdam
549 1330 727 1396 futurorum
742 1348 851 1396 causas
872 1333 1044 1397 moriturus
1067 1331 1135 1396 erat
1150 1329 1309 1411 Ezechias,

181 1436 232 1502 oni
254 1437 331 1501 dens
353 1434 475 1500 addidit
496 1434 672 1516 quindecim
694 1452 791 1500 annos
809 1435 849 1501 ad
872 1435 986 1501 uitam:
1009 1434 1042 1500 id
1060 1433 1168 1517 utique
1195 1433 1346 1507 sadanma

180 1539 263 1621 quod
284 1542 358 1605 ante
381 1535 638 1604 constitutionem
660 1536 770 1603 mnudi
791 1557 824 1602 se
846 1537 1003 1604 facturum
1026 1556 1095 1604 esse
1116 1537 1310 1620 praesciebat

180 1645 213 1707 et
234 1641 268 1706 in
289 1659 346 1708 sua
368 1639 529 1705 uoluntate
552 1639 706 1705 seruabat.
737 1658 799 1706 non
823 1659 896 1724 ergo
918 1640 951 1707 id
972 1641 1045 1707 fecit
1061 1641 1142 1724 quod
1165 1639 1308 1705 futurum

180 1760 240 1809 nou
275 1745 351 1808 erat.
394 1742 453 1807 hoc
483 1741 567 1807 enim
599 1744 700 1826 magis
731 1746 797 1809 erat
826 1743 968 1809 futurum
990 1744 1072 1828 quod
1093 1763 1125 1808 se
1149 1744 1309 1810 facturum

180 1865 246 1913 osse
273 1847 476 1928 praesciebat.
513 1850 697 1912 nontamen
720 1846 770 1914 illi
792 1847 867 1913 anni
890 1847 991 1914 additi
1013 1849 1099 1913 recte
1121 1849 1306 1925 dicerentur,

179 1949 241 2016 nisi
273 1948 312 2014 ad
346 1949 466 2032 aliquid
499 1948 686 2015 adderentur
724 1949 804 2033 qnod
842 1969 875 2016 se
910 1951 1002 2017 aliter
1033 1952 1067 2015 iu
1100 1952 1170 2019 aliis
1204 1950 1344 2022 oausiens

180 2052 340 2119 babuerat
378 2055 547 2118 secundum
561 2052 682 2134 aliquae
705 2055 803 2136 igitur
818 2072 927 2120 causas
950 2054 1110 2120 inferiores
1126 2056 1189 2120 iam
1204 2054 1307 2121 uitam

179 2154 318 2235 finierat3
354 2155 524 2222 secundum
557 2155 630 2221 illas
664 2158 769 2221 antem
802 2175 880 2239 quas
912 2160 986 2223 sunt
1019 2159 1052 2224 iu
1085 2158 1248 2224 uoluntate
1276 2163 1309 2224 et

178 2259 385 2343 praescientia
407 2258 467 2338 dei,
497 2261 550 2343 qui
572 2277 607 2324 ex
629 2260 816 2325 aeternitate
838 2262 966 2326 nouerat
992 2261 1068 2343 qnid
1089 2260 1146 2327 illo
1167 2262 1308 2343 tempore

178 2363 317 2429 facturus
336 2365 460 2428 erat-
475 2364 508 2428 et
522 2362 579 2429 boo
595 2381 666 2429 uere
680 2361 822 2428 futurum
837 2367 905 2428 erat
918 2400 961 2412 —-
976 2364 1053 2430 tunc
1074 2365 1141 2430 nat
1162 2361 1308 2429 finiturus

177 2465 288 2545 uitam,
320 2466 443 2547 quando
464 2463 569 2530 finiuit
598 2466 708 2531 uitam.
746 2466 820 2549 quia
842 2469 900 2532 etsi
922 2467 1022 2532 oranti
1045 2484 1223 2532 mansuum
1247 2468 1345 2546 est„

177 2568 273 2633 etiarn
302 2568 349 2633 sio
378 2586 450 2633 eum
479 2570 650 2650 oraturum,
684 2570 721 2633 ut
750 2569 806 2634 tali
837 2569 968 2635 orationi
992 2571 1116 2635 concedi
1138 2572 1306 2653 oporteret,

175 2670 231 2736 ille
253 2672 361 2753 utique
383 2670 577 2754 praesciebat
599 2672 686 2737 cuins
709 2671 914 2755 praescientia
935 2672 1004 2739 falli
1027 2691 1090 2738 nou
1110 2676 1250 2756 poterat3
1273 2674 1308 2738 et

175 2775 246 2841 ideo
267 2774 350 2856 qnod
371 2775 564 2857 praesciebat
586 2775 756 2840 nocearis
778 2776 920 2842 futurum
943 2780 1020 2843 erat.

219 2893 417 2978 Quapropter
438 2895 464 2959 si
488 2895 628 2961 omnium
644 2897 819 2962 futurorum
836 2915 946 2963 cansoe
962 2900 1077 2963 mundo
1091 2902 1164 2964 sunt
1179 2897 1305 2976 insitae,

176 3016 246 3063 cnm
275 2998 332 3064 ills
362 2999 465 3064 iactus
488 3001 535 3063 est
557 2998 633 3082 dies,
663 3001 786 3082 quando
814 3002 890 3066 dens
920 3001 1041 3066 creauit
1065 3001 1171 3067 omnia
1198 3001 1344 3081 simui„

176 3119 237 3166 non
260 3100 354 3167 aliter
369 3102 472 3168 Adam
495 3101 596 3168 fantus
612 3104 668 3180 est,
690 3105 774 3168 siout
788 3106 837 3170 est
859 3103 1039 3171 credibilius
1061 3105 1126 3171 iam
1148 3104 1306 3187 perfectae

175 3203 349 3284 uirilitatis,
372 3223 465 3288 quam
481 3209 550 3270 erat
570 3205 605 3270 in
627 3204 692 3270 illis
715 3205 825 3289 oensis,
847 3206 903 3272 ubi
917 3209 994 3273 deus
1016 3208 1176 3273 bominem
1197 3210 1231 3273 iu
1251 3226 1306 3273 sex

175 3309 295 3375 dierum
325 3309 472 3392 operibus
502 3309 586 3375 fecit.
624 3309 668 3374 ibi
697 3310 781 3375 enirn
811 3313 877 3374 erat
900 3329 961 3376 non
984 3312 1087 3377 solnm
1109 3311 1147 3375 ut
1168 3311 1214 3376 ita
1236 3309 1306 3375 fieri

175 3415 280 3493 posset
301 3431 412 3477 nerum
434 3412 529 3476 etiam
550 3415 587 3477 nt
609 3413 657 3478 ita
679 3431 749 3478 enm
772 3413 840 3479 deri
861 3431 985 3480 necesse
1008 3417 1098 3481 esset.
1128 3419 1194 3480 tam
1217 3414 1305 3480 enim

275 3583 293 3638 9
309 3582 342 3639 ci.
361 3583 406 3638 Es.
425 3584 466 3651 38,
485 3585 502 3639 5

223 3735 241 3791 2
258 3736 300 3791 illi
319 3736 349 3791 D
433 3739 491 3794 tet
503 3739 531 3794 in
543 3755 594 3796 om.
606 3739 665 3796 D¹o
750 3741 933 3810 mantia]
951 3742 1102 3811 praesentia
1120 3741 1145 3798 Τ
1228 3743 1248 3797 4
1265 3744 1307 3798 si·

171 3821 203 3878 D
281 3820 321 3877 ibi
333 3838 382 3878 osa
395 3823 437 3878 D¹
517 3825 681 3881 biuneuiD
767 3828 801 3883 10
811 3828 889 3883 aunis
901 3827 938 3884 1²¹
1018 3830 1077 3883 nita
1092 3827 1118 3882 V
1196 3830 1228 3887 11
1240 3845 1305 3886 con·

173 3907 315 3964 stitutione
330 3908 363 3965 D
442 3910 474 3970 la
492 3910 520 3967 in
538 3927 589 3967 osa
606 3911 637 3966 D
713 3912 835 3969 faturum
847 3916 874 3983 (a
885 3915 917 3968 in
929 3931 947 3969 u
958 3917 1039 3981 corr.)
1056 3911 1094 3967 Μ
1175 3917 1209 3971 18
1226 3918 1305 3989 quid]

172 3993 244 4064 qnod
260 3992 301 4051 D¹
386 3994 434 4051 illo
452 3999 479 4065 (o
495 4013 515 4051 o
526 4013 560 4052 m.
573 3999 593 4052 2
608 3998 641 4052 ia
653 4005 719 4064 roa.)
739 3999 768 4054 P
849 4000 882 4056 ar
901 4002 1021 4056 oratione
1036 4003 1068 4057 D
1153 4002 1256 4060 concidi
1272 4004 1308 4060 D

171 4079 345 4138 moccense
430 4082 652 4139 mumdum
664 4084 745 4140 D'P¹
830 4087 866 4144 24
882 4088 983 4143 mundo
995 4090 1053 4144 sint
1064 4089 1306 4159 (oetintom)

172 4168 199 4224 P
277 4167 578 4241 &nectendam
654 4171 689 4227 27
701 4173 854 4246 uirilitatis]
867 4176 993 4232 ueritatis
1005 4176 1045 4233 D¹
1126 4176 1306 4235 Metti·

175 4255 360 4322 Vmorem
437 4255 528 4313 tenid*
600 4259 774 4330 dbpossitD
846 4263 952 4321 ΜΡ*
1025 4264 1237 4334 taur]tcurenT
