2760 4814
314 363 480 433 Excerpta
498 380 535 419 ex
552 380 621 434 opp.
639 364 666 418 S.
686 363 877 433 Augustini
898 362 1082 419 ccoxxlln.
1182 364 1263 431 1031

130 554 289 640 uoluptati
311 555 467 622 addicitur
489 555 540 620 uel
562 554 765 620 ineffabiliter
788 553 840 619 uel
862 553 1089 619 incuitabiliter
1111 552 1266 637 affigitur,

131 660 170 724 ut
201 660 235 725 in
265 657 496 742 comparatione
527 657 618 723 huius
653 659 736 722 tanti
772 656 848 721 mali
883 661 987 722 cetera
1019 658 1144 739 peccata
1179 662 1267 724 entra

132 779 244 847 corpus
260 782 326 828 esse
342 763 517 845 uideantur,
535 763 631 827 etlam
647 761 674 827 si
690 778 871 844 percorpus
887 764 1097 835 exerceantur,
1116 761 1266 841 quemad·

132 864 261 929 modum
291 864 387 928 solius
418 862 635 928 fornicationis
664 862 712 926 uis
743 860 896 943 quaedam
919 861 1101 942 imperiosae
1123 863 1265 930 libidinis

99 966 307 1033 soondicioni
329 983 404 1031 suae
426 965 533 1031 subdit
552 966 773 1049 propriumque
794 964 894 1047 ipsius
915 966 1051 1046 corporis
1073 968 1266 1050 mancipium

133 1070 304 1154 pessimum
328 1070 413 1149 facit,
444 1072 586 1151 tempore
615 1067 750 1134 maxime
773 1068 870 1150 ipsius
899 1068 1168 1136 immundissimae
1191 1089 1264 1154 ope·

134 1175 274 1250 rationis,
304 1177 341 1237 ut
363 1173 450 1239 aliud
472 1173 548 1256 quid
570 1176 695 1254 praeter
719 1174 798 1254 quod
822 1173 888 1256 agit
911 1173 943 1237 in
966 1172 1034 1255 ipso
1057 1191 1183 1258 corpore
1205 1195 1266 1242 uon

134 1278 179 1341 sit
211 1276 346 1342 liberum
381 1277 536 1343 humanae
568 1277 667 1343 menti
705 1278 755 1342 uel
790 1279 925 1359 cogitare
957 1279 1008 1342 uel
1040 1278 1209 1345 intendere.
1239 1282 1266 1345 si

134 1383 242 1446 autem
270 1382 365 1447 etiam
393 1383 571 1465 generalem
601 1382 776 1463 significare
798 1382 901 1447 uoluit
924 1382 1082 1464 apostolus
1106 1382 1267 1461 iomioati·

98 1503 237 1563 sconem,
272 1489 395 1568 propter
429 1504 523 1568 quam
557 1484 671 1550 dixisse
704 1485 867 1550 uideatur:
901 1503 1009 1549 omns
1042 1490 1264 1570 peccatum,

135 1589 404 1671 quodcumque
437 1588 585 1655 iecerit
613 1590 739 1672 homo,
773 1591 885 1656 extra
913 1607 1051 1671 corpus
1084 1592 1164 1671 est3
1199 1592 1266 1674 qni

134 1700 264 1757 autem
300 1692 536 1775 fornicatur,
570 1696 607 1758 in
642 1710 780 1776 eorpus
811 1693 1014 1776 proprium
1043 1695 1196 1775 peccat,
1220 1694 1267 1759 sic

135 1795 351 1878 accipiendum
381 1801 429 1861 est
458 1798 490 1861 et
518 1796 775 1878 intellegendum,
799 1796 997 1880 utquisque,
1022 1796 1097 1861 dum
1120 1817 1181 1863 non
1211 1798 1267 1863 ed·

135 1899 244 1963 baeret
266 1897 335 1975 deo,
358 1900 411 1981 qui
426 1899 569 1963 adhaesit
587 1898 712 1975 mundo,
728 1899 834 1964 omnia
848 1899 1034 1982 temporalis
1049 1903 1080 1965 et
1095 1901 1267 1983 corporalia

99 2002 271 2086 indiligens
301 2007 333 2067 et
363 2002 590 2083 concupiscens,
620 2001 731 2066 merito
761 2002 794 2066 in
822 2020 930 2084 corpus
953 2002 1113 2086 proprium
1135 2021 1267 2086 peccare

134 2106 271 2181 dicatur,
305 2104 336 2171 id
367 2109 413 2170 est
442 2105 606 2170 uniuersae
635 2104 903 2187 concupiscentiae
933 2105 1051 2169 carnali
1081 2106 1205 2173 deditus
1234 2110 1267 2173 et

134 2208 282 2275 subditus
298 2208 400 2274 iactus
415 2212 576 2291 tamquam
592 2212 676 2273 totns
691 2209 852 2274 creaturae
866 2226 974 2273 seruus
989 2210 1028 2274 ab
1044 2208 1111 2292 ipso
1127 2213 1265 2275 creatore
1312 2286 1315 2293 ¹

133 2313 257 2379 alienus
272 2311 421 2396 perillud
442 2312 605 2376 initium
621 2310 721 2376 omnis
738 2312 898 2394 peccati
920 2311 1155 2394 superbiam,
1178 2315 1267 2379 cuius

134 2416 348 2500 superbiae
378 2415 541 2480 initium
572 2419 629 2492 est,
659 2419 696 2478 ut
723 2415 955 2498 scriptumest,
989 2416 1219 2498 apostatare
1248 2437 1268 2483 a

95 2523 215 2592 20deo.
251 2538 270 2585 a
292 2539 352 2601 quo
375 2519 528 2603 generalis
551 2518 764 2585 fornicatiouis
786 2518 869 2584 malo
887 2520 1017 2601 quisque
1033 2520 1151 2585 alienus
1167 2521 1266 2603 quod·

134 2642 270 2706 cumque
300 2623 386 2688 aliud
413 2625 576 2705 peccatum
601 2624 736 2705 potuerit
760 2624 795 2687 ut
817 2622 909 2687 bomo
931 2622 1142 2706 corruptibilis
1165 2624 1266 2690 adhuc

134 2732 167 2792 st
192 2726 334 2792 mortalis
350 2728 514 2805 incurrere,
538 2728 595 2792 hoc
610 2727 811 2809 intellegatur
835 2732 946 2792 extra
969 2744 1110 2812 corpus
1132 2746 1209 2805 esse,
1233 2730 1264 2794 id

133 2834 185 2894 est
209 2830 295 2894 extra
313 2829 481 2913 corporalis
497 2831 530 2893 et
545 2829 728 2912 temporalia
745 2828 847 2893 omnis
863 2830 1131 2911 concupiscentiae
1146 2831 1265 2896 malum

134 2932 277 2997 alienum
292 2949 359 2997 esse
376 2933 486 2998 extra
502 2949 650 3014 corpus,
666 2935 702 2996 ut
717 2949 807 3013 saepe
824 2932 944 2997 dictum
960 2935 1016 3015 est,
1034 2951 1111 2998 esse.
1128 2936 1268 2999 tantum-

92 3035 229 3110 „modo
264 3037 348 3100 enim
382 3035 514 3100 carnalis
548 3036 579 3100 et
609 3034 763 3117 generalis
798 3034 1068 3117 concupiscentiae
1098 3037 1182 3103 malo
1212 3058 1267 3121 per

134 3138 244 3204 omnia
266 3137 437 3203 fornicatur
460 3137 566 3203 anima
589 3156 607 3202 a
630 3138 694 3215 deo,
717 3138 878 3221 tamquam
902 3138 1110 3220 corporalibus
1129 3143 1160 3204 et
1183 3143 1267 3206 tem·

134 3239 297 3324 poralibus
326 3241 488 3307 desideriis
518 3245 549 3305 et
577 3241 834 3307 delectationibus
857 3240 992 3325 inligata
1015 3245 1046 3307 et
1069 3242 1213 3310 deuincta
1234 3247 1267 3311 in

134 3363 247 3427 corpus
280 3344 442 3428 proprium
476 3348 591 3427 peccat,
627 3344 714 3410 cuius
749 3343 970 3410 uniuersaliter
1000 3348 1265 3430 concupiscentiae

134 3448 279 3512 seruiens
309 3448 490 3513 incuruatur
519 3447 637 3512 mundo
669 3452 700 3512 et
730 3447 887 3513 alienatur
908 3467 927 3512 a
949 3448 1023 3524 deo;
1047 3449 1128 3531 quod
1150 3453 1207 3529 est,
1231 3453 1267 3517 nt

90 3550 258 3623 aedictum
284 3555 341 3629 est,
366 3550 530 3615 initium
553 3549 766 3631 superbiae
789 3551 977 3628 bominis,
1000 3554 1226 3635 apostatare
1248 3574 1267 3620 a

242 3738 275 3793 18
291 3739 330 3808 (et
347 3737 392 3805 30)
410 3738 491 3792 Eccli.
510 3737 552 3801 10,
572 3737 604 3792 12
613 3754 652 3805 sq.

191 3911 203 3963 l
224 3910 267 3963 uel
280 3909 474 3963 incuitabiliter
495 3908 560 3963 GP:
586 3925 636 3964 om.
654 3909 679 3962 V
763 3909 887 3980 affigitur
901 3911 1006 3965 GP²V2
1033 3912 1198 3968 afficitan¹

130 4030 151 4085 4
171 4004 330 4098 imperiosis
349 4037 374 4095 (v
393 4030 457 4085 odd.
476 4048 508 4085 ou.
528 4033 559 4096 2>
582 4032 607 4085 V
708 4034 725 4086 5
745 4031 907 4086 conditionis
926 4033 953 4086 P
1053 4000 1132 4119 Suel
1149 4034 1270 4103 cogitare

132 4133 193 4199 (uel
205 4133 256 4188 dcl.
268 4151 302 4189 m.
316 4137 346 4201 2)
365 4135 392 4188 P
486 4137 518 4189 14
536 4137 563 4189 et
580 4136 726 4204 corporalia
744 4136 807 4189 PV:
835 4153 885 4189 ora.
903 4153 921 4189 o
1016 4138 1049 4191 18
1067 4110 1135 4191 illud
1154 4138 1267 4207 scripsi:

133 4221 217 4275 illum
234 4220 259 4273 V
282 4222 358 4274 illam
373 4222 400 4275 P
495 4222 581 4275 omnis
594 4222 673 4275 P¹V:
700 4223 817 4276 nominis
829 4223 868 4275 Pr
966 4222 1000 4276 ‘20
1012 4224 1131 4292 generali
1146 4223 1201 4278 GP

129 4307 170 4363 23
189 4305 300 4377 malum]
320 4307 390 4361 malo
408 4306 464 4359 Pl'
565 4306 598 4361 29
616 4312 658 4361 est
676 4312 706 4362 ut
728 4307 766 4362 1⁷:
796 4307 870 4361 istud
888 4306 917 4361 P
