2760 4814
198 491 261 559 752
680 485 843 556 nugrpprr

240 680 327 760 Quod
343 696 382 743 ne
404 676 543 743 eenieere
564 676 667 760 potius
683 693 775 759 qnam
799 677 905 759 aperte
920 673 1134 739 demonstrare
1148 675 1324 755 uideamur,

198 782 383 866 proferimus
404 780 544 845 eiusdem
565 779 681 845 domini
705 779 822 843 certam
839 776 1101 860 manifestamque
1124 778 1324 857 sententian,

198 904 258 969 qua
279 884 470 950 ostendimus
492 882 592 969 ipsam
614 880 709 947 fuisse
731 898 864 959 cauam,
887 883 924 945 ut
945 878 1080 945 diceret:
1106 883 1227 962 pater
1252 898 1323 947 non

197 986 352 1054 iudicat
373 1003 622 1068 quemquam,
645 984 712 1049 sed
735 1000 844 1048 omne
867 982 1061 1049 iudicium
1083 983 1202 1049 dedit
1223 983 1321 1061 filie,

197 1090 271 1173 quia
294 1090 387 1154 iudex
409 1088 510 1153 forma
532 1087 590 1152 filii
612 1085 749 1152 hominis
771 1085 943 1168 apparebit,
966 1103 1045 1169 quae
1067 1086 1171 1152 forma
1194 1105 1257 1152 non
1277 1092 1347 1151 eata

199 1192 310 1276 patria,
326 1192 380 1255 aad
391 1190 457 1265 filii,
471 1209 527 1255 nee
546 1207 583 1254 ea
599 1189 669 1266 filii,
692 1192 725 1254 in
743 1207 803 1271 qua
815 1190 953 1271 aequalis
971 1192 1018 1254 eet
1029 1188 1124 1272 patri,
1141 1192 1197 1256 eed
1215 1190 1249 1255 in
1265 1207 1322 1273 qua

197 1297 303 1361 minor
325 1297 373 1359 est
391 1295 488 1375 patre,
506 1294 544 1355 ut
563 1292 656 1356 sitin
677 1291 792 1357 indicio
814 1290 994 1372 ennepiuuus
1017 1296 1049 1355 et
1069 1291 1160 1357 bonis
1175 1294 1210 1357 et
1224 1292 1320 1357 maiia

199 1398 379 1479 paulopost
400 1396 484 1459 enim
500 1394 593 1459 dicit:
617 1413 725 1459 amen
747 1394 834 1459 dieo
856 1396 983 1477 uobis,
1006 1398 1096 1476 quia
1117 1397 1183 1477 qui
1206 1396 1321 1461 uerba

198 1517 282 1564 mea
297 1497 410 1563 audit
425 1496 605 1561 eteredit
620 1495 657 1561 in
672 1515 754 1561 eum
770 1499 832 1578 qui
855 1496 1185 1572 meminithabat
1204 1498 1320 1562 uitam

197 1606 398 1666 aeternam
429 1601 469 1663 et
497 1600 536 1663 in
559 1598 754 1664 iudicium
783 1616 853 1663 non
877 1600 1028 1675 ueniet,
1057 1601 1122 1665 sed
1151 1602 1347 1665 transietn

198 1706 243 1767 de
259 1708 379 1768 morte
401 1702 440 1765 in
457 1704 590 1767 uitam.
613 1703 690 1767 haee
706 1705 771 1766 uita
786 1704 913 1767 aeterna
929 1704 975 1768 est
992 1702 1049 1768 illa
1063 1704 1154 1779 uiaib,
1169 1722 1250 1787 quae
1264 1720 1319 1768 ndu

197 1806 331 1889 pertinet
346 1806 383 1869 ad
400 1805 508 1869 malos.
529 1804 639 1870 deinde
655 1808 810 1887 sequitur:
832 1825 956 1883 amen,
972 1825 1078 1871 amen
1095 1806 1182 1871 dieo
1199 1806 1317 1877 uobis.

197 1910 288 1991 quia
309 1909 446 1972 ueniet
468 1908 560 1972 bora
588 1913 626 1973 et
654 1927 755 1973 nune
779 1913 857 1993 est,
887 1928 969 1974 eum
992 1910 1139 1974 mortni
1161 1912 1319 1976 audient

197 2030 329 2077 uocem
353 2010 440 2074 filii
463 2011 539 2089 dei,
564 2017 600 2075 et
623 2011 689 2093 qui
711 2011 932 2096 audierint,
955 2013 1105 2077 uiuent.
1129 2014 1162 2077 et
1176 2012 1238 2079 boe
1252 2031 1317 2096 prd-

197 2115 300 2197 prium
327 2115 376 2177 est
397 2114 536 2196 piorum,
566 2115 618 2195 qui
639 2115 685 2179 eie
713 2115 845 2179 audiunt
873 2116 911 2178 de
939 2114 1151 2180 incarnatione
1173 2116 1258 2196 eius,
1286 2122 1344 2179 utra

199 2217 336 2293 credant,
361 2217 434 2299 quia
454 2216 537 2282 filius
560 2218 610 2281 dei
631 2224 688 2295 est,
711 2217 742 2283 id
765 2222 811 2283 est
833 2218 878 2283 sic
901 2237 973 2282 eum
1001 2223 1127 2301 propter
1148 2238 1181 2283 aa
1204 2218 1316 2284 factum

197 2322 356 2405 adcipiant
388 2322 541 2386 minorem
568 2326 656 2404 patre
689 2323 722 2387 in
755 2322 854 2387 forma
876 2324 967 2399 serui,
1001 2326 1055 2407 <ut
1083 2326 1220 2403 eradant,
1250 2324 1318 2405 quia

196 2425 334 2508 aequalis
357 2429 404 2489 ast
420 2426 502 2505 patri
525 2423 556 2487 in
574 2424 673 2489 forma
688 2424 766 2507 dei.)
788 2429 820 2489 et
842 2425 911 2489 ideo
933 2425 1074 2506 sequitur
1097 2428 1127 2489 et
1143 2425 1203 2490 boe
1219 2427 1315 2509 ipsun

197 2528 414 2593 eommandana
445 2526 536 2592 dicit:
570 2529 677 2592 sieut
705 2529 806 2592 enim
834 2528 953 2593 habet
979 2534 1094 2609 pater
1121 2529 1251 2593 uitam
1283 2529 1316 2591 in

196 2634 321 2695 semet
342 2630 446 2713 ipso,
462 2631 641 2696 itadedit
664 2632 702 2693 et
726 2630 814 2695 iilio
837 2632 961 2696 uitam
977 2628 1120 2695 babere
1143 2634 1343 2697 insemeta

197 2736 290 2815 ipso.
314 2734 424 2798 deinde
447 2736 535 2800 uenit
557 2736 596 2799 ad
619 2736 771 2801 uisionem
793 2754 868 2801 auae
891 2735 1060 2812 claritatis,
1089 2735 1123 2799 in
1153 2754 1216 2819 qua
1245 2754 1316 2801 uen-

194 2840 285 2899 turus
308 2840 354 2899 est
377 2835 417 2899 ad
440 2836 599 2915 iudicium,
628 2856 707 2921 quae
727 2838 807 2903 uisio
830 2837 1004 2903 eommunis
1026 2837 1086 2903 erit
1108 2840 1140 2903 et
1162 2841 1268 2922 impiis
1289 2838 1317 2903 et

196 2939 297 3005 iustia.
320 2938 459 3019 sequitur
482 2941 566 3005 eninr
588 2944 620 3006 et
643 2942 734 3007 dieite
764 2945 802 3006 et
824 2943 1066 3025 potestatem
1090 2942 1205 3008 dedit
1227 2943 1262 3007 ei
1283 2944 1316 3007 et

194 3040 390 3107 iudieiurn
414 3042 557 3123 faeere,
586 3043 770 3126 quoniam
799 3044 916 3109 filius
945 3044 1115 3110 hominis
1137 3047 1209 3110 ast.
1245 3048 1316 3129 putu

195 3143 273 3210 nihil
295 3162 362 3211 eaae
385 3146 590 3211 manifestius.
622 3165 695 3212 narn
719 3146 792 3229 quia
813 3146 897 3212 filius
911 3147 962 3214 dei
985 3150 1033 3212 est
1056 3151 1087 3213 et
1108 3146 1252 3232 aequalis
1274 3147 1340 3213 eat¹⁵

194 3246 287 3328 patri,
313 3268 375 3315 non
396 3250 508 3331 aeeipit
529 3250 609 3315 bane
629 3253 817 3332 potestatam
838 3250 947 3315 iudicii
970 3249 1115 3329 faciendi,
1143 3251 1199 3316 sed
1223 3249 1316 3315 babet

194 3348 281 3415 illam
304 3368 377 3415 eum
399 3354 486 3435 patre
508 3354 541 3417 in
564 3353 701 3437 oeenlt03
731 3353 847 3434 accipit
873 3356 979 3419 antem
1002 3353 1099 3433 illam,
1131 3357 1168 3419 ut
1193 3356 1320 3421 boniet

194 3452 269 3517 mali
296 3471 368 3518 enm
390 3454 519 3519 uideant
540 3456 744 3534 iudicantem,
774 3456 846 3539 quia
874 3455 958 3521 filins
980 3454 1116 3520 hominis
1138 3457 1197 3519 est.
1239 3456 1319 3523 nisio

124 3576 127 3581 ¹
193 3556 307 3639 quippe
334 3556 394 3621 filii
415 3557 550 3624 bominis
578 3558 775 3625 exhibebitur
804 3563 836 3624 et
858 3558 965 3643 malis3
1001 3578 1074 3625 nam
1095 3559 1177 3623 uisib
1199 3559 1318 3625 formae

193 3658 242 3722 dei
265 3676 326 3724 non
349 3660 411 3725 nisi
432 3662 556 3727 mundis
580 3662 685 3740 eorde,
709 3663 783 3744 quia
810 3662 889 3745 ipsi
913 3662 1022 3729 deum
1044 3660 1256 3741 uidebunt,
1287 3662 1370 3728 ida·

193 3761 340 3827 establis
368 3763 449 3844 piis,
482 3783 613 3846 quorum
643 3764 805 3829 dileetioni
835 3765 891 3831 hoe
918 3766 1020 3848 ipsum
1044 3764 1212 3848 promittit,
1243 3767 1319 3850 quia

293 3964 365 4019 310.
384 3968 408 4029 5,
427 3965 461 4019 22
564 3969 639 4023 810.
657 3970 682 4031 5,
700 3969 804 4023 24-28
906 3970 941 4023 30
957 3970 1056 4023 natta.
1076 3970 1137 4033 5,8

241 4154 442 4209 doatendimua
465 4156 499 4209 V:
530 4157 700 4212 ostendamus
717 4174 736 4210 a
837 4158 853 4211 5
877 4157 929 4212 filii
946 4174 977 4211 a:
1007 4157 1047 4213 fili
1071 4158 1098 4211 V
1197 4158 1214 4213 t
1240 4160 1317 4214 bunia

190 4256 222 4292 a:
251 4237 338 4292 bonne
360 4240 387 4295 V
487 4242 519 4295 17
537 4246 569 4297 ut
586 4242 829 4299 credant-sonna
847 4244 888 4298 dei
906 4260 939 4296 a:
968 4259 1018 4297 om.
1043 4242 1070 4298 V
1169 4244 1203 4299 31
1229 4246 1319 4315 ipsum

189 4342 222 4380 a:
249 4324 328 4393 ipsud
344 4325 371 4380 V
385 4327 432 4395 (rs.
450 4328 560 4383 Rdaert
575 4330 595 4383 d.
611 4347 634 4385 a.
650 4346 679 4399 p.
698 4333 763 4397 276)
861 4330 926 4399 qnia
943 4330 1078 4384 ostendere
1099 4329 1126 4384 V
1140 4330 1187 4397 (as.
1204 4348 1234 4401 p.
1253 4336 1319 4395 540,

190 4415 253 4466 bet
273 4410 342 4465 Vtut.
365 4409 838 4485 Vit.p.78,160d.Petacbeaa'9):
867 4414 1131 4483 quia-...obtendet
1148 4432 1169 4469 a
