2760 4814
340 512 505 580 Excerpta
522 528 559 566 ex
577 527 645 582 epp
664 514 689 567 s
709 514 900 583 Augustini
918 515 940 572 Ι.
1164 519 1208 585 35

63 710 199 771 autem
233 703 361 769 totam
391 702 517 786 legem
540 703 836 781 obserueuerit,
867 703 1050 771 offendat
1073 709 1208 772 eutem

61 812 99 875 in
135 826 233 891 uno,
269 805 404 872 iactus
439 808 499 870 est
530 804 705 870 omnium
737 825 839 873 reus.
877 825 956 890 quae
988 826 1036 872 res
1065 809 1141 875 tulis
1172 828 1207 877 ac

62 917 156 979 anta
179 915 238 989 est,
261 912 299 976 ut
320 912 403 994 qnod
427 911 500 974 hinc
522 908 586 974 tibi
608 927 671 975 non
693 909 757 975 iam
779 910 857 976 olim
875 911 986 995 scripsi
1002 930 1052 977 me
1066 913 1204 979 multum

62 1016 237 1100 paeniteat.
268 1017 306 1081 de
329 1014 452 1099 agenda
473 1032 608 1097 namque
622 1014 780 1095 praesenti
795 1015 864 1079 nite
878 1016 1032 1097 quomodo
1048 1016 1088 1081 ad
1104 1017 1205 1083 uitam

43 1119 287 1205 sperneniamns
310 1123 479 1194 aeternam,
502 1136 564 1184 non
588 1118 625 1183 de
648 1119 820 1200 praeterite
849 1117 1085 1202 perscrutanda,
1110 1138 1204 1203 quam

63 1226 192 1308 penitus
215 1223 373 1306 demergit
394 1220 519 1300 obliuio,
543 1220 639 1287 sicuti
662 1224 711 1287 est
732 1221 814 1287 illud
837 1225 919 1304 qnod
934 1225 972 1290 de
987 1223 1093 1288 anima
1109 1242 1206 1306 quae·

63 1328 199 1393 rendum
213 1325 336 1408 putaui,
360 1325 437 1390 haec
451 1325 588 1390 uertitur
603 1324 754 1407 quaestio.
783 1325 944 1407 eleganter
959 1325 1066 1391 autem
1083 1325 1206 1393 dictum

64 1449 131 1495 esse
154 1432 307 1495 narratur
328 1429 409 1512 quod
433 1427 507 1493 buio
527 1427 574 1493 rei
595 1426 674 1493 satis
696 1428 771 1511 apte
792 1426 957 1494 conuenit:
981 1446 1053 1493 oum
1075 1429 1206 1512 quidam

64 1535 181 1599 ruisset
203 1536 239 1598 in
262 1534 402 1616 puteum,
433 1531 489 1597 ubi
518 1549 600 1614 aqna
621 1531 713 1596 tenta
734 1533 811 1606 erat,
843 1533 880 1594 ut
903 1548 975 1595 eum
998 1533 1100 1616 magis
1122 1532 1206 1598 erci-

35 1641 152 1719 eperet
184 1657 224 1702 ne
246 1639 431 1713 moreretur,
460 1652 564 1718 quam
584 1633 751 1699 suffocaret
786 1652 824 1698 ne
849 1633 1041 1716 loqueretur,
1072 1637 1203 1700 sesessit

64 1741 146 1806 alius
171 1759 271 1823 eoque
294 1741 360 1805 uiso
383 1741 534 1804 miserans
556 1737 618 1803 uit:
642 1738 796 1822 quomodo
812 1738 874 1803 huo
890 1736 1057 1803 cecidisti?
1080 1739 1113 1803 at
1129 1737 1204 1803 ille:

67 1844 207 1929 obsecro,
238 1844 351 1926 inquit,
381 1845 533 1926 quomodo
562 1841 636 1907 lrino
657 1860 708 1907 me
731 1841 857 1925 liberes,
881 1859 943 1906 non
967 1840 1121 1924 quomodo
1144 1840 1205 1907 huc

67 1948 236 2014 ceciderim
260 1964 381 2030 quaere.
420 1945 465 2011 ite
487 1947 635 2028 quoniam
658 1945 795 2011 fatemur
817 1948 849 2010 et
863 1944 925 2009 fide
941 1943 1096 2011 catholice
1119 1947 1203 2009 tene·

68 2070 134 2117 mus
163 2051 204 2116 de
239 2054 329 2116 reatu
358 2051 479 2131 peccati
507 2052 670 2131 tamquam
701 2049 739 2114 de
768 2049 861 2131 putee
884 2049 981 2113 etiam
1004 2047 1129 2132 paruuli
1153 2048 1205 2112 in·

37 2155 163 2224 simus
199 2154 341 2220 animam
365 2152 481 2218 Christi
511 2153 613 2237 gratia
641 2151 846 2236 liberandam,
883 2152 962 2217 satis
992 2157 1039 2218 est
1063 2151 1092 2216 ei
1124 2153 1204 2232 quod

67 2262 194 2324 modurn
225 2275 286 2338 qno
315 2256 403 2322 salua
424 2255 481 2321 liat
502 2256 657 2340 nouimus,
690 2254 831 2321 etiamsi
855 2274 1027 2338 numquam
1049 2253 1203 2338 quomodo

66 2361 97 2426 in
126 2362 251 2426 malum
285 2360 363 2425 illud
396 2359 558 2424 deuenerit
589 2359 779 2424 nouerimus.
818 2360 872 2424 sed
901 2359 970 2425 ideo
1000 2359 1111 2440 putaui
1135 2376 1203 2423 esse

67 2465 289 2545 quaerendum,
313 2482 352 2528 ne
375 2463 455 2527 iorto
469 2481 504 2527 er
527 2462 591 2527 illis
613 2462 809 2545 opinionibus
830 2461 1056 2527 incarnationis
1079 2460 1203 2526 animae

68 2567 208 2650 aliquam
232 2572 395 2632 teneamus
417 2566 583 2648 incautius,
607 2583 687 2649 quae
710 2565 903 2631 liberandam
919 2583 1046 2646 prorsus
1062 2564 1202 2628 animam

38 2671 193 2753 aparuuli
217 2670 419 2748 contradicat,
443 2687 558 2752 negans
580 2687 647 2734 eem
671 2686 737 2733 esse
759 2668 791 2733 in
814 2667 877 2733 isto
895 2667 989 2732 malo.
1021 2667 1079 2732 hoc
1102 2666 1202 2750 igitur

67 2772 249 2838 firmissime
271 2772 405 2850 retenta
428 2770 510 2854 quod
533 2771 638 2836 anima
658 2769 786 2853 paruuli
803 2771 841 2835 de
864 2777 954 2835 reatu
976 2769 1100 2852 peccati
1122 2769 1203 2835 libe·

67 2876 164 2942 nuda
184 2878 246 2956 est,
268 2893 327 2941 nec
348 2875 411 2940 alio
433 2875 523 2939 medo
546 2872 707 2939 liberanda
724 2873 792 2938 nisi
816 2873 919 2957 gratia
937 2872 990 2937 dei
1011 2892 1066 2957 per
1096 2872 1203 2939 Iesum

67 2977 231 3044 Christum
261 2978 423 3044 dominum
451 2979 608 3056 nostrum,
638 2978 665 3041 si
687 2993 851 3058 pessumus
878 2975 975 3040 etiam
1005 2976 1104 3059 ipsius
1128 2976 1204 3042 meli

68 3099 194 3148 nomm
219 3085 251 3147 et
273 3083 427 3166 originem
447 3098 547 3160 nosse,
577 3081 753 3164 uaniloquis
776 3097 838 3145 non
865 3079 1121 3162 disputatoribus,
1152 3082 1206 3146 sed

39 3184 284 3270 alitigatoribus
305 3185 450 3270 paratius
468 3184 714 3267 instructiusque
736 3184 932 3266 resistimus;
965 3184 993 3249 si
1014 3187 1121 3249 autem
1144 3201 1207 3249 non

68 3306 246 3372 posumus,
276 3305 337 3354 non
359 3290 434 3372 quie
455 3290 534 3355 latet
556 3287 699 3354 miseriae
729 3286 918 3370 principium
940 3285 1010 3353 ideo
1031 3287 1206 3371 pigrescere

70 3393 162 3458 debet
196 3390 425 3459 misericordiae
458 3392 609 3459 officium.
647 3391 796 3457 adnmsue
829 3410 881 3456 eos
916 3394 1022 3457 subm
1057 3391 1111 3473 qui
1146 3390 1207 3455 sibi

69 3495 218 3561 uidentur
246 3495 328 3561 scire
356 3497 437 3579 quod
463 3497 606 3562 nesciunt
636 3495 695 3561 boc
718 3496 852 3561 tutiores
873 3512 993 3574 snmus,
1023 3491 1106 3576 quod
1128 3493 1208 3559 hanc

70 3598 282 3682 ignomntiam
314 3603 456 3664 nostram
487 3617 550 3665 non
586 3598 786 3681 ignoremua;
826 3597 911 3664 aliud
941 3599 989 3664 est
1017 3596 1102 3664 enim
1125 3597 1207 3679 quod

123 3824 137 3876 l
162 3822 313 3876 arraserit
336 3822 422 3887 PTo;
458 3829 523 3877 arete
546 3839 560 3876 s
583 3825 675 3876 rca2
700 3823 803 3877 lictis
826 3822 854 3876 P
960 3822 978 3875 2
1002 3836 1086 3876 unum
1110 3820 1140 3874 D

73 3906 272 3977 sompnium
290 3908 349 3961 (Μ
427 3908 742 3979 terminandam
820 3906 1022 3979 leliganterP
1100 3906 1207 3975 deum]

73 4007 131 4047 mm
151 3992 213 4047 G¹o
318 3992 516 4048 resonuerat
533 3993 596 4051 ΜΤ
695 3993 867 4064 loqueturT
971 3992 1003 4050 13
1021 3982 1133 4061 quaeras
1151 3990 1210 4047 Do

75 4075 139 4132 Pr·
234 4080 267 4134 14
284 4082 436 4148 tamquom
455 4095 484 4141 ,a
489 4082 570 4148 prior
581 4087 647 4145 m
663 4070 871 4143 dducam
961 4078 1067 4148 paruoli
1083 4077 1153 4143 DT3
1172 4079 1211 4132 sic

76 4197 171 4266 ubique
260 4199 292 4252 rb
310 4164 551 4269 quoiuododdquo
567 4205 603 4266 M
688 4208 723 4266 19
737 4201 879 4270 aliquali
963 4197 1103 4254 liberandi
1121 4200 1211 4269 Vpr.;

75 4282 119 4336 sed
135 4284 253 4352 sirm
268 4299 361 4348 eram
385 4285 518 4339 liberanda
534 4287 572 4348 Μ
666 4297 770 4364 anime
797 4287 822 4342 Τ
923 4285 955 4340 21
978 4285 1094 4340 firmisse
1119 4287 1145 4342 Τ

75 4369 107 4423 w
126 4372 260 4441 ponimns
281 4370 401 4426 D10Pc
500 4369 530 4426 dl
552 4392 726 4477 Qumis,
751 4374 860 4435 D¹G⁸o
963 4373 996 4428 sl
1015 4369 1212 4430 misericordiae

77 4454 150 4510 debet
168 4456 301 4511 DGPTc

1070 4564 1110 4619 3⁸
