2760 4814
255 301 421 371 Excerpta
438 317 473 355 er
491 317 562 371 opp.
581 301 609 357 S.
626 303 813 372 Augustini
837 303 1024 359 ccxxvml.
1143 306 1205 372 753

71 492 237 557 ostendere
260 512 292 556 se
314 493 418 575 ipsum
441 491 513 561 illis.
538 497 570 558 et
591 493 659 557 idco
682 491 754 557 uide
777 493 851 574 quid
874 495 1030 575 sequitur:
1064 495 1204 573 nolite,

72 594 187 677 inquit,
210 597 346 661 mirari
369 597 448 662 hoc.
478 595 552 678 quid
575 615 631 661 nos
654 595 800 677 prohibet
814 596 923 661 mirari
939 596 998 662 nisi
1023 597 1103 661 illud
1123 599 1204 679 quod

70 716 204 762 reuera
231 700 514 779 miramuromnis‚
544 700 596 781 qni
626 718 686 764 non
716 698 882 783 intellegit,
916 703 951 764 ut
983 700 1053 765 ideo
1088 701 1205 766 diceret

71 800 195 882 patrem
226 803 345 867 dedisse
373 804 400 867 ei
430 803 620 884 potestatem
654 806 685 865 et
719 800 869 866 iudicium
903 800 1022 881 lacere,
1056 803 1203 885 quoniam

45 903 158 972 sfilius
181 905 314 970 hominis
337 907 394 988 est,
423 926 494 971 cnm
517 906 618 989 magis
641 904 729 988 qnasi
752 905 810 969 hoc
832 911 1070 989 exspectaretur,
1094 910 1131 972 ut
1153 908 1202 971 di·

71 1011 165 1083 cenet,
190 1009 336 1090 qnoniam
366 1008 449 1073 lilius
478 1010 527 1073 dei
550 1011 623 1073 est?
654 1008 709 1073 sed
731 1008 807 1091 qnia
828 1006 930 1072 lilium
959 1010 1007 1074 dei
1031 1010 1202 1075 secundum

70 1110 106 1174 id
135 1112 216 1194 quod
246 1113 278 1176 in
306 1112 405 1180 lorma
434 1113 483 1177 dei
512 1113 650 1194 aequalis
682 1115 729 1176 est
757 1112 840 1194 patri
868 1112 973 1176 uidere
1007 1112 1107 1195 iniqui
1140 1132 1200 1178 non

69 1218 214 1295 possunt,
243 1215 364 1296 oportet
386 1218 502 1294 autem,
533 1216 568 1279 ut
596 1213 732 1279 iudicem
762 1216 908 1280 uiuorum
936 1221 968 1280 et
997 1216 1201 1292 mortuorum,

71 1333 147 1381 cum
169 1334 273 1382 coram
296 1318 526 1395 iudicabuntur,
559 1321 590 1382 et
612 1317 689 1382 iusti
712 1317 841 1382 uideant
868 1322 900 1384 et
921 1319 1035 1408 iniqui:
1064 1319 1201 1399 nolite,

31 1420 198 1503 numquit,
232 1423 300 1486 hoc
336 1422 491 1499 mirari,
526 1422 708 1505 quoniam
742 1422 876 1486 ueniet
913 1422 1020 1500 hora,
1059 1421 1096 1487 in
1131 1441 1203 1504 qua

70 1525 285 1607 omnesqui
307 1524 628 1590 inmonnmentis
650 1527 743 1590 sunt
766 1525 930 1591 audient
952 1543 1085 1591 nocem
1107 1526 1201 1601 eius,

70 1628 112 1690 et
134 1627 319 1709 prodient
345 1629 412 1709 qui
436 1631 530 1693 bona
558 1629 772 1711 gesserunt
799 1630 837 1693 in
867 1628 1201 1694 resurrectionem

70 1729 1200 1813 uitae,quimalagessernntinresurrectionemindicii.

68 1832 111 1897 ad
135 1830 193 1896 hoc
214 1850 286 1915 ergo
309 1836 480 1916 oportebat,
504 1833 622 1898 ntideo
639 1833 792 1914 occiperet
806 1833 896 1897 illam
913 1835 1111 1916 potestatem,
1128 1834 1202 1917 qnia

32 1935 157 2005 ofilius
186 1935 321 2001 hominis
351 1941 412 2012 est,
447 1938 484 2000 ut
511 1940 710 2019 resurgentes
745 1954 852 2000 omnes
885 1938 1028 2002 uiderent
1061 1956 1134 2001 enm
1167 1936 1201 2002 in

68 2042 183 2118 forma,
213 2040 246 2103 in
273 2057 335 2123 qna
356 2039 458 2104 uideri
481 2041 520 2105 ab
542 2039 687 2105 omnibns
715 2040 827 2121 potest,
851 2040 982 2105 sedulii
1006 2043 1045 2106 ad
1067 2041 1200 2106 damna-

68 2144 203 2220 tionem,
225 2143 281 2208 elii
304 2142 344 2208 ad
367 2142 465 2207 uitam
489 2147 656 2207 aeternam.
680 2161 758 2224 qnae
782 2143 828 2206 est
850 2146 956 2207 antem
980 2145 1045 2207 nita
1073 2145 1202 2209 aeterna

69 2248 134 2313 nisi
157 2247 214 2312 illa
235 2247 325 2323 nisio,
356 2263 434 2328 quae
464 2264 525 2310 non
558 2244 735 2310 conceditur
757 2245 887 2328 impiis?
915 2246 958 2309 nt
979 2248 1202 2329 agnoscant

70 2355 127 2430 te,
151 2351 261 2433 inquit,
284 2368 401 2413 unum
423 2366 556 2413 uerum
578 2348 688 2412 deum
710 2351 747 2412 et
774 2347 1200 2430 quemmisistilesum

32 2452 282 2523 anOhristum.
306 2453 458 2534 quomodo
481 2457 512 2516 et
535 2449 637 2532 ipsum
653 2450 814 2516 dominum
831 2449 991 2516 Christum
1013 2451 1075 2517 nisi
1091 2472 1200 2535 quem·

69 2557 240 2624 admodum
269 2575 366 2622 unum
393 2574 501 2621 uerum
530 2556 639 2632 deum,
676 2556 729 2638 qui
758 2554 898 2621 ostendit
929 2574 961 2620 se
988 2556 1092 2639 ipsum
1125 2557 1200 2637 illis,

71 2681 132 2729 non
148 2660 300 2744 quomodo
315 2679 349 2724 se
365 2660 500 2726 ostendit
513 2658 608 2724 etiam
623 2660 785 2742 puniendis
799 2659 835 2723 in
850 2659 950 2725 forma
965 2659 1023 2724 filii
1038 2659 1200 2726 hominis?

112 2762 294 2833 Secundum
309 2762 399 2828 illam
413 2762 563 2829 uisionem
576 2763 738 2838 bonusest,
754 2763 925 2828 secundum
938 2781 1031 2845 quum
1047 2764 1199 2828 uisionem

73 2869 148 2935 dens
176 2868 306 2949 apparet
338 2867 462 2931 mundis
498 2867 597 2943 corde,
630 2866 777 2948 quoniam
809 2884 923 2948 qnam
951 2868 1074 2931 bonus
1107 2867 1200 2932 deus

33 2971 231 3042 „Israhel
264 2972 391 3036 rectis
426 2970 552 3036 corde!
588 2974 709 3052 quando
744 2972 851 3035 autem
885 2971 1019 3036 iudicem
1049 2972 1202 3035 uidebnnt

73 3078 156 3160 mali,
180 3093 242 3140 non
271 3076 316 3140 eis
343 3074 498 3140 uidebitur
527 3073 643 3150 bonus,
679 3073 835 3156 quianon
858 3077 896 3139 ad
920 3092 992 3137 eum
1015 3072 1196 3155 gaudebunt

72 3182 172 3254 corde,
196 3178 251 3243 sed
274 3183 349 3242 tunc
377 3197 410 3242 se
433 3176 583 3261 plangent
606 3194 712 3241 omnes
741 3176 841 3240 tribus
871 3178 982 3253 terrae,
1017 3177 1046 3240 in
1071 3192 1199 3240 numero

68 3283 175 3370 itaque
198 3283 351 3349 malornm
373 3281 512 3346 omnium
535 3282 567 3345 et
589 3279 771 3345 infidelium.
805 3283 929 3362 propter
953 3280 1009 3343 hoc
1032 3279 1128 3343 etiam
1149 3278 1200 3344 illi

67 3390 121 3469 qui
145 3406 218 3455 eum
242 3386 361 3453 dixerat
382 3385 572 3469 magistrum
593 3383 711 3447 bonnm
733 3400 884 3467 quaerens
906 3382 945 3447 ab
968 3400 1003 3446 eo
1033 3383 1198 3447 consilium

11 3490 301 3572 ”consequendae
323 3488 408 3552 uitae
430 3491 575 3552 aeternae
596 3485 773 3567 respondit:
796 3484 890 3567 quid
912 3503 985 3563 me,
1008 3483 1119 3567 inquit,
1143 3486 1198 3549 in-

59 3588 255 3676 terroges
278 3590 323 3656 de
346 3592 464 3657 bono?
486 3607 596 3656 nemo
619 3591 739 3655 bonus
762 3586 842 3652 nisi
865 3605 965 3652 unus
987 3587 1101 3666 deus,
1126 3606 1197 3653 cnm

56 3874 74 3929 l
174 3794 353 3861 salulate
438 3792 534 3848 atre
551 3793 620 3858 ‘121
708 3789 960 3858 ἳῗοί-Δροαῌ
1045 3789 1081 3845 30
1097 3789 1199 3845 Meton.

77 3881 164 3950 8,ss

120 4067 291 4124 liminium
310 4065 348 4120 V:
376 4065 492 4120 miratur
510 4080 529 4118 a
629 4063 660 4118 11
686 4077 777 4117 omnes
795 4063 819 4130 (a
836 4076 872 4119 aa
888 4063 899 4116 i
916 4078 986 4119 corr.
1005 4078 1039 4116 m.
1058 4066 1084 4127 1)
1106 4063 1133 4118 V

59 4142 102 4208 22
120 4152 174 4208 alii
190 4170 222 4208 o:
251 4151 293 4207 nli
317 4151 344 4206 V
441 4151 475 4204 23
497 4149 582 4204 bonus
597 4166 630 4203 o:
660 4147 759 4203 bonum
781 4147 808 4204 V
906 4149 941 4204 28
963 4148 1055 4218 itaque
1076 4147 1112 4202 V:
1143 4149 1199 4204 nti·

63 4247 121 4305 que
139 4256 159 4295 a
259 4240 291 4294 31
316 4255 375 4294 enm
393 4255 423 4292 a:
453 4253 513 4292 enm
535 4236 562 4291 V

120 4341 215 4399 vnn.
1058 4337 1093 4391 48
