2760 4814
273 331 437 402 uxcerpoa
455 349 491 389 η
509 349 578 404 opp.
599 336 625 390 a.
643 336 724 406 nug.
745 333 954 391 occmvun.
972 316 1123 391 coum
1182 335 1266 403 1047

486 595 533 642 Du
556 594 667 643 CAECO
688 594 780 642 Duco:
802 594 915 643 caucl.

179 728 269 811 Quod
292 730 437 797 dominus
459 731 549 797 dicit:
572 730 763 815 numquid
786 733 919 813 potest
941 748 1082 797 caecus
1105 724 1338 797 caecumddd

132 829 303 899 ducere?
324 851 448 898 uonna
471 832 583 899 ambo
605 833 648 899 in
670 832 823 899 foueam
852 831 1018 899 cadent?
1046 832 1179 899 formose
1207 833 1266 899 boo

134 932 206 998 ideo
229 934 434 1017 subiunrorit,
456 954 495 1001 no
516 938 680 1019 sperarent
702 954 721 1000 a
742 935 864 1001 Leuitis
893 933 960 1021 (se)
988 953 1055 1000 esse
1083 939 1267 1020 accepturos

108 1055 313 1104 smensuram
327 1038 429 1116 illam,
445 1039 484 1104 de
498 1057 560 1122 qua
574 1039 670 1104 dixit:
686 1039 834 1105 dabunt
855 1040 895 1104 in
917 1039 1048 1105 sinum
1069 1041 1265 1122 uestrum,

134 1140 284 1222 quoniam
306 1140 385 1226 ipsis
407 1143 541 1208 decimas
563 1141 691 1209 dabant.
729 1160 804 1224 quos
826 1158 934 1208 meaos
955 1140 1044 1220 dixit,
1067 1140 1142 1224 quia
1170 1158 1266 1206 ouan-

134 1242 254 1327 gelium
283 1261 346 1308 non
373 1246 496 1324 tenent,
526 1245 564 1311 ut
591 1246 682 1311 illam
708 1245 994 1312 remunerationem
1014 1264 1071 1328 per
1093 1243 1266 1328 discipulos

133 1345 255 1412 domini
283 1348 390 1430 potius
418 1348 505 1431 plebs
535 1347 688 1431 inciperet
715 1348 779 1413 iam
813 1365 946 1430 sperare,
982 1365 1058 1431 quos
1090 1348 1267 1414 imitatores

133 1467 208 1515 suos
236 1451 344 1517 uolens
371 1451 530 1517 ostendere
558 1451 678 1518 addidit
707 1452 821 1520 otiam:
855 1469 931 1518 non
958 1456 1019 1517 est
1046 1450 1267 1534 discipulus

95 1571 251 1637 iusuper
274 1555 536 1639 magistrum]

604 1841 804 1928 GOGXXX.

145 2030 150 2038 '
171 2034 220 2082 Dr:
242 2032 349 2080 MAGIS
370 2032 576 2081 annualibus·
608 2035 654 2080 bx
675 2032 779 2081 LIBRO
802 2032 1048 2093 QVAESTIONVM
1071 2034 1232 2081 LXXXIIII.

178 2170 251 2236 Non
285 2172 405 2254 oportet
433 2172 563 2251 moueri,
594 2191 666 2237 cum
695 2171 831 2255 magicis
858 2171 980 2237 artibus
1009 2170 1160 2236 miracula
1187 2162 1342 2234 omboes

135 2274 320 2360 plerumque
349 2274 466 2340 similia
494 2275 665 2354 miraculis,
694 2293 774 2358 quae
802 2274 883 2340 fiunt
911 2293 965 2358 per
1000 2274 1125 2339 sanctu
1158 2288 1265 2338 ceruos

97 2407 126 2449 m
136 2377 199 2456 dei,
214 2377 296 2443 siout
310 2378 463 2461 scriptum
478 2379 527 2444 est
540 2380 574 2445 iu
589 2378 726 2453 Exinde,
744 2380 824 2460 quod
840 2379 925 2462 magi
936 2376 1112 2442 Pharaonis
1127 2375 1267 2440 fecerunt

135 2481 290 2546 nonnulla
311 2480 469 2559 similiter,
492 2482 576 2547 siout
598 2480 676 2547 fecit
696 2481 829 2564 Moyses.
867 2499 930 2547 non
952 2499 1023 2564 orgo
1046 2480 1122 2545 haec
1144 2480 1266 2561 oportet

136 2584 272 2659 miraris
289 2584 362 2665 quia
383 2584 488 2649 omnia
510 2601 588 2667 quae
610 2584 778 2650 miribiliter
808 2583 888 2649 finnt
910 2583 1008 2649 etiam
1029 2601 1084 2666 por
1105 2582 1269 2648 inferiores

136 2686 311 2770 potestates
333 2686 414 2752 aeria
435 2686 528 2751 buius
550 2704 612 2751 uon
634 2688 767 2753 absurdo
789 2686 858 2753 fieri
882 2704 972 2770 posse
996 2687 1176 2752 creduntur.
1213 2685 1268 2750 aed

136 2788 198 2855 boo
225 2789 366 2866 interest,
395 2790 486 2872 quod,
510 2808 582 2855 cum
604 2791 705 2857 sancti
735 2790 813 2856 talia
841 2790 964 2857 faciunt
992 2788 1027 2853 in
1055 2789 1181 2854 nomine
1210 2787 1269 2863 dei,

99 2910 157 2962 na
185 2894 242 2958 deo
273 2895 412 2958 omnium
440 2912 546 2958 rerum
576 2892 614 2959 de
643 2894 881 2962 sublimioribus
910 2894 1112 2977 apparatibus
1139 2890 1266 2955 iubetur

135 2994 280 3061 inferiori
313 2998 488 3074 creaturae;
522 3015 594 3062 cnm
628 3001 735 3063 autem
770 2997 826 3063 alii
854 2996 996 3063 homiues
1025 2996 1118 3061 malis
1146 2995 1268 3061 artibus

138 3101 307 3182 operantur
335 3099 462 3177 similia,
488 3100 522 3164 in
551 3118 662 3166 manus
684 3119 756 3166 suas
779 3102 901 3178 dantur,
924 3119 997 3165 cum
1020 3099 1228 3166 exaudiuntur
1249 3116 1268 3161 a

136 3202 350 3268 daemonibus.
374 3203 461 3287 digni
482 3205 557 3269 sunt
578 3208 672 3287 enlm,
696 3204 749 3286 qui
772 3205 831 3270 tali
848 3203 1046 3270 exauditione
1062 3201 1267 3286 decipiantur,

135 3307 175 3369 nt
204 3322 303 3388 poena
331 3306 397 3372 illis
426 3307 484 3373 fiat
504 3307 563 3372 boc
592 3310 671 3390 quod
701 3308 847 3373 uidentur
875 3307 1043 3389 impetrare
1071 3304 1268 3379 beneficium,

136 3575 177 3632 Eg
205 3489 258 3629 ⁷2
284 3490 350 3547 Luc.
372 3492 398 3558 6,
418 3491 453 3546 39
556 3493 572 3547 5
600 3493 664 3546 Luc.
688 3492 713 3558 6,
731 3493 766 3547 38
868 3493 885 3547 9
911 3490 974 3546 Luc.
997 3491 1022 3558 6,
1040 3490 1075 3545 40
1179 3490 1211 3545 15
1237 3490 1271 3545 cf.

179 3614 185 3626 .
223 3577 282 3643 ‚11

190 3747 283 3816 lcap.
296 3746 450 3804 CCCLVP
478 3747 645 3804 CCCLXIG
674 3747 833 3805 CCCLVIo
927 3764 1002 3804 caeco
1015 3747 1076 3802 duci
1089 3764 1165 3803 caeco
1178 3750 1205 3805 P

135 3831 391 3902 decessoampsi:
419 3835 535 3887 csseGo
565 3850 592 3888 se
610 3851 629 3888 a
723 3835 926 3903 dquoniama:
954 3835 1141 3904 quiquoniam
1155 3836 1203 3892 Ga

135 3917 240 3972 dabunt
258 3918 331 3975 G'o:
361 3918 464 3973 dabunt
483 3921 520 3975 θ’
620 3921 683 3989 quia
700 3938 732 3974 a:
761 3920 809 3989 qui
829 3920 877 3977 Go
974 3921 1005 3974 ll
1024 3936 1084 3990 cap.
1103 3919 1230 3977 ccum
1247 3920 1275 3974 P

135 4000 281 4059 cecum
311 4004 336 4061 θ
463 4006 495 4058 15
521 4005 622 4059 oxhodo
648 4005 721 4059 MV:
757 4004 838 4060 exodo
865 4005 921 4061 GP
1045 4006 1079 4060 16
1104 4005 1170 4061 haec
1195 4005 1271 4060 MV:

135 4090 189 4143 boc
207 4088 234 4143 P
323 4090 357 4145 18
373 4092 520 4159 potestates
539 4098 577 4157 (aa
595 4107 631 4145 cx
646 4090 671 4144 in
688 4106 757 4145 corr.
770 4108 805 4145 m.
818 4095 844 4159 1)
865 4091 892 4148 V
980 4091 1015 4147 ΞΟ
1031 4091 1139 4147 iubetur
1156 4092 1185 4159 lb
1203 4107 1236 4146 a
1253 4107 1271 4143 n

134 4190 205 4230 corr.
225 4176 347 4243 ou1)V
448 4175 480 4230 21
504 4176 638 4231 inferiori·
656 4181 680 4243 (s
698 4180 765 4245 rua.)
787 4178 816 4232 P
917 4178 966 4234 alii
989 4178 1063 4233 MV:
1092 4178 1158 4233 mali
1176 4178 1204 4233 P

133 4262 171 4317 23
190 4261 268 4332 digni
287 4261 362 4332 sunt]
380 4263 491 4331 explicit
509 4263 566 4317 cod.
586 4281 603 4319 o
