2760 4814
194 313 258 378 636
675 309 840 380 Eugippii

194 504 380 583 quapropter
402 518 449 564 res
471 499 595 583 quidam
618 501 753 583 agendas
775 519 831 582 pro
846 499 950 564 nostro
967 500 1059 581 captu
1075 498 1216 566 ordinare
1231 502 1323 567 debe-

194 623 274 668 mus.
315 621 390 687 quas
412 621 447 667 eo
471 604 572 681 modo,
603 621 663 686 quo
693 603 871 682 statuimus,
899 602 926 666 si
950 621 1096 686 peragere
1118 604 1323 686 potuerimus,

193 725 254 771 non
289 707 358 772 ideo
393 706 595 791 gaudeamus,
629 705 702 788 quia
734 705 834 785 nobis,
869 707 923 770 sod
953 708 1025 789 quia
1048 707 1104 770 deo
1126 706 1172 771 sio
1194 724 1250 772 aas
1272 707 1324 789 agi

193 809 328 895 placuit3
362 811 389 874 si
419 813 523 875 autom
546 808 653 892 aliqua
678 810 824 874 inciderit
847 809 1024 892 necessitas,
1055 828 1116 892 qua
1138 813 1248 874 noster
1271 811 1324 875 illo

194 912 266 977 ordo
289 915 443 992 turbetur,
466 913 629 978 flectamur
652 912 753 989 facile,
777 932 815 977 ne
838 912 1027 995 frangamur,
1057 914 1104 993 ut,
1129 933 1225 995 quom
1247 913 1357 978 deuse

193 1022 298 1082 nostro
329 1018 515 1100 praeposuit,
546 1017 612 1099 ipso
643 1015 686 1079 sit
708 1017 824 1081 noster.
863 1017 989 1098 aequius
1020 1018 1068 1081 est
1090 1016 1183 1096 onim,
1208 1019 1246 1081 ut
1268 1036 1324 1082 nos

192 1121 258 1185 eius
281 1138 376 1202 quam
398 1121 435 1184 ut
462 1119 518 1184 ille
542 1120 683 1183 nostram
705 1120 901 1184 uoluntatem
924 1122 1081 1201 sequatur,
1105 1120 1178 1202 quia
1201 1124 1235 1186 et
1252 1123 1325 1188 ordo

193 1225 382 1306 agendarum
405 1243 518 1307 rerum,
541 1242 633 1306 quom
657 1241 712 1288 nos
734 1241 789 1305 pro
812 1223 939 1289 arbitrio
962 1230 1067 1289 tanaro
1090 1225 1248 1299 nolumus,
1272 1225 1327 1291 illo

193 1329 300 1410 utiquo
323 1328 538 1411 approbandus
560 1328 617 1404 ost,
647 1327 701 1391 ubi
731 1328 850 1409 potiora
878 1329 1058 1409 procedunt.
1096 1346 1151 1393 cur
1173 1347 1248 1412 ergo
1271 1346 1327 1393 nos

193 1433 332 1495 dolemus
354 1431 494 1494 homines
518 1448 536 1493 a
558 1431 682 1495 domino
706 1430 762 1495 deo
793 1431 881 1496 tanto
904 1432 1022 1514 potiore
1043 1431 1199 1514 praecedi,
1230 1434 1269 1497 ut
1291 1452 1362 1498 eoru

192 1533 269 1616 ipso,
293 1552 351 1616 quo
371 1536 512 1598 nostrum
527 1553 670 1599 amamus
686 1535 836 1613 ordinem,
861 1535 1029 1599 inordinati
1052 1553 1119 1599 esso
1135 1535 1328 1617 cupiamus?

193 1655 283 1701 nemo
314 1637 396 1701 enim
429 1637 542 1702 melius
572 1637 694 1703 ordinat
724 1638 798 1720 quid
829 1641 913 1723 agat,
943 1639 1006 1702 nisi
1037 1640 1091 1722 qui
1112 1639 1255 1722 paratior
1278 1644 1328 1705 ast

192 1758 250 1804 non
283 1760 374 1823 agore
405 1745 485 1824 quod
516 1740 622 1805 diuina
652 1743 805 1823 potestate
835 1742 1027 1825 prohibetur,
1057 1761 1151 1824 quam
1181 1743 1328 1825 cupidior

192 1862 283 1928 agere
318 1843 400 1926 quod
437 1845 576 1909 humana
613 1846 801 1927 cogitatione
838 1846 1019 1924 meditatur,
1062 1848 1135 1929 quia
1172 1847 1328 1913 multae

192 1947 461 2032 cogitationes
490 1950 584 2012 sunt
612 1948 652 2012 in
682 1952 796 2013 corde
823 1949 919 2026 uiri,
950 1949 1167 2015 eonsilium
1189 1955 1365 2019 autemus

192 2052 343 2116 domiui
365 2055 494 2116 manet
516 2052 553 2115 in
576 2055 786 2117 aeternum.

235 2172 268 2238 Si
292 2176 396 2238 autem
422 2174 458 2237 de
480 2173 584 2255 aliquo
606 2177 709 2238 errato
732 2178 837 2237 nostro
853 2175 904 2238 uel
919 2177 1045 2256 peccato
1062 2192 1118 2239 nos
1133 2176 1326 2241 maestitudo

193 2277 438 2359 comprehendit,
461 2296 521 2341 non
545 2279 670 2342 tantum
686 2277 920 2341 meminerimus
942 2277 1129 2341 sacrificinm
1148 2277 1205 2341 deo
1228 2279 1327 2359 spiri·

191 2381 261 2443 tum
295 2398 362 2444 esse
390 2379 649 2460 contribulatum,
683 2379 737 2445 aad
766 2381 863 2444 etiam
895 2380 985 2459 illud,
1021 2382 1093 2461 quia
1115 2383 1197 2445 siout
1217 2400 1326 2463 aqua

191 2482 342 2565 ignem,
365 2484 411 2547 sic
432 2483 657 2565 elemosyna
679 2482 889 2564 extinguet
911 2487 1131 2566 peccatum,
1155 2484 1205 2549 et:
1228 2487 1363 2566 quiaro

192 2584 524 2663 misericordiam,
547 2584 662 2667 inquit,
686 2585 776 2649 uolo
799 2604 911 2668 qnam
932 2585 1200 2651 sacrificium.
1239 2588 1324 2652 sicut

192 2705 273 2769 ergo,
296 2687 324 2751 si
346 2687 597 2770 periclitaremur
618 2688 771 2768 incendio,
796 2688 835 2754 ad
850 2708 962 2771 aquam
985 2690 1094 2772 utique
1116 2708 1323 2769 curreremus,

295 2893 327 2947 14
350 2892 428 2946 Pron.
454 2892 494 2957 19,
517 2891 549 2946 21
655 2892 688 2946 18
711 2891 866 2957 etPsoo,
885 2893 918 2947 19
1022 2893 1254 2960 maculato

191 2978 365 3042 fflffidss

244 3170 354 3237 leapto
372 3170 400 3222 A
498 3168 594 3237 2quo]
614 3167 685 3237 quod
703 3168 741 3222 ΡΙ
840 3169 1006 3223 4incedorit
1023 3170 1051 3224 A
1148 3171 1322 3225 dflmtamus

191 3255 219 3309 A
247 3255 385 3308 flectemur
403 3255 440 3308 P¹
545 3253 623 3308 facila
640 3255 725 3311 APo:
749 3254 834 3309 facere
856 3254 882 3309 V
977 3262 1041 3325 post
1058 3256 1137 3311 facile
1153 3273 1209 3311 raa.
1227 3261 1246 3311 4
1265 3259 1320 3312 litt.

191 3343 220 3397 P
321 3342 361 3410 ut]
380 3344 408 3394 ot
426 3343 453 3396 A
555 3342 573 3396 6
596 3343 697 3411 nostro]
719 3342 798 3396 nobis
821 3359 837 3399 o
940 3359 1039 3412 aequus
1063 3344 1091 3398 P
1189 3344 1204 3397 7
1227 3349 1323 3399 nostm

189 3428 217 3481 A
321 3444 461 3498 aequamur
488 3428 516 3482 P
617 3427 634 3480 8
658 3430 746 3498 quem]
770 3428 837 3483 add.
861 3429 898 3484 P‘
920 3447 996 3498 capr.
1019 3446 1092 3484 aera.
1196 3446 1244 3484 uos
1273 3446 1322 3500 pro

189 3512 291 3569 AMV:
318 3520 410 3570 nostro
429 3516 473 3570 Po
558 3514 749 3583 dpraacodunt
762 3517 832 3570 APo
920 3518 952 3571 10
970 3517 1068 3586 potiori
1082 3517 1136 3571 P'o
1222 3517 1254 3570 11
1274 3533 1323 3572 uo·

189 3600 247 3653 stro
273 3601 301 3654 A
402 3600 495 3655 ordina
521 3601 580 3655 AV
681 3602 714 3656 12
739 3602 845 3673 melius]
864 3620 914 3657 om.
938 3621 955 3659 o
1059 3604 1093 3657 14
1117 3602 1242 3672 humana]
1268 3620 1323 3659 nou

190 3699 278 3739 uuae
374 3686 534 3754 cogitationi
552 3687 581 3741 P
676 3687 821 3743 meditator
838 3689 877 3744 Ρι
981 3690 1015 3743 15
1032 3689 1206 3758 cogitationis
1224 3690 1251 3744 A

189 3767 312 3858 oonsiirm
324 3804 357 3873 (li
368 3805 434 3860 add.
447 3823 481 3864 m.
494 3810 525 3875 2)
542 3809 569 3861 A
662 3808 695 3862 16
713 3808 800 3863 manit
817 3810 846 3863 A
931 3812 1079 3881 aeternnm]
1098 3814 1205 3866 toruum
1223 3812 1252 3867 P

192 3890 224 3944 17
246 3893 386 3946 orrath
486 3894 591 3965 nostro]
613 3910 706 3950 omo
808 3897 842 3952 18
860 3896 1076 3966 compraehendit
1093 3898 1121 3952 A
1223 3901 1321 3955 mami-

189 3975 307 4032 norimus
332 3978 412 4045 (imus
435 3994 471 4035 ca
493 3982 545 4034 unt
561 3982 642 4048 corr.)
666 3981 694 4035 P
796 3981 925 4036 sacrificio
948 3983 976 4036 A
1080 3983 1216 4053 19111ud]
1239 3985 1322 4042 illum

189 4079 207 4119 o
313 4064 348 4117 20
374 4063 424 4133 sic]
451 4065 535 4122 itae
644 4068 794 4137 elemosyna
815 4068 842 4120 V
868 4069 1012 4123 elemosina
1037 4069 1080 4125 Pu
1182 4072 1324 4141 extinguit

189 4149 234 4206 Po
336 4148 367 4205 21
388 4151 482 4220 inquid
500 4151 567 4206 AP¹
664 4153 727 4207 uolo
746 4155 837 4224 quam]
856 4157 884 4208 ot
901 4171 989 4210 nono
1091 4157 1126 4210 22
1143 4161 1322 4231 caneremus]

189 4251 378 4291 cucuromuso
