2760 4814
127 297 190 363 618
606 293 773 362 nugrppm

129 486 279 550 ecclesiae
303 502 364 549 non
386 484 481 549 babet
503 504 559 550 666
573 485 713 550 Christus
736 490 766 549 et
789 486 821 548 in
844 485 965 548 unitate
987 484 1138 549 ecclesiae
1162 485 1255 549 habet

128 608 185 654 sua
214 588 378 653 diabolus?
408 589 466 653 hoc
498 589 628 653 fortasse
658 592 694 653 de
718 588 895 652 hominibus
918 588 981 651 dici
1004 590 1117 668 potest,
1154 594 1190 651 ut
1212 587 1253 653 sio

128 698 214 755 extra
237 691 383 756 ecclesiae
402 693 651 756 communionem
667 709 727 755 non
744 691 857 755 habeat
874 692 947 755 dens
963 690 1100 772 aliquem
1117 709 1252 764 suorum,

128 794 211 859 sicut
234 797 315 858 inter
334 795 462 879 angelos
478 804 601 859 sanctos
617 813 677 858 non
694 795 789 859 habet
804 794 945 859 diabolus
962 795 1099 877 aliquem
1116 812 1251 875 snorum,

128 898 369 963 6001661666606
402 899 482 973 huic,
516 916 592 980 quae
626 898 726 962 adbuc
758 899 859 962 earnis
889 898 1116 962 mortalitatem
1141 901 1278 979 portate

129 1002 276 1084 quamdiu
314 1002 528 1083 peregrinatur
564 1021 583 1065 a
620 1001 761 1077 domino,
801 1001 923 1065 licuerit
960 999 1084 1065 diabolo
1122 1000 1251 1064 miscere

128 1104 253 1180 zizania,
278 1104 335 1167 hoc
357 1107 405 1169 est
418 1107 516 1169 malos
538 1104 690 1181 homines,
714 1110 745 1167 et
760 1106 927 1184 permissus
950 1106 992 1167 sit
1007 1106 1135 1185 propter
1159 1104 1252 1185 ipsius

129 1208 275 1273 ecclesiae
297 1209 584 1290 peregrinationem,
608 1212 643 1272 ut
667 1208 787 1290 requies
810 1209 896 1273 illins
920 1209 1049 1290 patriae,
1073 1225 1137 1288 qua
1154 1205 1251 1270 sancti

130 1313 232 1395 angeli
267 1311 477 1392 pertruuntur,
512 1311 740 1375 desideraretur
774 1311 943 1375 ardentius.
981 1311 1018 1374 de
1051 1308 1251 1375 sacramentis

130 1419 236 1480 autem
271 1415 329 1479 boc
362 1415 424 1479 dici
457 1432 518 1479 non
552 1416 663 1496 potest.
702 1414 783 1478 61061
818 1415 902 1478 enim
925 1432 961 1477 66
982 1414 1112 1495 possunt
1142 1411 1277 1479 beborna

130 1517 223 1600 atque
258 1520 393 1581 tractare
424 1519 547 1581 66661
571 1518 715 1597 salutem,
749 1518 802 1581 sed
826 1518 865 1582 ad
889 1516 1057 1598 perniciem
1084 1535 1187 1593 suam,
1222 1514 1251 1578 in

130 1638 192 1702 qua
224 1621 287 1700 igni
318 1621 473 1685 destinata
504 1623 586 1697 sunt,
622 1621 770 1684 interiora
800 1620 927 1691 zizania,
962 1621 1005 1682 sio
1040 1620 1073 1682 61
1106 1619 1252 1684 exteriora

131 1723 265 1800 zizania,
300 1741 377 1804 quae
410 1725 448 1789 ab
481 1723 679 1788 interioribus
712 1723 922 1788 recedentibus
956 1724 1151 1804 acceperunt,
1185 1721 1253 1804 quia

130 1825 307 1890 recedentia
329 1843 390 1890 non
414 1826 597 1891 amiserunt.
630 1829 710 1909 quod
733 1830 797 1892 sine
814 1828 907 1891 dubio
930 1826 1161 1903 manifestatur,
1185 1842 1253 1891 curn

130 1931 328 1996 redeuntibus
357 1949 417 1995 non
446 1932 631 2007 restituitur,
664 1936 784 2014 qnando
814 1933 893 1995 forte
917 1933 1028 2012 aliquis
1052 1949 1087 1994 ex
1110 1931 1155 1994 eis
1179 1928 1278 2012 ipsisu

131 2033 184 2114 qui
200 2038 390 2099 recesserant
406 2036 616 2100 reuertuntur.
647 2055 704 2100 nec
720 2035 883 2117 quisquam
902 2034 1028 2099 dixerit:
1055 2033 1151 2118 „qnid
1174 2032 1256 2096 enim

132 2136 282 2201 frumenti
298 2138 391 2203 habet
406 2138 561 2204 61666161ιι
586 2139 613 2203 si
631 2141 714 2203 enim
737 2140 793 2204 lroc
816 2142 859 2205 ita
883 2142 940 2216 661,
964 2143 995 2203 61
1018 2138 1102 2201 16166
1127 2140 1160 2200 61
1183 2134 1256 2200 16016

131 2240 170 2306 61
193 2243 252 2306 hoc
275 2244 439 2308 dumtaxat
461 2261 517 2326 par
532 2244 667 2308 condicio
684 2247 741 2307 est.
772 2262 871 2325 neque
894 2244 975 2307 enim
999 2241 1032 2305 in
1054 2242 1181 2305 zizaniis
1206 2256 1256 2301 ex-

131 2345 297 2410 terioribus
328 2364 387 2410 non
416 2348 617 2411 inueniuntur
639 2366 737 2430 grana
759 2347 909 2411 frumenti
930 2347 963 2410 et
992 2345 1023 2408 iu
1055 2341 1256 2407 interioribus

132 2451 339 2513 inueniuntur.
379 2451 415 2513 de
438 2454 627 2514 sacramento
650 2452 755 2513 autem
778 2467 848 2513 cum
872 2449 1041 2530 quaeritur,
1066 2466 1125 2510 non
1151 2452 1304 2513 utrumn*

132 2551 268 2616 habeant
289 2552 407 2634 aliquid
430 2553 578 2617 frumenti
602 2553 717 2616 zizania
731 2552 898 2634 quaeritur,
922 2552 974 2615 sed
996 2552 1103 2614 utrum
1119 2548 1257 2612 habeant

133 2655 250 2736 aliquid
267 2656 353 2719 06611.
379 2659 411 2720 61
429 2656 631 2720 exterioribus
655 2655 738 2719 enim
761 2662 792 2719 et
815 2655 1013 2719 interioribus
1038 2654 1163 2717 zizaniis
1187 2668 1258 2715 cum

133 2759 200 2842 ipso
222 2757 326 2822 tritico
349 2762 396 2823 est
418 2762 527 2841 pluuia
549 2760 732 2837 communis,
764 2778 840 2841 quae
868 2758 1010 2824 caelestis
1033 2754 1189 2821 61161616
1212 2755 1259 2817 661

133 2862 210 2946 ipsa,
244 2862 388 2928 etiamsi
412 2882 446 2927 ex
470 2883 505 2928 ea
527 2863 647 2928 zizania
677 2862 823 2927 steriliter
852 2867 1008 2926 crescunt:
1042 2859 1258 2924 610616666-

187 3154 199 3205 1
220 3151 343 3205 ecclesiae
363 3151 452 3221 habet]
473 3168 494 3204 6.
513 3154 530 3204 01
549 3151 629 3204 habet
647 3153 674 3207 P
775 3154 792 3206 2
815 3152 946 3220 diabolus]
966 3154 993 3204 et
1011 3150 1132 3203 diabolus
1151 3151 1190 3203 A¹

133 3252 176 3322 de]
196 3258 223 3307 61
240 3254 272 3308 16
291 3254 319 3308 Ρ
403 3255 451 3324 610]
471 3256 494 3307 61
511 3255 539 3309 Α
630 3255 776 3309 3106166661
794 3256 821 3317 (b
839 3272 905 3309 (06.0
926 3254 953 3307 Ρ
1039 3251 1199 3305 4diabolus
1218 3259 1259 3316 (66

133 3357 242 3425 laras.)
262 3358 289 3411 P
375 3359 481 3427 516610]
500 3375 584 3413 ortuo
670 3359 861 3427 6quamdioA
948 3355 1153 3425 peregrinantur
1166 3356 1193 3408 P

135 3459 149 3511 7
169 3462 277 3529 zyzania
294 3460 322 3514 P
425 3461 441 3514 9
462 3447 655 3516 desideraretur
672 3465 714 3530 (06
731 3461 870 3526 (161662)
888 3461 913 3513 P
1018 3460 1050 3511 12
1073 3456 1206 3511 distinata
1224 3456 1259 3510 P¹

134 3562 264 3615 destinati
281 3577 297 3615 u
394 3564 502 3635 6166616]
526 3535 633 3635 66166616
651 3565 678 3619 P
695 3566 744 3629 (610
761 3564 876 3631 senape-r)
895 3566 959 3615 sunt
977 3560 1080 3612 zizania
1097 3562 1124 3612 A
1222 3559 1259 3628 61]

135 3696 220 3736 omo
304 3684 498 3741 exteriorumo
592 3688 624 3738 lb
641 3650 799 3738 0661116116(
818 3685 844 3737 Α
937 3682 1035 3749 aliquis
1054 3680 1148 3733 APV:
1177 3681 1262 3748 aliqui

134 3800 152 3839 v
233 3784 407 3842 1711616616
487 3790 869 3859 6116166]616166606661]
885 3788 910 3839 P
999 3783 1195 3853 ltlborJhuer

135 3922 185 3976 660
196 3905 324 3976 condicio]
338 3923 383 3975 per
395 3908 571 3962 conditionem
584 3928 599 3963 6
696 3911 727 3963 19
740 3908 834 3978 grana]
848 3891 897 3926 '¹⁰¹⁸
909 3890 992 3992 grana
1005 3906 1094 3972 (signa
1106 3905 1171 3958 add.
1186 3923 1221 3959 m.
1233 3909 1264 3971 2)

136 4026 165 4083 P
265 4028 487 4081 absscedente
512 4030 538 4082 P
644 4030 676 4084 21
701 4028 813 4097 aliquid]
838 4032 865 4080 et
891 4025 993 4094 aliquid
1017 4026 1043 4078 A
1148 4024 1267 4079 habeant

136 4132 228 4199 (6116
244 4142 309 4197 ras.)
331 4133 357 4185 P
458 4133 491 4186 23
514 4137 663 4189 cummunis
682 4136 709 4190 A
811 4134 845 4185 24
867 4132 906 4199 ea]
926 4148 975 4185 om.
995 4128 1021 4181 V
1120 4129 1267 4183 esteriliter

136 4240 162 4303 (6
179 4240 244 4303 raa.)
263 4237 289 4290 A
391 4236 585 4304 euangeliicum
603 4237 631 4292 P
