2760 4814
208 556 291 625 1058
687 547 851 617 Eugippii

208 748 360 829 quaedam
383 742 571 807 documenta
591 740 655 804 iam
679 740 753 804 data
775 739 848 818 6161,
871 755 907 803 eu
922 730 1035 821 quibus
1048 734 1149 800 liceat
1164 734 1333 800 coniectare

208 849 350 915 maiora?
379 864 454 910 nam
476 844 505 909 61
527 844 626 909 uestis
648 842 883 908 Israhelitarum
904 858 962 923 par
984 843 1034 905 tot
1048 857 1149 905 aunos
1164 837 1199 904 16
1215 839 1335 904 heremo

206 955 272 1017 siue
302 950 418 1016 tritura
448 966 512 1014 6666
544 946 658 1030 potuit,
692 948 718 1010 61
751 944 919 1010 morticina
943 941 1036 1027 pellis
1059 942 1334 1009 calciamentorum

207 1054 329 1120 tamdiu
351 1053 417 1117 sino
439 1053 509 1118 labe
531 1051 666 1127 durauit,
688 1048 922 1133 potestatique
944 1046 1020 1113 deus
1042 1045 1263 1129 quorumlibet
1276 1062 1334 1113 cor·

208 1174 317 1239 porum
346 1174 403 1237 per
432 1156 583 1238 quantum
614 1154 749 1220 uoluerit
772 1155 896 1235 tempus
918 1151 1131 1234 incorruptam
1153 1152 1362 1233 protenderet

208 1260 405 1343 qualitatem.
442 1277 499 1340 ego
522 1258 649 1341 proinde
672 1256 791 1320 domiui
814 1274 924 1338 corpus
943 1255 990 1319 ita
1004 1256 1036 1319 iu
1052 1253 1138 1320 caelo
1154 1272 1223 1319 6666
1240 1256 1332 1328 credo,

207 1364 342 1441 uteret,
365 1364 488 1445 quando
512 1362 706 1428 6666611116
730 1361 858 1426 caelum.
893 1359 1013 1423 dixerat
1035 1361 1146 1423 autem
1176 1356 1333 1441 discipulis

209 1467 287 1543 6616,
309 1468 344 1531 61
360 1467 392 1530 16
408 1467 568 1548 euangelio
584 1465 727 1550 legimus,
746 1465 784 1529 de
800 1482 857 1528 sua
871 1464 1098 1527 resurrectione
1114 1459 1332 1526 dubitantibus

209 1571 241 1634 et
255 1569 335 1635 illud
350 1569 432 1652 quod
447 1567 596 1634 uidebant
611 1586 671 1633 666
686 1586 805 1651 corpus,
823 1567 877 1632 sed
892 1568 1036 1650 spiritum
1053 1583 1121 1630 6666
1134 1564 1333 1644 putantibus:

66 1674 76 1695 ⁸
207 1673 341 1737 uidete
370 1690 507 1737 manus
536 1691 639 1737 meas
669 1674 706 1736 61
741 1672 877 1752 pedes3
915 1670 1083 1751 palpate
1117 1670 1157 1733 61
1190 1666 1361 1741 uidebar·

208 1774 300 1856 quia
328 1774 497 1856 spiritus
526 1791 614 1839 ossa
636 1775 673 1838 et
702 1792 856 1839 caruem
887 1790 963 1837 uon
992 1771 1128 1853 babet,
1152 1773 1263 1836 sicut
1283 1787 1335 1835 me

209 1876 356 1941 uidetis
378 1877 530 1942 habere.
560 1877 606 1943 sio
628 1896 745 1957 eorum,
769 1895 841 1943 oum
857 1880 939 1943 essct
953 1878 986 1941 in
1001 1878 1095 1954 tarra,
1121 1876 1333 1939 contrectatus

208 1982 256 2044 661
287 1979 441 2058 manibus,
476 1979 520 2045 sio
548 1998 654 2044 eorum
683 1982 739 2059 est,
771 1998 843 2044 cum
872 1978 932 2045 iret
960 1977 993 2042 in
1023 1976 1156 2057 caelum,
1185 1977 1333 2042 deductus

207 2083 393 2165 aspectibus.
429 2083 475 2149 ibi
502 2101 561 2149 uox
582 2084 725 2168 angelica
746 2082 869 2148 sonuit:
899 2083 958 2147 sio
979 2081 1131 2163 666161,
1155 2080 1333 2164 quemad·

207 2188 362 2252 modum
383 2187 546 2254 uidistis
570 2207 656 2253 eum
679 2188 834 2253 euntem
857 2187 894 2250 iu
918 2186 1077 2252 caelum.
1101 2185 1178 2250 fides
1195 2185 1289 2262 adsit,
1305 2188 1361 2249 616

207 2290 292 2356 66116
315 2292 453 2373 quaestio
476 2292 658 2358 remanebit.
1181 2282 1188 2291 ⁶

249 2400 320 2466 Nisi
344 2401 425 2468 16616
447 2404 485 2468 de
508 2406 659 2488 sanguiue
681 2403 901 2486 requirendum
924 2402 1331 2485 661,6616,666ι(11616661;

209 2504 373 2587 palpate
411 2506 451 2570 et
484 2508 633 2584 uidete,
668 2507 758 2589 quia
790 2506 963 2589 spiritus
993 2510 1149 2569 666661
1178 2522 1332 2572 caruem

208 2627 284 2674 666
302 2608 434 2687 habet,
454 2628 514 2676 666
529 2610 664 2676 addidit:
683 2612 874 2695 sanguinem.
895 2629 959 2673 666
975 2626 1046 2691 ergo
1063 2610 1094 2672 et
1110 2626 1167 2673 666
1183 2609 1332 2674 addamus

207 2711 363 2794 inquirere
386 2715 465 2794 quod
496 2713 549 2778 1116
579 2732 640 2779 666
668 2714 792 2778 addidit
822 2714 922 2779 dicere
952 2716 984 2777 61
1013 2712 1050 2776 de
1080 2712 1277 2796 compendio,
1309 2711 1361 2779 sis

208 2814 320 2895 placet,
354 2814 443 2878 finita
472 2815 515 2879 611
544 2816 695 2899 quaestio.
730 2816 873 2881 fortassis
901 2816 985 2880 enim
1016 2819 1146 2898 accepta
1178 2816 1333 2880 occasione

207 2914 368 3000 sauguinis
405 2918 552 3001 urguebit
589 2936 643 2982 666
677 2919 838 2984 molestior
870 2922 1080 3001 perscrutator
1113 2922 1147 2982 et
1177 2917 1271 2983 dicit:
1307 2914 1332 2979 si

207 3018 343 3103 sanguis,
373 3039 428 3085 our
457 3039 519 3086 uon
550 3026 581 3086 et
609 3023 734 3105 pituita,
766 3042 821 3087 cur
850 3040 911 3087 666
939 3023 970 3088 61
1002 3021 1044 3086 161
1078 3019 1196 3086 flauum
1231 3023 1263 3085 61
1293 3020 1332 3084 161

207 3123 342 3208 nigrum,
367 3123 479 3208 quibus
501 3128 648 3208 quattuor
670 3125 852 3190 humoribus
875 3130 1021 3191 naturam
1043 3125 1145 3189 carnis
1168 3122 1331 3208 temperari

207 3229 303 3293 etiam
332 3227 504 3293 medicinae
533 3228 704 3311 disciplina
732 3230 890 3295 testatur?
926 3229 979 3294 sed
1011 3227 1175 3311 quodlibet
1206 3228 1360 3310 quisquea

207 3329 310 3405 addat,
343 3331 572 3414 corruptionem
602 3332 713 3398 addere
743 3337 861 3410 causat,
893 3353 931 3398 66
962 3349 1034 3396 6666
1065 3331 1140 3394 fidei
1163 3331 1332 3395 sanitatem

209 3435 444 3516 castitatemque
468 3437 656 3517 corrumpat.

249 3544 296 3609 lix
310 3547 531 3611 cousuetudine
545 3566 649 3611 rerum
665 3551 857 3630 expertarum
874 3547 1033 3627 inexperta
1048 3563 1143 3627 opera
1165 3546 1276 3610 diuina
1289 3544 1333 3609 iu·
1358 3627 1363 3637 υ

207 3647 339 3714 firmitas
355 3650 484 3714 metitur
499 3650 637 3717 humane
653 3652 683 3715 61
698 3651 822 3717 6661616
837 3669 903 3715 sese
919 3648 1037 3732 garrire
1056 3648 1243 3719 arbitratur,
1266 3664 1333 3712 cum

207 3749 298 3816 dicit:
321 3754 348 3818 si
372 3772 441 3819 caro
465 3757 522 3837 est,
546 3755 580 3818 61
601 3755 728 3838 sanguis
751 3755 813 3829 est;
836 3754 863 3819 si
886 3752 1013 3837 sanguis
1036 3752 1095 3825 661,
1118 3750 1364 3815 6166166166

206 3873 322 3938 mores;
346 3857 371 3920 si
389 3861 482 3923 ceteri
497 3859 651 3937 humores,
669 3860 787 3941 ergoet
804 3856 969 3941 cormptio.
997 3874 1032 3920 66
1047 3854 1139 3919 modo
1155 3854 1289 3919 diceret:
1309 3852 1334 3915 si

206 3956 334 4023 flamma
351 3964 407 4042 661,
433 3966 463 4026 61
478 3962 584 4045 ardet3
606 3962 633 4027 61
655 3962 753 4045 ardet,
776 3962 809 4025 et
825 3962 901 4044 urit;
924 3957 1038 4037 616611,
1062 3975 1136 4040 ergo
1152 3964 1185 4023 et
1199 3960 1335 4023 uiromm

308 4142 341 4195 10
359 4145 398 4211 (et
417 4146 461 4213 18)
479 4146 541 4201 Luc
559 4147 601 4213 24,
620 4146 654 4202 39
757 4146 790 4199 14
808 4147 867 4200 Act.
887 4147 911 4209 1,
930 4145 962 4198 11

255 4310 273 4364 2
290 4311 412 4369 hseramo
425 4316 491 4371 MV
577 4319 595 4373 4
613 4318 707 4387 utique
719 4317 794 4371 MV:
821 4316 920 4386 ubique
933 4333 952 4371 o
1039 4316 1054 4369 7
1071 4317 1131 4370 erat
1142 4317 1253 4386 quaudo
1265 4318 1300 4372 Μ
1305 4316 1338 4371 V:

205 4398 305 4452 666116
316 4400 388 4455 terra
400 4402 507 4471 quaudo
524 4420 542 4457 a
647 4404 680 4457 12
697 4403 736 4458 sic
752 4403 827 4458 MV:
853 4404 925 4458 sicut
942 4419 961 4457 α
1054 4402 1090 4457 22
1106 4408 1294 4473 perscrutator
1308 4422 1339 4458 oc

204 4487 402 4552 praescrutator
419 4488 446 4543 V
529 4488 595 4543 dicit
611 4489 648 4543 V:
670 4489 741 4544 dicet
753 4506 772 4543 a
857 4488 892 4543 29
904 4489 1080 4559 sesescaa'peo':
1104 4504 1148 4543 666
1166 4490 1193 4545 V
1211 4508 1242 4545 66
1254 4508 1275 4547 a
