2760 4814
273 543 440 612 Excerpta
456 558 492 598 ex
508 559 578 614 opp.
596 543 622 598 S.
642 543 831 616 Augustini
855 545 907 601 Ill.
927 546 994 604 1111.
1160 552 1204 618 53

60 734 309 802 immortalitate
330 734 450 800 uestiri.
482 736 514 799 et
534 736 611 799 tunc
632 734 717 800 enim
733 737 803 820 erit,
826 736 880 801 sed
903 738 975 819 qnia
997 736 1201 820 corruptibile

60 858 122 906 non
148 840 213 905 crit
235 854 296 906 non
317 836 474 923 grauabit.
513 842 707 921 aggranat
729 857 802 923 ergo
825 857 907 905 nunno
930 841 1099 906 animam
1122 859 1201 906 cor·

60 960 134 1027 pus
170 939 444 1025 corruptibile
474 941 512 1006 et
540 940 728 1023 deprimit
762 946 921 1007 terrena
952 942 1201 1010 inhabitatio

60 1062 224 1111 sensum
258 1044 387 1110 multa
421 1043 684 1127 cogitantem.
723 1063 832 1110 uerum
866 1047 972 1110 tamen
1009 1047 1062 1129 qni
1097 1050 1203 1115 omnia

41 1151 149 1216 amala
172 1149 298 1215 mimae
312 1167 348 1213 ex
365 1165 492 1232 corpore
514 1151 629 1230 putant
645 1147 796 1214 accidisse
812 1149 844 1213 in
862 1168 964 1215 errore
980 1155 1065 1216 sunt.
1090 1170 1201 1234 quam-

63 1255 111 1319 uis
146 1253 235 1319 onim
256 1251 416 1336 Vergilius
448 1251 644 1318 Platonicam
679 1253 821 1317 uideatur
857 1252 1024 1319 luculentis
1059 1257 1200 1322 uorsibus

62 1358 223 1442 explicare
248 1358 435 1422 seutentiam
457 1355 579 1421 dicens:

171 1461 284 1544 ignens
307 1461 442 1526 catillis
466 1461 557 1544 uigor
579 1463 611 1525 et
633 1460 776 1526 caelestis
800 1459 886 1544 origo

170 1562 353 1642 seminibus,
378 1567 531 1646 quantum
553 1582 614 1650 non
636 1564 726 1629 noxia
748 1582 874 1647 corpora
897 1564 1026 1630 tardant

34 1695 57 1734 e
170 1668 348 1749 terramque
372 1667 522 1733 hebetent
547 1671 633 1733 artus
656 1669 903 1751 moribundaque
927 1669 1076 1750 membra,

64 1788 238 1854 omnesque
251 1770 323 1836 illas
339 1770 518 1836 notissimas
532 1773 681 1854 quattuor
692 1771 787 1836 animi
803 1772 1063 1854 perturbationes,
1081 1772 1201 1856 cupidi·

66 1876 176 1950 tutem,
208 1872 365 1953 timorem,
397 1873 561 1950 laetitiam,
587 1874 762 1954 tristitiam,
792 1875 880 1957 qussi
903 1876 1038 1960 origines
1061 1876 1202 1941 omnium

66 1982 267 2062 peecatorum
289 1982 383 2060 atque
406 1977 554 2042 uitiorum
578 1977 685 2043 nolens
709 1977 852 2060 intellegi
869 1997 904 2042 er
922 1994 1047 2062 corpore
1062 1978 1201 2044 accidere

67 2082 241 2165 subiungat
262 2083 295 2146 et
318 2081 420 2147 dicat:

38 2212 60 2254 ιι
169 2185 244 2250 binc
267 2188 412 2250 metuunt
434 2184 625 2268 cupiuntque
646 2184 753 2250 dolent
777 2185 974 2269 gaudentque
997 2202 1053 2251 uec
1077 2200 1168 2250 auras

171 2288 349 2370 suspiciunt
372 2287 495 2353 clausae
518 2288 654 2354 tenebris
677 2287 710 2353 et
732 2306 853 2353 carcere
876 2305 986 2353 caeco:

68 2398 174 2458 tamon
207 2391 354 2456 aliterue
380 2390 473 2456 babet
502 2391 579 2456 fides
609 2393 724 2458 nostra.
766 2410 838 2458 uam
868 2391 1023 2475 corruptio
1055 2393 1200 2475 corporis,

68 2513 147 2578 quae
168 2499 324 2578 aggrauat
338 2495 486 2572 animam,
510 2512 571 2558 nen
587 2494 707 2577 peceati
723 2494 816 2577 primi
833 2497 882 2560 est
897 2512 1001 2574 causa,
1024 2494 1079 2560 sed
1094 2512 1201 2577 poena.

70 2617 126 2664 uec
157 2615 232 2663 caro
266 2597 478 2680 corruptibilis
506 2597 642 2662 enimam
668 2598 885 2682 peccatricem,
920 2597 973 2663 sed
1001 2597 1106 2662 anima
1130 2615 1202 2680 pec-

42 2703 166 2769 ecstrir
199 2700 276 2767 fecit
305 2720 373 2766 esse
411 2700 645 2783 corruptibilem
677 2719 812 2766 earnem.
850 2719 886 2766 er
916 2718 977 2784 qua
1007 2701 1203 2785 corruptione

71 2805 172 2871 curnis
203 2805 281 2871 lieet
309 2805 443 2871 existant
471 2805 626 2888 quaedam
656 2803 863 2870 incitamenta
892 2805 1043 2870 uitiorum
1073 2806 1105 2869 et
1134 2805 1203 2889 ipsa

71 2908 225 2975 desideria
251 2907 377 2987 uitiosa,
407 2926 466 2974 uon
493 2911 598 2974 tamen
620 2909 725 2974 omnia
747 2907 871 2991 iniquae
893 2908 978 2974 uitae
1001 2908 1080 2974 uitia
1101 2907 1203 2974 tribu·

70 3013 149 3079 mdc
170 3016 246 3078 sunt
269 3013 367 3096 carni,
396 3032 434 3078 us
456 3013 495 3077 ab
518 3010 565 3076 bis
588 3010 731 3076 omnibus
754 3029 922 3094 purgemus
951 3010 1122 3094 diabolum,
1151 3012 1205 3094 qui

72 3115 252 3182 nonhabet
274 3133 409 3180 carnem.
445 3113 504 3181 etsi
526 3115 610 3180 enim
633 3113 774 3179 diabolus
799 3112 969 3179 femioator
991 3114 1041 3179 uel
1065 3115 1204 3179 ebriosus

43 3221 122 3285 nuel
154 3222 182 3286 si
216 3219 292 3302 quid
327 3217 532 3284 huiusmodi
566 3216 641 3282 muli
671 3219 719 3282 ost
750 3217 830 3298 quod
865 3215 904 3283 nd
937 3216 1041 3282 carnis
1068 3216 1205 3298 pertinet

72 3322 269 3407 uoluptatem
297 3339 358 3388 non
379 3323 482 3404 potest
503 3322 574 3399 dici,
598 3338 670 3386 eum
687 3319 733 3385 eit
750 3320 845 3384 etiam
860 3319 975 3386 talium
1004 3320 1205 3402 peccatorum

73 3443 183 3491 suasor
210 3429 244 3490 et
276 3424 444 3507 instigator
476 3424 632 3502 occultus,
667 3427 714 3488 ost
747 3427 853 3490 tamen
886 3425 1019 3490 maxime
1051 3419 1205 3504 superbus

175 3613 273 3682 280p.
291 3612 316 3677 9,
337 3613 369 3669 15
470 3613 488 3666 8
506 3614 569 3667 Asu.
588 3613 613 3678 o,
632 3611 684 3666 '180
692 3626 749 3680 sqq.

123 3782 591 3855 amutnc¹eegnmbrt1³¹
666 3782 878 3851 bdcpremitP¹
953 3779 1139 3851 4qniuD¹G¹

71 3871 240 3928 suediae
257 3869 328 3926 Μ’
409 3870 426 3924 6
443 3869 571 3939 uirgilius
588 3867 762 3925 mom>
841 3868 859 3922 8
877 3867 939 3923 ollis
960 3867 1014 3923 G'o
1095 3865 1112 3920 9
1130 3864 1211 3920 semi·

73 3961 118 4013 ἀ
133 3955 235 4014 ΜΤ
329 3956 363 4012 10
379 3955 521 4025 torrwnip
540 3954 605 4011 MV
693 3952 823 4009 bobetant
843 3953 879 4008 1⁷¹
976 3954 1006 4007 ll
1027 3966 1209 4022 omnesque-

72 4045 159 4100 euini
171 4059 279 4115 pereae
294 4044 332 4099 θ’
419 4041 618 4112 lentigines
708 4041 741 4095 13
752 4041 875 4097 secedere
886 4040 943 4096 ΠΤ
964 4037 1091 4094 eccidisse
1103 4037 1140 4092 Ρ·
1158 4053 1161 4059 ’

75 4133 111 4188 16
126 4129 337 4201 opinatorem
361 4129 475 4199 cupiunt
489 4128 528 4183 Ρι
613 4126 759 4197 dolentque
772 4128 829 4183 P'o
915 4139 981 4179 aura
994 4123 1033 4178 Ρι
1120 4121 1153 4177 16
1165 4136 1211 4176 en·

74 4218 194 4288 acipiunt
204 4216 343 4273 meme
361 4215 510 4285 mselpisut
524 4215 559 4271 T·
641 4215 732 4271 clause
745 4213 775 4269 P
853 4210 1036 4283 lupumque
1119 4208 1152 4264 19
1164 4207 1210 4262 scd

74 4318 221 4359 -cmen
238 4318 291 4359 cus
310 4301 371 4371 11⁸3
398 4300 465 4356 aas.
482 4318 517 4356 ιιι.
536 4303 556 4358 2
572 4305 603 4360 in
619 4318 705 4375 moro.
808 4299 845 4355 20
862 4299 930 4356 iacit
948 4297 985 4352 P·
1088 4295 1121 4350 21
1140 4294 1213 4349 exir-

10 4440 15 4449 .
76 4395 141 4446 tunt
158 4389 188 4446 P
269 4388 306 4444 Ἡ
322 4389 365 4443 uti
381 4386 558 4446 attribuente
576 4391 632 4453 σίν
718 4388 754 4445 23
772 4401 820 4441 uec
838 4385 868 4441 D
951 4378 1095 4437 diabulum
1111 4379 1141 4435 1)

76 4476 112 4533 u
128 4475 280 4531 {minetur
295 4473 376 4530 ΒΨ·
476 4473 511 4530 96
526 4479 677 4561 uoluptates
696 4472 840 4536 D'OPlb
945 4467 1031 4526 dicero
1052 4469 1077 4525 Τ
