2760 4814
181 308 248 376 440
666 305 830 376 Eugippii

184 500 409 566 eeruiemus
432 502 605 581 peccato.
640 497 789 580 quamdiu
811 514 883 581 ergo
904 495 937 561 id
960 495 1059 579 egunt
1079 513 1172 578 opere
1193 497 1310 573 nostre,

185 605 221 668 nt
244 601 413 668 enuonetnr
434 619 544 684 corpus
566 600 694 684 peccati,
726 598 876 682 quamdiu
901 600 1032 665 exterior
1054 597 1145 664 homo
1168 614 1310 664 corrum-

183 705 279 790 pitur,
303 708 338 768 nt
360 704 490 768 interior
511 705 678 769 renouetur
699 701 738 767 de
752 703 803 768 die
824 701 859 766 in
876 700 969 778 diem,
992 705 1117 783 tempus
1135 701 1183 766 est
1197 701 1308 767 crucis

183 808 260 874 hoec
289 810 363 874 suut
377 853 381 861 -
393 807 487 873 etiem
509 809 589 874 bone
614 825 706 890 opere
726 806 864 890 quidem,
893 808 998 872 temen
1019 804 1121 870 odhuc
1142 803 1308 882 laboriose,

182 929 315 995 quorum
337 928 454 977 merces
476 911 525 976 est
544 908 673 993 requies.
1334 928 1349 968 s

528 1150 530 1155 ’
558 1133 642 1181 lffl
663 1133 768 1181 INTER
789 1132 931 1182 cmm.

179 1346 182 1351 ,
224 1271 266 1337 Et
287 1268 321 1334 in
343 1269 506 1353 scripturis
529 1268 655 1352 quidem
683 1267 904 1355 ueteribused
927 1268 1086 1354 egendum
1107 1267 1223 1350 pasche
1244 1286 1308 1333 non

181 1376 229 1439 est
257 1372 459 1457 praeceptum
488 1373 610 1456 tempus
640 1371 700 1438 nisi
737 1391 774 1438 er
806 1390 911 1438 meuse
946 1388 1099 1438 nouorum
1132 1369 1206 1436 lune
1228 1371 1308 1437 'xum

180 1493 277 1559 usqne
299 1477 339 1542 ed
360 1494 432 1541 xxr.
464 1494 499 1541 er
522 1477 684 1561 euangelio
705 1479 819 1555 emen,
846 1474 920 1559 quie
950 1474 1152 1540 menifestum
1174 1477 1224 1539 eet
1244 1492 1308 1558 quo

181 1578 276 1651 etiem
309 1576 358 1642 die
391 1578 537 1643 dominus
571 1579 735 1645 crucifixus
768 1579 812 1645 sit
841 1580 874 1644 et
903 1579 935 1643 iu
966 1578 1126 1661 sepultura
1155 1575 1253 1653 fuerit
1276 1578 1346 1643 etro

180 1679 399 1756 resurrexerit,
429 1680 579 1748 ediuncte
607 1683 656 1747 est
686 1682 782 1749 etiem
811 1680 950 1767 ipsorum
980 1680 1102 1747 dierum
1131 1680 1307 1746 obscrmtio

180 1802 236 1867 per
257 1787 381 1867 petrum
406 1783 539 1850 concilis
560 1786 593 1850 et
614 1784 680 1851 orbi
702 1785 849 1851 uniuerso
872 1784 1044 1851 christiano
1065 1801 1248 1871 persuasum
1272 1801 1307 1848 eo

180 1870 271 1952 modo
293 1887 410 1971 puecha
425 1886 575 1953 celebrari
590 1893 740 1975 oportere.
769 1888 1009 1974 quadragesime
1022 1904 1098 1954 eene
1117 1885 1306 1953 ieiuniorum

177 1989 273 2056 hebet
302 1990 522 2056 auctoritatem
544 1994 575 2055 et
597 1992 631 2056 in
654 1991 812 2056 neteubus
827 1991 916 2057 libris
930 1994 962 2057 et
977 2009 1013 2056 ex
1033 1989 1149 2056 ieiunio
1172 1988 1253 2055 Mosi
1276 1991 1307 2054 et

178 2091 299 2172 Heliae,
323 2093 356 2158 et
371 2104 407 2159 er
423 2091 594 2178 euangelio,
617 2093 691 2177 quia
705 2093 835 2159 totidem
851 2094 959 2159 diebus
974 2092 1118 2158 dominus
1140 2092 1306 2167 ieiuncuit,
1317 2118 1344 2159 u

179 2180 395 2263 demonstreris
428 2198 626 2282 euangelium
659 2215 722 2263 non
755 2197 921 2264 dissentire
943 2215 963 2263 c
991 2196 1060 2280 lege
1082 2195 1114 2261 et
1128 2194 1306 2279 prophetis.

178 2298 211 2365 in
243 2318 374 2383 persone
406 2299 520 2384 quippe
552 2301 635 2367 Mosi
668 2301 732 2385 lex,
765 2301 799 2366 in
832 2318 964 2384 persone
996 2299 1105 2365 Heliae
1138 2298 1307 2383 prophetoe

179 2395 384 2485 accipiuntur,
417 2403 501 2469 inter
530 2422 607 2486 quos
636 2405 669 2469 in
693 2408 798 2470 moute
820 2404 971 2487 gloriosus
992 2402 1146 2485 apperuit,
1179 2406 1216 2466 ut
1229 2400 1306 2483 ,eui-

178 2504 302 2571 dentius
325 2505 476 2571 emineret
496 2508 578 2589 qnod
601 2506 638 2572 de
659 2506 715 2573 illo
731 2507 810 2573 dicit
825 2506 1000 2590 apostolus:
1022 2503 1306 2583 testimoninm

178 2606 325 2673 hebens
358 2626 377 2672 e
408 2606 566 2691 lege'et
599 2610 815 2693 prophetie.
852 2610 886 2675 iu
916 2628 977 2692 que
1006 2625 1079 2693 ergo
1108 2613 1197 2690 porte
1229 2606 1344 2673 sumre

177 2711 397 2795 congruentius
418 2710 595 2776 obseruatio
617 2711 874 2796 quadragesimae
889 2711 1133 2778 constitueretur
1154 2709 1215 2775 uisi
1230 2727 1305 2776 con·

177 2812 248 2880 finis
270 2815 364 2896 etque
387 2815 534 2898 contigue
549 2814 721 2882 dominicae
736 2815 897 2899 passionis,
922 2817 994 2899 quie
1009 2815 1042 2880 in
1058 2833 1093 2880 en
1108 2812 1304 2896 significetur

176 2917 252 2984 hoec
283 2917 353 2982 uite
385 2916 550 3002 laboriose,
583 2916 634 2983 cui
664 2936 742 3002 opus
772 2921 820 2984 eet
841 2919 1043 2995 continentie,
1077 2919 1113 2983 ut
1142 2919 1182 2983 eb
1204 2917 1305 3000 ipsius

176 3019 286 3087 mundi
315 3018 458 3086 amicitie
487 3020 654 3100 ieiunetur,
685 3040 761 3105 quae
791 3022 901 3105 utique
931 3021 1084 3087 felleoiter
1113 3020 1251 3087 blendiri
1272 3022 1305 3085 et

174 3125 400 3190 inlecebrarum
430 3123 514 3189 tucos
543 3125 806 3209 circumspargere
836 3128 930 3209 etque
958 3126 1059 3190 iecere
1086 3141 1149 3190 non
1177 3127 1342 3191 cerentius

178 3245 306 3293 nurnero
337 3232 441 3293 entem
473 3227 715 3311 quadragenario
737 3226 839 3294 uitem
867 3229 964 3294 istem
986 3229 1149 3313 propterea
1175 3227 1304 3310 figurari

175 3330 318 3411 arbitror,
333 3330 569 3415 quindenarius,
582 3330 615 3396 in
627 3331 1255 3415 quoestperfectiobeetitudinisnostrue
1268 3366 1303 3378 -

278 3533 310 3587 14
328 3534 362 3587 ci.
376 3533 422 3588 Er.
440 3534 482 3601 34,
500 3535 535 3590 28
633 3535 955 3606 ο15ι1.11111ις.12,8
1007 3535 1039 3589 ci.
1056 3533 1154 3589 Metth.
1173 3534 1234 3600 4,2

175 3618 207 3674 19
225 3617 301 3674 Rouu
319 3619 345 3686 3,
363 3620 395 3673 21

224 3808 363 3878 5-requiee
382 3812 423 3863 est
441 3811 468 3864 Τ
512 3834 514 3838 ·
553 3811 655 3865 6item
672 3812 744 3866 inter
761 3812 858 3882 cotem]
877 3827 928 3867 oss
947 3811 988 3867 Te
1079 3811 1113 3864 12
1130 3810 1244 3865 concilia
1265 3812 1302 3867 Tr

172 3894 347 3951 οιπιοιιιιιιιῐ1
370 3896 512 3951 concilium
528 3914 547 3952 c
633 3897 666 3953 13
683 3897 848 3967 sene]ooeo
936 3897 970 3951 14
986 3899 1015 3950 et
1031 3913 1062 3951 er
1081 3896 1131 3952 Vc:
1158 3912 1189 3951 ex
1208 3897 1235 3952 Τ

171 3979 258 4050 mopsi
272 3980 327 4036 ἸΡιι
430 3982 463 4036 16
489 3983 551 4052 nou]
578 3998 669 4039 ortuo
770 3983 911 4038 dissentire
939 3983 1002 4038 TV:
1032 3981 1188 4039 descendere
1213 3999 1232 4039 c

173 4066 206 4122 1¹1
230 4067 314 4138 moysi
338 4085 355 4123 n
456 4068 489 4122 21
514 4069 735 4140 quadragensimo
760 4071 785 4123 T
883 4070 918 4124 23
941 4070 1116 4140 contineutinl
1141 4071 1190 4140 hee
1213 4073 1303 4128 conti·

172 4152 298 4207 centies
383 4153 418 4208 24
435 4151 592 4210 blanditer
681 4155 716 4212 25
733 4157 817 4212 iecere
836 4157 902 4213 PV:
929 4155 1030 4210 isctere
1049 4156 1076 4210 Τ
1100 4156 1232 4212 iecturec

172 4236 207 4292 26
227 4236 434 4308 qundreginerio
456 4237 483 4292 V
