2760 4814
175 251 238 318 388
478 297 481 305 ,
656 242 826 313 Eugippii

176 460 221 508 ne
242 437 407 520 feceris,
429 438 470 505 ud
488 435 552 504 duo
573 438 740 519 praecepte
758 436 906 518 pertinet.
932 434 1089 517 quomodo
1105 434 1244 517 pertinet
1264 435 1305 499 ed

176 545 237 625 duo
266 540 453 628 praecepte?
481 541 511 607 ei
538 537 658 606 homini
685 555 749 605 non
779 537 888 605 iecoris
918 540 1000 620 quod
1021 537 1088 621 pati
1109 555 1171 603 uon
1192 537 1243 603 uis
1265 542 1306 605 uh

175 645 301 714 homine
323 662 430 729 usque,
453 642 494 710 ed
515 641 650 728 proximi
667 645 867 728 praeceptum
880 641 1026 726 pertinet,
1050 640 1304 708 eddilectionem

176 749 318 834 proximi,
348 750 388 816 ad
408 751 530 832 septem
552 746 697 831 chordas,
729 746 759 812 ei
783 749 889 813 eutem
909 746 995 829 quod
1017 763 1081 811 non
1102 745 1154 811 uis
1174 744 1241 828 peti
1264 744 1307 810 ub

177 853 303 919 homine
331 854 391 937 ipsi
420 853 477 924 deo
505 851 556 918 uis
584 850 696 932 lucere,
724 851 800 934 quid
828 852 880 916 est
907 849 990 917 hoc?
1023 868 1086 915 non
1114 850 1192 917 fucis
1214 853 1342 917 alteris

177 957 260 1040 quod
280 959 350 1041 peti
372 975 434 1023 non
455 956 529 1023 uie?
557 957 658 1023 corion
685 953 746 1022 tihi
776 954 880 1021 iectus
904 955 953 1021 est
975 955 1067 1020 homo
1090 956 1308 1037 quemdem?

179 1079 269 1148 ,ergo
292 1059 445 1144 quomodo
465 1057 565 1129 fuoio“
589 1059 692 1142 inquit
712 1056 833 1144 ,deod
857 1058 1028 1141 corrumpis
1049 1060 1082 1124 te
1103 1059 1218 1142 ipsum.
1237 1059 1309 1139 „et

177 1165 258 1232 unde
279 1162 607 1243 impendendo,
630 1163 704 1245 quie
721 1179 884 1244 corrumpo
899 1180 950 1227 me
970 1159 1118 1246 ipsumt“
1143 1160 1226 1227 unde
1248 1161 1308 1227 tibi

178 1267 256 1335 lucit
272 1267 426 1335 iniurium
448 1267 502 1350 qui
518 1267 654 1335 uoluerit
666 1265 750 1333 torte
764 1265 903 1349 lepidere
918 1263 1060 1332 totidem
1075 1267 1164 1331 tuum
1177 1265 1307 1348 pictum,

177 1371 211 1437 in
232 1389 296 1456 que
316 1372 425 1438 tnhuln
445 1372 549 1456 imngo
571 1370 628 1437 tun
649 1373 709 1449 eet,
736 1370 772 1436 iu
794 1370 886 1436 domo
906 1373 965 1435 tue
986 1369 1122 1435 inaniter
1142 1369 1246 1453 posits
1267 1367 1346 1434 adro

177 1492 296 1541 uenum
324 1474 474 1547 honorem
503 1477 598 1545 tuum<
623 1491 681 1540 nee
705 1472 843 1540 sentiens
867 1490 924 1539 nec
943 1473 1073 1554 loquens
1094 1489 1152 1537 uec
1172 1471 1310 1538 uidens?

178 1576 300 1661 siquis
320 1576 411 1645 illem
433 1577 561 1662 lepidst,
583 1596 646 1645 non
666 1578 701 1644 in
715 1578 748 1642 to
770 1578 797 1644 it
818 1576 1029 1645 contumelio?
1051 1593 1124 1641 oum
1139 1593 1213 1642 uero
1229 1579 1308 1642 inm

177 1681 284 1765 ginem
313 1680 373 1760 dei,
403 1681 486 1765 quod
507 1700 539 1748 ee
561 1681 607 1762 tu,
636 1682 811 1766 corrumpis
838 1680 872 1747 in
892 1685 1003 1765 tepor
1031 1679 1254 1746 fornicationes
1277 1683 1310 1744 et

177 1803 234 1868 per
255 1782 449 1877 diffluentias
472 1784 622 1865 lihidinis,
646 1784 784 1852 attendis
804 1786 882 1869 quin
903 1786 944 1852 ud
965 1784 1084 1852 nullius
1106 1801 1233 1850 uxorem
1255 1801 1308 1850 ec·

178 1887 310 1969 cessisti,
345 1888 483 1956 attendis
512 1888 592 1972 quie,
616 1891 687 1972 post
707 1907 834 1955 uxorem
863 1892 952 1955 tuem
972 1888 1055 1954 nihil
1083 1887 1199 1969 iecisti,
1234 1887 1347 1970 quiere

178 2009 306 2063 uxorem
327 2009 390 2058 non
411 1991 518 2073 hebes,
541 1994 574 2058 et
588 2010 649 2057 non
665 1991 802 2058 attendis
816 2010 871 2076 per
892 1991 1037 2058 libidines
1057 1989 1188 2057 illicitus
1210 1989 1308 2055 iorni·

179 2093 310 2161 cationis
333 2095 422 2165 cuius
443 2094 616 2181 imeginem
636 2094 789 2163 uiolasti?
810 2099 966 2179 postremo
981 2095 1065 2181 dene,
1088 2093 1142 2177 qui
1157 2094 1219 2160 scit
1232 2092 1310 2175 quid

180 2197 240 2266 tibi
260 2197 339 2266 utile
361 2199 413 2284 sit,
436 2202 490 2284 qui
511 2219 586 2268 uere
607 2200 655 2267 sie
675 2200 834 2285 gubernet
852 2214 957 2267 seruos
978 2217 1050 2265 suos
1071 2197 1113 2265 ud
1133 2197 1310 2264 utilitatem

178 2302 314 2382 illorum,
351 2321 414 2371 non
449 2303 491 2373 ed
521 2322 616 2372 suem
642 2323 774 2371 -non
810 2304 894 2371 enim
930 2303 1051 2390 indiget
1087 2302 1187 2368 seruis
1218 2301 1311 2385 quusi

178 2405 343 2484 adiutorio,
376 2407 431 2474 sed
465 2411 501 2473 tu
530 2408 653 2492 indiges
670 2407 802 2475 ,domini
822 2407 936 2474 nurilio
958 2408 1088 2491 —ipse
1110 2425 1184 2490 ergo
1206 2403 1349 2472 domi-re

178 2527 247 2591 nus,
274 2509 329 2592 qui
351 2511 412 2577 soit
434 2510 509 2592 quid
531 2509 592 2578 tihi
612 2509 692 2578 utile
713 2510 767 2590 sit,
795 2529 923 2578 uxorem
944 2509 1105 2592 concessit,
1134 2507 1215 2574 nihil
1236 2526 1307 2574 em·

178 2609 270 2696 plius.
306 2611 367 2677 hoc
393 2613 497 2693 iussit,
528 2613 587 2680 hoo
616 2615 785 2699 proecepit,
813 2633 853 2681 ne
882 2634 937 2699 per
965 2613 1106 2681 inlicitus
1129 2612 1310 2695 uoluptates

180 2713 305 2781 comunt
332 2715 487 2798 templum
515 2716 592 2799 eius,
623 2718 705 2800 quod
727 2737 792 2785 esse
822 2717 959 2802 coepisti
997 2716 1151 2800 numquid
1170 2733 1230 2800 ego
1249 2714 1311 2782 hoc

179 2816 272 2884 dico?
307 2820 467 2901 apostolus
500 2820 558 2887 hoo
592 2821 686 2904 dixit3
722 2824 826 2907 ipsum
854 2823 977 2888 cudite:
1012 2819 1184 2886 nescitis
1218 2819 1312 2902 quin

179 2922 369 3004 templum
391 2924 452 2991 dei
473 2926 571 2992 estis
594 2925 633 2992 et
652 2925 824 3008 spiritus
846 2925 908 2991 dei
930 2925 1087 2991 tubitet
1108 2922 1148 2988 in
1169 2921 1348 2989 uobisln

180 3023 239 3091 hoc
269 3026 347 3093 dicit
380 3028 577 3111 christienie,
610 3029 669 3096 hoc
703 3028 780 3094 dicit
812 3027 974 3093 fidelibus:
1010 3025 1180 3093 nescitis
1213 3027 1310 3109 quie

181 3131 371 3214 templum
393 3131 453 3198 dei
472 3134 572 3199 estis
592 3133 633 3197 et
653 3131 824 3216 spiritus
846 3132 909 3197 dei
930 3131 1088 3197 habitet
1110 3132 1147 3197 iu
1170 3131 1312 3197 uobis?

181 3233 326 3317 siquis
355 3234 543 3318 templum
573 3235 635 3300 dei
664 3235 910 3318 corruperit,
942 3236 1162 3318 corrumpit
1191 3235 1312 3301 illum

182 3336 283 3405 dene.
320 3339 435 3404 uidetis
464 3338 616 3421 quomodo
644 3338 809 3405 minutor?
841 3356 906 3402 non
932 3339 980 3403 uis
1003 3339 1157 3421 corrumpi
1179 3340 1310 3406 domum

283 3516 426 3576 241001.
444 3518 469 3586 8,
488 3519 521 3573 16
529 3534 571 3588 eq.

231 3684 248 3737 1
266 3683 311 3754 ne]
327 3696 381 3738 non
397 3701 415 3739 c
501 3684 808 3755 pertinet-prseoeptu]
827 3700 878 3740 om.
898 3681 934 3738 Τ*
1018 3683 1160 3753 praecepte
1171 3681 1312 3752 pertinent

182 3768 251 3822 TW
330 3769 447 3839 tueque
463 3769 499 3824 V:
526 3773 638 3827 omli>
722 3769 872 3841 proximi*
955 3767 1243 3839 ideo1ipeideoih

179 3854 295 3924 binoto]
314 3855 431 3911 iactet*
532 3858 565 3912 14
581 3857 617 3913 ed
634 3857 844 3930 nullius-quie
864 3856 973 3912 opib:
999 3872 1050 3911 orn.
1070 3857 1097 3911 V
1196 3855 1231 3910 16
1249 3856 1316 3911 lihi-

181 3941 296 3996 dinisc
398 3942 632 4019 fornicatioueeu
744 3943 778 3998 18
802 3943 875 4012 uere]
903 3960 999 3999 om.o
1109 3941 1145 3997 20
1175 3941 1314 3998 edictorio

182 4028 231 4083 1³¹:
261 4027 424 4084 ediutorium
449 4029 543 4084 P¹PV
569 4018 702 4084 edulterio
727 4046 745 4085 c
846 4029 882 4084 nc
908 4029 1059 4099 spostolum
1085 4028 1155 4085 ppt„
1260 4029 1316 4086 hoe

182 4115 252 4170 dixit
268 4115 357 4185 iprum
374 4113 410 4171 V:
436 4131 487 4172 ono
505 4115 574 4172 PTn
675 4115 711 4171 28
728 4116 884 4186 corrumpit]
902 4118 1053 4185 corrumpet
1071 4114 1107 4169 Γ*
1203 4114 1239 4170 29
1257 4133 1316 4172 cur·

179 4217 340 4272 rumperes
