2760 4814
268 353 435 424 Excerpta
452 370 489 410 cx
506 371 577 426 opp.
599 354 625 407 S.
644 355 835 424 Augustini
859 355 1008 413 CCCXXV.
1123 357 1205 425 1037

68 564 180 628 genus,
217 563 290 610 cum
322 563 359 610 aa
392 563 471 628 quae
504 544 652 612 accidunt
685 546 724 610 ad
759 544 939 612 iaciendum
972 545 1117 611 habitum
1149 563 1206 611 nac

68 650 197 717 mutant
218 649 330 731 quibus
353 648 501 715 accidunt
521 667 577 714 nec
595 648 696 714 abeis
717 649 787 731 ipsa
802 652 976 727 mutantur,
991 650 1074 714 sicut
1091 650 1206 717 anulus

69 752 182 837 digito,
210 752 328 817 sinon
358 751 452 817 nimis
480 751 642 816 subtiliter
664 752 854 818 attendatur.
884 770 995 817 uerum
1016 755 1124 819 tamen
1145 753 1206 819 hoc

68 873 171 940 genus
203 858 261 921 aut
294 856 418 921 nullum
453 858 513 939 est,
546 856 575 920 si
603 855 770 939 dibgeuter
803 854 967 938 discutias,
995 861 1050 922 aut
1078 857 1205 922 omnino

44 959 277 1027 arctissimum.

110 1062 191 1128 <inm
212 1063 311 1145 igitur
333 1061 493 1145 apostolus
515 1064 554 1127 de
576 1060 737 1147 unigenito
764 1061 829 1127 tilio
846 1060 1032 1145 loqueretur,
1048 1064 1204 1145 qnantum

66 1164 206 1249 pertinet
229 1165 269 1229 ad
288 1163 489 1231 diuinitatem
505 1165 582 1239 eius,
606 1157 777 1230 secundum
792 1164 835 1240 id,
852 1165 934 1247 quod
949 1165 1111 1231 uerissime
1128 1165 1203 1231 deus

67 1269 127 1346 est,
147 1268 307 1350 aequalem
323 1286 390 1333 esse
406 1268 488 1333 dixit
501 1267 594 1351 patri,
610 1267 693 1351 quod
707 1286 767 1333 non
784 1269 813 1332 ei
828 1268 891 1334 fuit
905 1272 1067 1351 tamquam
1082 1269 1201 1350 rapina,

66 1370 101 1437 id
123 1374 173 1437 est
194 1372 285 1454 qnasi
304 1371 442 1437 ahenum
460 1374 616 1454 appetere,
638 1372 667 1435 si
680 1389 803 1455 semper
817 1389 946 1436 manens
961 1371 994 1435 in
1010 1389 1048 1436 ea
1062 1368 1202 1453 aequali-

28 1478 134 1545 uotate
155 1475 256 1541 uallet
276 1474 404 1540 homine
425 1474 515 1539 indui
534 1476 567 1538 et
587 1473 768 1540 hominibus
790 1477 827 1538 ut
848 1473 939 1541 bomo
956 1492 1122 1557 apparere:
1146 1468 1208 1538 sed'

65 1583 191 1644 semet
213 1577 342 1660 ipsum
364 1577 612 1658 exinaniuit,
636 1595 698 1642 non
720 1577 855 1642 formam
877 1595 967 1643 suam
988 1579 1125 1654 mutans,
1148 1573 1202 1640 sed

65 1680 230 1747 formem
267 1680 375 1746 serui
408 1680 623 1762 accipiens,
661 1699 761 1764 neque
797 1699 964 1748 conuersus
1002 1680 1059 1745 aut
1095 1681 1200 1744 traus-

64 1789 210 1850 mutatus
244 1784 278 1847 in
313 1783 471 1849 bominem
506 1784 623 1849 amissa
651 1784 902 1852 incommutabili
929 1782 1113 1864 stabilitate,
1144 1778 1200 1845 scd

64 1888 229 1970 tamquam
269 1907 381 1952 uerum
421 1886 580 1951 hominem
618 1887 817 1969 suscipiendo
859 1887 926 1969 ipse
961 1890 1121 1967 susceptor
1160 1883 1200 1947 in

28 1990 342 2065 „similitudine
365 1991 560 2054 hominum
583 1990 733 2072 factus,
757 2009 820 2055 non
846 1988 917 2064 sibi,
940 1988 994 2053 sed
1018 1988 1062 2052 ais
1086 1986 1199 2069 quibus

63 2092 100 2157 in
128 2092 255 2158 bomine
285 2092 446 2176 apparuit,
476 2093 514 2156 et
542 2092 685 2156 habitu
715 2092 905 2157 inuentus
928 2096 988 2156 est
1010 2094 1052 2154 ut
1073 2090 1198 2169 bomo,

63 2194 175 2261 idest
202 2195 343 2260 babendo
371 2194 532 2259 hominem
562 2195 710 2260 inuentus
738 2198 775 2259 ut
804 2195 896 2259 homo
927 2196 986 2260 est.
1026 2190 1198 2257 nonenim

64 2299 191 2380 poterat
209 2298 346 2365 inueniri
367 2303 403 2362 ut
426 2298 517 2363 bomo
536 2298 575 2363 ab
597 2297 648 2363 bis
663 2299 716 2381 qui
741 2314 793 2362 cor
816 2297 1014 2362 immundum
1029 2293 1196 2370 habebant,

63 2400 98 2466 et
118 2399 252 2465 uerbum
275 2400 357 2484 apud
379 2404 503 2485 patrem
524 2400 631 2466 uidere
649 2420 710 2466 uon
732 2402 878 2483 poterant
900 2400 963 2465 nisi
984 2399 1042 2464 hoc
1064 2395 1198 2479 suscipi·

28 2505 143 2576 „endo
165 2503 247 2586 quod
269 2512 398 2586 possent
419 2505 526 2570 uidere
548 2505 582 2570 et
602 2523 657 2587 per
680 2504 763 2587 quod
785 2504 825 2568 ad
843 2503 922 2569 illud
944 2502 1051 2566 lumen
1067 2501 1198 2566 interius

63 2609 261 2673 ducerentur.
296 2605 357 2671 iste
379 2611 487 2672 autem
508 2605 637 2673 babitus
660 2627 721 2673 non
744 2608 792 2672 est
815 2607 967 2688 exprimo
992 2624 1120 2689 genere;
1136 2622 1198 2669 non

62 2710 149 2775 enim
177 2726 306 2775 manens
332 2710 365 2775 in
391 2728 425 2774 se
446 2714 559 2776 natura
580 2711 716 2777 bominis
737 2713 884 2777 naturam
905 2710 956 2774 dei
979 2706 1198 2774 commutauit.

61 2829 164 2895 neque
200 2831 237 2877 ex
273 2813 423 2896 secundo:
461 2831 522 2878 non
558 2814 642 2879 enim
679 2815 861 2880 immutabit
894 2814 987 2879 homo
1021 2811 1123 2890 deum,
1161 2814 1198 2874 ut

61 2916 205 2981 mumius
220 2918 258 2981 ab
280 2915 337 2980 illo
360 2921 417 2981 est.
446 2935 547 2998 nequo
569 2937 604 2983 er
627 2921 753 3001 quarto:
777 2937 838 2983 non
862 2917 948 2983 enim
970 2917 1016 2981 sic
1038 2916 1197 2980 assumtus

27 3024 110 3093 „est
132 3018 237 3096 homo,
258 3022 294 3083 nt
315 3037 415 3101 neque
436 3019 502 3103 ipse
524 3023 663 3086 mutaret
683 3021 777 3086 deum
798 3039 856 3087 nec
870 3021 910 3086 ab
931 3019 987 3084 illo
1010 3017 1195 3082 mutaretur.

60 3120 119 3186 sed
141 3122 246 3203 potius
269 3125 439 3202 extortio:
462 3125 506 3189 sic
523 3123 608 3189 enim
632 3127 789 3191 assumtus
812 3134 869 3208 est,
892 3126 929 3189 ut
951 3121 1197 3189 commutaretur

59 3222 265 3290 ineffabiliter
294 3228 326 3290 et
355 3226 555 3293 excellentius
585 3231 679 3310 atque
701 3229 895 3294 coniunctius
919 3246 1012 3311 quam
1035 3223 1134 3290 uestis
1156 3223 1198 3288 ab

58 3327 198 3405 bomine,
214 3346 287 3392 cum
300 3328 450 3395 induitur.
467 3328 527 3395 boc
543 3348 614 3413 ergo
629 3333 754 3397 nomine
769 3331 897 3397 habitus
913 3330 991 3396 satis
1006 3326 1196 3414 significauit

57 3430 228 3515 apostolus,
247 3432 508 3513 quemadmodum
526 3433 653 3500 dixerit:
677 3435 716 3499 in
739 3434 1051 3502 similitudinem
1073 3429 1195 3496 homi·

19 3551 150 3606 „num
168 3533 311 3614 factus,
329 3535 478 3618 quianon
494 3536 768 3620 transfiguratione
783 3539 815 3602 in
830 3539 997 3618 hominem,
1014 3538 1068 3603 sed
1084 3536 1195 3602 babitu

167 3704 196 3757 11
216 3703 334 3774 Philipp.
352 3706 377 3770 2,
395 3706 411 3759 'l

112 3858 206 3913 sulio
228 3859 265 3913 V:
295 3860 338 3915 dei
356 3861 412 3916 illio
435 3862 490 3917 GP
598 3865 770 3920 inerisrime
789 3866 826 3921 P²
834 3866 868 3921 V:
899 3867 1068 3923 uenerimnm
1087 3869 1125 3921 Ρι

56 3945 95 4001 10
121 3944 230 3999 bomine
255 3945 292 3999 V:
321 3946 458 4002 hominem
482 3949 510 4003 P
610 3955 752 4020 appareret
779 3951 805 4005 V
907 3953 939 4007 13
965 3953 1074 4007 homine
1101 3953 1128 4006 V

54 4030 95 4086 14
116 4033 256 4100 tamquam
281 4031 315 4086 V:
351 4048 514 4102 quamquam
538 4035 566 4089 P
671 4038 706 4093 20
732 4039 822 4106 posset
847 4039 875 4093 P
981 4040 1016 4095 23
1039 4044 1070 4092 nt
1092 4040 1128 4095 V:
1164 4045 1191 4096 et

54 4117 89 4173 P
189 4116 225 4171 26
242 4124 307 4187 poet
329 4123 540 4174 commutaretur
562 4122 627 4177 odd.
646 4141 678 4177 o:
708 4124 736 4177 in
758 4124 853 4178 melius
871 4128 899 4179 et
916 4125 950 4180 ab
968 4142 999 4180 eo
1017 4127 1193 4189 formaretun

52 4220 110 4260 οιιι.
137 4203 195 4258 PV
301 4205 337 4258 30
363 4207 428 4274 quia
454 4206 490 4260 V:
520 4208 568 4275 qni
594 4208 622 4262 P
722 4210 988 4280 transfigurationem
1015 4213 1042 4268 P
1146 4212 1193 4266 ho·

51 4291 160 4355 minem
181 4288 247 4345 GP:
276 4290 385 4347 homine
407 4292 434 4347 V
