2760 4814
129 510 213 578 1026
614 506 778 578 Eugippii

127 704 184 786 gat
215 699 316 768 adhuc
348 700 381 763 et
407 697 509 762 dicat:
543 697 727 771 nescitis,
753 695 942 778 quoniam
974 698 1041 779 qui
1071 696 1266 763 adhaeret

128 801 351 885 meretrici,
383 818 500 866 unum
528 817 670 882 corpus
703 800 786 864 est?
816 800 931 864 erunt
959 801 1080 879 enim,
1115 802 1261 885 inquit,

128 908 201 973 duo
235 906 276 973 iu
310 924 424 971 carue
459 921 550 980 una;
589 904 655 985 qui
689 905 821 967 antem
854 903 1057 969 adhaeret
1091 903 1260 989 domiuo,

126 1029 226 1077 unus
263 1007 436 1091 spiritus
473 1008 547 1083 est,
583 1009 616 1072 et
654 1006 835 1073 concludat:
873 1006 1006 1091 fugite
1051 1007 1260 1076 fornicati·

129 1134 254 1181 ouem:
292 1113 434 1197 seqnitur
466 1114 572 1177 tamen
605 1113 672 1194 ipse
705 1115 737 1175 et
770 1110 861 1176 dicit:
899 1128 1007 1176 omne
1041 1118 1291 1195 peccatum,s

129 1218 396 1303 quodcumque
429 1215 569 1281 lecerit
602 1215 728 1294 homo,
762 1218 873 1280 extra
907 1233 1049 1297 corpus
1083 1222 1164 1299 est;
1200 1217 1260 1301 qni

129 1323 257 1386 autem
280 1320 521 1395 fornicatur,
544 1317 585 1382 in
607 1336 745 1399 corpus
768 1317 970 1401 proprium
993 1323 1141 1401 peccat
1180 1323 1259 1404 quasi

129 1443 204 1491 uero
227 1425 285 1492 illa
306 1442 384 1507 quae
407 1423 620 1489 dinumerauit
646 1427 774 1506 peccata
801 1422 922 1487 dicens:
952 1422 1080 1488 nolite
1114 1443 1257 1495 errare:

130 1547 256 1612 neque
283 1526 556 1592 fornicatores
586 1544 709 1609 neque
737 1524 859 1591 idelis
886 1528 1117 1591 seruientes
1148 1544 1259 1611 neque

130 1632 304 1698 adulteri
326 1648 450 1712 neque
472 1628 615 1695 molles
638 1649 759 1712 neque
782 1631 1045 1695 masculorum
1068 1632 1290 1700 concubi-o

130 1741 238 1801 tores
260 1752 386 1817 neque
408 1732 518 1797 fures
539 1751 662 1814 neque
686 1733 798 1798 anari
821 1752 942 1816 nequo
965 1733 1117 1800 ebriosi
1140 1754 1259 1819 noque

129 1837 322 1904 maledici
353 1855 478 1918 neque
506 1854 673 1917 rapaces
704 1855 865 1920 regnum
889 1838 951 1903 dei
974 1839 1257 1920 possidebunt,

129 1943 193 2008 ista
220 1940 326 2007 omnia
355 1940 495 2005 facinora
522 1941 555 2004 et
583 1938 707 2022 flagitia
727 1941 882 2023 numquid
903 1960 964 2006 non
987 1943 1049 2007 nisi
1071 1961 1130 2025 per
1153 1961 1259 2027 corpus

129 2046 196 2112 lieri
219 2050 275 2111 aut
297 2044 429 2110 exerceri
456 2046 609 2127 possunt?
640 2045 710 2126 quis
736 2045 795 2110 hoc
817 2047 886 2111 soni
910 2046 1022 2129 capitis
1045 2045 1143 2114 homo
1167 2067 1258 2134 nega·

129 2151 234 2217 uerit?
266 2151 370 2214 totum
402 2148 517 2232 quippe
551 2149 648 2213 istum
678 2150 781 2214 locum
813 2149 969 2231 apostolus
999 2156 1129 2234 propter
1159 2154 1289 2237 ipsumrs

129 2273 239 2338 corpus
265 2253 330 2319 iam
360 2253 480 2317 emtum
510 2270 635 2335 magno,
668 2252 765 2318 idest
795 2251 912 2319 Christi
939 2260 1093 2339 sanguine
1116 2257 1256 2340 pretioso,

130 2359 344 2444 templumque
373 2357 500 2440 spiritns
530 2356 629 2422 sancti
651 2356 771 2421 lactum
798 2359 904 2435 adeo,
928 2378 966 2424 ne
989 2359 1110 2425 talibus
1134 2360 1259 2444 flagitiis

128 2463 329 2546 pollueretur,
353 2463 407 2526 sed
434 2461 537 2544 potius
560 2460 748 2527 inuiolatum
776 2462 938 2544 tamquam
966 2461 1016 2527 dei
1039 2463 1257 2530 habitaculum

130 2567 319 2644 seruaretur,
367 2564 481 2646 agebat
518 2569 550 2629 et
586 2564 780 2631 defendebat.
827 2585 922 2648 quere
960 2586 1031 2653 ergo
1071 2569 1258 2654 subiungere

130 2669 233 2735 uoluit
247 2669 314 2746 hoe,
331 2666 413 2732 unde
429 2666 569 2732 difficilis
584 2669 724 2751 quaestio
740 2673 927 2745 nasceretur,
951 2669 984 2735 id
1003 2676 1052 2736 eet
1068 2676 1105 2737 ut
1129 2673 1289 2739 diceretm

130 2790 243 2837 omne
269 2774 489 2853 peccatum,
519 2771 787 2856 quodcumque
815 2773 965 2839 lecerit
990 2775 1121 2855 homo,
1156 2779 1259 2843 extra

130 2893 268 2958 corpus
297 2877 371 2951 est;
407 2875 473 2957 qui
504 2879 634 2941 autem
662 2875 906 2957 fornicatur,
937 2878 977 2943 in
1005 2896 1151 2963 corpus
1177 2896 1256 2965 pro-

128 2980 258 3062 prium
291 2983 443 3061 peccat,
478 2996 550 3044 curn
571 2981 637 3044 sine
671 2981 739 3064 ipse
770 2980 931 3047 fornicatio
967 2981 1035 3047 siue
1069 2983 1137 3049 alia
1170 2985 1256 3049 huius

130 3083 214 3149 modi
247 3101 326 3168 quae
355 3100 416 3147 non
443 3082 505 3148 nisi
527 3101 583 3165 per
611 3100 723 3166 corpus
749 3084 830 3149 fiunt
854 3086 983 3169 peccata
1012 3086 1207 3169 turpitudini
1227 3091 1256 3149 et

130 3185 328 3252 fornicationi
355 3185 518 3251 simillima
546 3202 608 3251 non
638 3186 699 3251 nisi
721 3206 778 3271 per
807 3189 911 3270 ipsum
935 3207 1045 3272 corpus
1069 3194 1287 3274 genereutnrs

130 3292 224 3373 atque
257 3290 478 3356 exerceantur?
511 3291 585 3373 quid
616 3294 712 3374 ergo?
742 3293 897 3374 poteritne
931 3311 998 3359 esse
1026 3293 1193 3377 quispiam,
1223 3296 1257 3358 ut

130 3394 234 3458 cetera
255 3396 427 3458 memorata
449 3394 590 3475 superius
612 3397 745 3472 taceam,
768 3396 819 3461 fur
841 3398 892 3462 uel
915 3397 1055 3462 ebriosus
1082 3398 1135 3464 uel
1162 3399 1256 3463 male-

129 3497 216 3563 dicus
244 3498 296 3562 uel
323 3515 418 3581 rapax
446 3502 534 3563 extra
562 3498 774 3579 operationem
803 3500 938 3582 corporis
972 3500 1091 3567 huius?
1113 3502 1255 3586 quamuis

130 3620 186 3666 uec
222 3602 290 3684 ipsa
325 3600 505 3666 idololatria
542 3620 641 3684 neque
675 3602 741 3685 ipsa
776 3605 910 3669 auaritia
942 3609 1066 3688 praeter
1093 3605 1254 3671 seruitium

129 3704 264 3788 corporis
295 3705 410 3787 poterit
439 3706 477 3769 ad
506 3722 596 3769 usum
625 3704 825 3787 fructumque
853 3725 946 3772 snum
972 3708 1147 3791 peruenire.
1184 3707 1288 3791 quid»

129 3809 177 3873 est
199 3825 286 3891 ergo:
310 3826 419 3872 omne
440 3809 656 3889 peccatum,
681 3812 946 3893 quodcumque
969 3810 1116 3877 fecerit
1139 3812 1254 3885 homo,

129 3913 240 3976 extra
266 3929 404 3994 corpus
426 3918 501 3989 est;
525 3911 595 3993 qui
618 3914 750 3978 autom
776 3911 1019 3991 fornicatur,
1052 3914 1091 3979 in
1114 3931 1255 3995 eorpus

181 4183 250 4235 det
267 4205 293 4235 *a
310 4184 454 4239 concludat
471 4185 500 4240 P
603 4185 636 4243 14
658 4187 719 4256 qnia
736 4187 973 4257 hoc-negauerit
997 4190 1064 4245 GP:
1094 4206 1145 4245 om.
1169 4190 1195 4244 V

130 4266 162 4322 17
180 4265 229 4321 doo
244 4267 280 4323 V=
308 4266 416 4324 domino
434 4270 463 4325 P
556 4273 589 4327 19
606 4272 766 4341 snhiungore
781 4273 818 4329 V:
848 4275 979 4344 enhiunge
997 4275 1026 4330 P
1118 4275 1155 4330 20
1173 4272 1260 4329 uoluit

131 4352 197 4409 GP:
228 4353 316 4408 noluit
339 4354 363 4408 V
464 4357 498 4412 25
521 4361 680 4427 generentur
702 4359 737 4412 V:
769 4364 933 4428 generantur
956 4361 983 4414 P
1011 4366 1141 4430 gerantur
1165 4360 1192 4415 θ

129 4440 164 4494 26
181 4454 245 4508 ergo
267 4439 302 4495 V:
333 4442 404 4495 enirn
427 4441 481 4498 GP
581 4446 715 4514 poteritne
734 4463 764 4500 a:
794 4447 893 4515 poterit
910 4461 958 4501 nec
975 4446 1032 4501 PV
