2760 4814
283 531 449 603 Excerpta
466 549 502 589 ex
520 547 588 603 opp
607 532 635 588 S.
653 534 842 605 Augustini
865 534 984 592 XXIIII.
1137 541 1199 609 189

61 721 208 806 propriae
224 720 398 805 'potestatis
418 723 501 807 quod
523 728 703 808 conceperat
739 726 864 808 pareret
895 742 1012 808 suoque
1035 727 1102 792 fetu
1124 727 1197 793 con-

61 823 251 893 tunderetur
272 827 417 911 iratoque
436 827 590 912 supplicio
608 827 814 911 asuperbiee
836 832 931 912 etque
944 829 1197 896 ¹lnoboedientiae

60 930 143 996 male
158 932 301 1013 posterea
316 931 498 1015 deterreret,
519 929 633 1014 quibus
649 946 684 997 ea
699 931 922 999 conscribenda
937 937 968 999 et
977 935 1196 1000 -ennuntienda

59 1033 275 1116 pannentno

40 1177 52 1218 s
101 1150 135 1220 Si
159 1157 269 1220 autem
293 1156 530 1238 quaeritarem
552 1154 750 1238 potissimum
773 1173 827 1238 par
848 1157 1028 1240 serpentem
1052 1156 1196 1226 diabolus

57 1260 194 1323 tomara
227 1258 398 1341 permissus
438 1259 490 1338 sii,
531 1258 596 1324 iarn
625 1257 684 1322 hcc
712 1256 909 1342 significandi
938 1259 1044 1342 gratia
1078 1261 1197 1327 lactum

59 1376 126 1426 cese
154 1379 252 1443 quem
280 1381 342 1427 non
372 1362 539 1428 admoneat
567 1360 722 1444 scriptura
746 1362 857 1426 *tantae
879 1363 1077 1429 auctoritatis
1098 1362 1197 1430 tantis

58 1462 243 1530 diuinitatis
271 1463 466 1531 documentis
497 1481 591 1547 egens
620 1464 652 1529 in
674 1462 897 1546 prophetando,
928 1464 1054 1547 quantis
1077 1466 1196 1533 effectis

57 1565 124 1631 ianr
153 1567 295 1632 mundus
322 1567 471 1650 impletus
503 1569 574 1632 est?
606 1583 668 1649 non
698 1585 757 1650 quc
781 1565 922 1632 diabolus
944 1567 1062 1650 alicuid
1085 1570 1125 1634 ad
1146 1570 1197 1636 in·

29 1669 270 1736 astructionem
292 1673 431 1736 nostram
453 1669 631 1753 significare
653 1669 797 1748 uoluerit,
821 1669 874 1735 sed
896 1688 967 1735 cum
990 1672 1135 1737 accedere
1157 1675 1197 1739 ud

60 1771 261 1837 mmtandum
294 1791 355 1839 non
388 1775 492 1856 posset
513 1772 575 1838 nisi
597 1772 777 1856 permissus,
806 1792 883 1838 num
906 1792 960 1856 per
980 1775 1068 1840 aliud
1090 1779 1198 1859 posset

60 1875 121 1940 nisi
143 1893 202 1959 per
224 1877 305 1958 qnod
328 1875 570 1959 permittebatur
592 1878 761 1942 accederet
783 1876 935 1960 quidquid
957 1878 1055 1960 igitur
1069 1896 1196 1961 serpens

62 1977 115 2043 ille
136 1977 343 2063 significauit,
374 1978 423 2045 dei
451 1978 668 2062 prouidentiae
696 1979 898 2045 tribuendum
920 1981 977 2058 est,
1001 1982 1058 2045 snb
1081 2000 1143 2064 qna
1165 1984 1197 2047 et

62 2082 127 2164 ipse
151 2081 297 2148 diabolus
320 2099 409 2148 suam
432 2083 559 2165 quidem
582 2082 676 2149 habet
699 2082 906 2166 cupiditatem
928 2083 1066 2159 nocendi,
1097 2081 1196 2150 iacul-

33 2184 164 2250 atatem
185 2187 291 2251 autem
314 2203 377 2251 non
399 2185 460 2250 nisi
482 2203 562 2269 qnae
583 2186 678 2250 datur
705 2183 758 2250 uel
780 2185 820 2251 ad
842 2185 1048 2250 subuertanda
1068 2204 1105 2251 ac
1125 2204 1196 2268 per-

63 2288 166 2354 denda
188 2307 265 2354 nasa
287 2288 351 2354 irae
374 2290 426 2354 uel
448 2289 487 2354 ad
510 2288 707 2355 humilianda
724 2289 792 2354 siue
807 2287 969 2373 probanda
983 2307 1059 2354 uasa
1072 2288 1195 2354 miseri·

62 2393 195 2458 cordiae
233 2396 345 2459 natura
374 2391 481 2474 itaque
509 2392 663 2473 serpentis
690 2396 771 2458 unde
792 2392 836 2456 alt
858 2391 1016 2457 nouimus:
1052 2392 1196 2474 produxit

63 2494 147 2560 mim
172 2498 258 2560 utra
280 2494 313 2559 in
337 2493 433 2560 uerbo
456 2496 504 2559 dei
526 2495 631 2560 omnia
652 2511 764 2578 pecore
779 2498 810 2561 at
834 2493 949 2561 bestius
965 2497 998 2561 et
1019 2499 1195 2580 serpentee3

63 2615 142 2680 quse
165 2597 315 2663 uniuersa
341 2601 486 2663 creatura
510 2596 628 2663 habens
649 2597 684 2661 in
707 2615 741 2663 se
763 2596 902 2664 animam
925 2597 1044 2674 uiuam,
1066 2599 1196 2666 inratio-

34 2700 213 2778 nabilem,
235 2700 399 2765 uniuersae
421 2699 569 2766 rationali
597 2703 756 2767 creaturae
784 2700 851 2766 sine
878 2702 977 2767 bonae
1004 2701 1073 2767 siue
1094 2701 1196 2769 molae

63 2802 240 2870 mtuntatis
268 2803 338 2888 lege
365 2803 465 2869 diuini
494 2803 612 2871 ordinis
634 2803 760 2871 subdia
781 2806 839 2871 est.
877 2805 952 2887 quid
974 2822 1047 2888 ergo
1069 2804 1196 2886 mirum,

61 2908 175 2990 siper
205 2910 382 2990 serpentem
409 2908 528 2990 aliquid
557 2926 650 2990 agere
677 2907 846 2991 permissus
876 2911 925 2974 eat
947 2908 1099 2988 diabolus,
1123 2927 1196 2976 cum

61 3010 229 3077 monia
250 3011 283 3075 in
303 3026 412 3094 pcrccs
433 3011 553 3077 intrare
576 3009 718 3077 Christus
740 3012 806 3095 ipse
828 3011 1029 3095 permIaerit?

102 3131 212 3215 Magis
233 3132 273 3196 de
295 3131 365 3213 ipsa
377 3134 490 3198 natura
504 3132 621 3198 diaboli
635 3132 848 3216 scrupulosius
861 3134 967 3216 quaeri
982 3133 1078 3208 sclet;
1101 3151 1197 3216 quam

35 3236 166 3302 elotum
187 3235 317 3318 quidem
339 3234 487 3301 haeretici
509 3235 618 3301 eliensi
640 3236 789 3302 molestia
810 3235 912 3303 malae
934 3235 1108 3302 uoluntatis
1131 3236 1199 3300 eiua

64 3338 206 3405 ellemaro
241 3342 393 3404 conentur
414 3356 434 3403 a
456 3341 597 3405 cantura
630 3339 746 3405 nummi
774 3345 806 3405 et
836 3341 903 3406 ueri
934 3339 983 3405 dai
1006 3341 1040 3404 et
1062 3338 1198 3402 alterum

169 3523 204 3578 ro
226 3523 260 3578 ea
277 3524 342 3581 eea
363 3524 387 3595 r,
404 3524 507 3580 oc-oc
610 3526 645 3581 se
661 3525 697 3582 c.
715 3526 814 3585 meu.
831 3527 856 3591 u
874 3527 909 3582 ea

116 3697 129 3750 1
151 3694 262 3766 propriae
279 3696 307 3751 P
407 3696 557 3767 conciperet
580 3695 646 3752 MV
746 3697 821 3754 iaetu
845 3696 869 3753 V
892 3696 968 3753 fectu
989 3691 1016 3751 P
1117 3693 1198 3750 Isu-

65 3783 146 3851 plicio
163 3782 193 3838 P
294 3782 480 3852 tparnndeo
583 3783 746 3852 dtemptari
764 3785 792 3839 P
888 3782 1053 3854 permisisset
1072 3785 1132 3850 (coa
1151 3781 1199 3850 sit)

65 3886 80 3924 o
179 3868 347 3927 noema
445 3868 1131 3938 Ihntis1tauteoTtentePpana2inrca.)

65 3954 81 4009 t
106 3953 265 4023 mouendo
289 3969 306 4008 o
406 3955 425 4009 9
448 3955 512 4025 quo}
536 3954 608 4023 quod
632 3954 660 4011 P
760 3956 795 4011 ad
817 3971 868 4012 cm.
891 3972 908 4011 e
1012 3954 1045 4010 10
1067 3953 1202 4009 accederet

67 4040 119 4095 ΡΤ
225 4038 258 4094 lt
282 4040 443 4097 mittebatur
467 4056 486 4097 e
590 4041 622 4097 13
646 4041 688 4096 dei
711 4041 786 4097 MV:
815 4043 839 4096 ei
866 4042 892 4096 Τ
914 4042 1008 4096 eluse
1033 4041 1062 4095 et
1083 4039 1121 4094 P¹
1137 4053 1199 4109 coep.

67 4141 138 4182 sero.
210 4126 385 4197 puteaco
489 4127 518 4182 et
540 4142 591 4188 om.
614 4127 672 4185 P¹o
775 4129 809 4182 14
823 4126 943 4198 quidem]
959 4127 1059 4196 quippe
1077 4124 1132 4181 P'e

69 4212 99 4268 16
115 4210 276 4267 inim
293 4212 361 4269 m
461 4213 569 4285 lepoet
586 4213 996 4274 calme-ottocarum
1013 4212 1041 4267 P
1140 4225 1200 4281 pet·

66 4310 127 4353 n
143 4297 174 4354 P
268 4298 505 4357 rennuendam
521 4303 550 4361 P
640 4302 678 4362 20
694 4302 819 4355 uniuerso
838 4300 866 4355 V
947 4295 1077 4355 rationale
1095 4296 1132 4353 P¹

67 4382 427 4456 nperPItorosaIIV
513 4386 957 4483 aefflipeepP'iesroesro
1042 4383 1202 4455 tequidem

68 4468 119 4526 PP
210 4467 334 4527 nehus
349 4470 393 4526 Po
483 4476 515 4542 ts
529 4479 673 4570 mm]
690 4473 820 4535 creatoris
838 4476 895 4532 P‘o
