2760 4814
197 310 263 376 446
681 307 844 377 Eugippus

199 499 358 581 passionis,
382 516 442 580 qne
465 496 628 563 crucifixus
651 500 708 575 est,
732 497 796 564 ium
814 498 1003 563 transactam
1020 500 1144 564 nentem
1165 498 1326 582 propriam

199 602 401 684 sequebatur:
424 600 554 683 ideoque
576 601 699 667 clausus
723 600 754 665 et
775 599 962 666 terminatus
984 603 1033 667 est
1053 620 1150 684 usqne
1171 604 1211 668 ad
1233 620 1328 684 para·

198 723 320 785 suenen,
343 721 438 788 quarn
452 703 560 773 Iudaei
575 705 670 773 etiam
687 722 796 771 uenam
812 722 923 788 puram
937 706 1062 784 necant,
1077 705 1117 770 ab
1134 704 1203 771 eius
1225 706 1328 773 noetis

198 807 319 874 exordio
352 807 520 891 incipiente
552 807 673 875 sabbati
703 807 925 875 obseruatione.
963 807 1073 874 deinde
1102 807 1227 875 sabbati
1257 809 1325 875 dies

197 930 295 978 asna
316 913 405 978 nnete
439 913 589 995 incipiens
622 911 732 980 finitus
762 915 810 977 est
843 931 971 995 uespere
1003 911 1182 995 insipientis
1213 911 1361 990 noctise

198 1033 276 1097 quse
298 1017 435 1099 pertinet
456 1015 497 1080 ad
517 1015 646 1081 initium
668 1015 815 1081 dominini
839 1014 911 1093 diei,
934 1016 1080 1098 queniam
1095 1033 1167 1081 eum
1181 1014 1327 1081 deminus

144 1158 147 1163 -
197 1136 272 1185 snae
293 1118 529 1186 resurrectionis
551 1118 651 1201 gloria
672 1118 877 1185 consecrauit.
915 1118 1003 1184 illins
1030 1119 1137 1201 itaque
1160 1117 1263 1184 nentis
1286 1117 1327 1183 ad

196 1221 325 1288 initium
355 1221 416 1289 diei
446 1221 594 1288 dominini
623 1220 810 1305 pertinentis
836 1240 919 1288 nune
940 1221 1002 1288 ista
1024 1220 1234 1287 sollemnitate
1257 1238 1328 1286 me·

197 1326 329 1392 moriam
366 1326 567 1392 celebramus.
617 1323 706 1392 illam
742 1326 867 1391 nentem
902 1324 1026 1411 egimus
1059 1321 1229 1409 uigilando,
1263 1340 1328 1407 qne

200 1429 343 1496 deminus
372 1424 552 1507 resurrexit,
587 1429 621 1493 et
641 1427 731 1494 illem
756 1427 865 1506 uitam,
886 1428 926 1494 (ie
947 1446 1009 1511 qua
1030 1427 1123 1511 paule
1145 1428 1219 1494 ante
1239 1426 1364 1493 dies-re

197 1532 318 1611 bamus,
341 1531 540 1609 meditamur,
571 1528 626 1596 nbi
649 1548 705 1596 nee
726 1548 810 1597 mors
832 1529 899 1597 nlle
920 1550 977 1597 nee
999 1547 1126 1597 somnus
1147 1533 1207 1608 est,
1230 1546 1328 1613 qnmn

197 1636 230 1700 in
258 1652 317 1700 sua
345 1652 437 1701 earne
466 1633 555 1698 nubis
585 1632 755 1714 inehuanit,
787 1650 880 1716 qnam
903 1633 949 1702 eie
970 1633 1120 1700 excitauit
1142 1651 1161 1700 a
1182 1633 1326 1712 mortuis,

197 1739 234 1804 ιιι
255 1740 318 1805 ism
341 1754 402 1804 nen
424 1737 579 1804 meriatur
600 1742 659 1803 nen
680 1754 763 1804 mers
786 1738 814 1803 ei
836 1739 921 1804 nltru
935 1738 1121 1804 dominetur.
1150 1752 1225 1802 nam
1246 1743 1327 1819 qne·

196 1839 281 1906 niam
314 1840 472 1907 nementes
506 1840 547 1907 ad
578 1839 777 1925 sepulchrum
810 1841 887 1922 eius,
922 1860 942 1908 a
973 1840 1086 1925 quibus
1117 1838 1327 1925 diligentibus

196 1943 413 2027 quaerebatur,
452 1943 589 2010 diluenlo
621 1960 735 2028 eorpus
767 1963 828 2011 non
862 1944 1050 2013 inuenerunt
1081 1956 1366 2029 responsumqneu

197 2051 384 2132 aenepernnt
406 2050 446 2115 ab
468 2049 598 2133 angelis,
622 2048 704 2132 qnod
725 2047 789 2114 iam
803 2051 1025 2130 resurrexerat
1049 2047 1256 2115 menifestum
1277 2048 1330 2111 est

196 2151 278 2233 qued
300 2169 337 2216 ea
358 2151 448 2217 noete
475 2151 691 2230 resurrexerit,
721 2152 810 2218 unius
839 2152 1022 2218 extremitas
1044 2150 1125 2218 sslnd
1153 2150 1329 2217 dunenlnm
1373 2174 1376 2185 ·

196 2251 267 2321 fuit.
298 2254 412 2321 deinde
434 2243 493 2321 eni
506 2255 680 2338 resurgenti
700 2257 795 2340 panio
810 2254 1107 2343 diutinsnigilendu
1122 2254 1326 2332 eeneinirnns,

196 2358 379 2441 praestabit,
408 2364 446 2424 ut
467 2376 539 2424 eum
563 2358 619 2425 ille
641 2359 709 2425 sine
736 2358 799 2425 fine
820 2358 954 2426 uiuendo
976 2376 1150 2443 regnemus.
1188 2355 1242 2424 sed
1264 2355 1328 2422 etsi

196 2458 276 2526 forte
290 2459 340 2526 his
356 2461 450 2540 heris,
469 2461 585 2545 quibas
598 2480 654 2528 nes
669 2460 814 2527 dueimns
824 2462 931 2531 ,neam
944 2462 1097 2546 uigiliam,
1119 2461 1207 2527 filins
1222 2458 1364 2525 munem

196 2579 307 2645 cerpus
339 2563 375 2629 in
406 2563 572 2648 sepulchre
605 2566 672 2630 erat
708 2567 906 2648 nondumque
939 2569 1157 2647 resurrexerat,
1190 2580 1248 2628 nee
1281 2563 1329 2630 sin

197 2653 354 2749 uigilando
387 2683 496 2732 sumus
524 2667 695 2752 innengrni,
729 2666 804 2750 qnia
827 2666 882 2734 ille
905 2667 1065 2747 dominii,
1088 2673 1125 2735 ιιι
1146 2665 1326 2753 memus,

196 2769 250 2851 qni
271 2769 320 2834 est
339 2771 493 2846 mortuns,
515 2773 553 2836 nt
573 2770 762 2836 nineremus.

245 3064 596 3163 tide⁰qnemueu2>T
678 3100 838 3164 parasceuen
856 3110 886 3149 a:
913 3107 1055 3163 paraseene
1073 3092 1141 3150 Νι
1232 3094 1328 3150 tene
1364 3104 1370 3117 ·

194 3175 311 3234 nem?
408 3179 428 3234 4
453 3178 610 3249 insipiente
637 3184 662 3246 (s
685 3182 751 3249 sus.)
777 3181 805 3236 1·
828 3180 986 3250 insipientes
1013 3181 1040 3236 V
1139 3180 1327 3237 obseratione
1369 3202 1377 3229 ·.

197 3262 276 3319 TVu:
303 3264 516 3321 obseruationem
534 3281 553 3320 u
655 3265 855 3336 iidominimu
958 3266 974 3320 'i
998 3282 1061 3322 ense
1081 3266 1144 3323 TV:
1173 3282 1257 3321 snae

194 3347 212 3401 8
234 3347 367 3421 dommim
389 3351 442 3407 diei
465 3368 482 3406 u
584 3352 742 3407 memoriam
764 3369 794 3408 e:
820 3353 951 3408 merueris
976 3353 1030 3408 TV
1133 3351 1166 3407 12
1183 3350 1327 3409 inuhnenit

197 3433 260 3488 TV:
290 3436 413 3493 innotuit
435 3439 517 3495 nite
628 3437 660 3492 13
684 3439 757 3493 ultre
784 3438 837 3495 Ve:
867 3439 941 3493 ultra
963 3454 1016 3492 nen
1043 3439 1069 3494 T
1168 3453 1231 3492 num
1259 3438 1327 3493 TV:

194 3530 348 3585 mave
451 3524 587 3594 quonian]
611 3538 662 3579 om.
685 3540 707 3579 u
771 3550 780 3575 .·
807 3524 841 3579 16
864 3524 1017 3594 aenipernnt
1044 3524 1068 3579 V
1180 3524 1212 3579 17
1234 3539 1327 3579 mnx-

194 3602 292 3656 rexerit
313 3602 349 3657 V:
370 3611 523 3660 ‚resurrexit
546 3609 585 3666 Ὶιι
693 3610 729 3665 w
750 3625 798 3665 nus
824 3611 876 3668 Tu:
905 3627 961 3665 nen
982 3609 1049 3665 MV
1149 3608 1180 3664 21
1205 3609 1243 3664 sie
1272 3610 1330 3667 Vn:

193 3687 263 3747 sit
609 3722 612 3731 »
921 3725 943 3733 ··
