2760 4814
257 338 422 409 Excerpta
439 356 475 394 ex
492 354 563 409 opp.
581 338 608 395 ὃ.
626 340 707 409 aug.
731 340 926 397 cccxxxrm
944 340 1157 399 cccxxxnuu
1187 340 1269 409 1061

144 526 304 610 apostolus
349 530 382 593 et
424 526 518 593 dicit:
562 528 807 594 nouissimus
843 529 965 596 Adam
1003 531 1043 595 in
1080 533 1272 616 spiritum

145 629 449 710 nidificantem,
490 631 557 696 siue
595 630 799 717 intellegatur
835 633 956 714 primus
993 636 1108 723 Adam,
1146 636 1199 719 qui
1232 635 1272 703 de

144 734 274 818 pulnere
303 738 377 799 ante
404 734 554 801 formatus
584 735 639 812 est,
669 735 860 802 nouissimus
888 740 994 803 autem
1023 739 1136 818 Adam,
1159 738 1273 823 quide

144 839 268 921 uirgine
294 839 474 922 procreatus
502 838 561 919 est,
594 837 661 903 siue
694 839 727 903 in
749 856 932 922 unoquoque
955 840 1082 908 bomine
1104 845 1272 926 utrumqne

119 942 346 1025 ecompleatur,
379 943 416 1006 nt
448 940 569 1024 primus
602 941 705 1007 Adam
732 942 775 1006 sit
803 942 895 1008 homo
924 945 957 1008 iu
988 963 1114 1030 corpore
1136 945 1272 1024 mortali,

144 1043 332 1111 nouissimus
354 1045 459 1110 Adam
476 1044 559 1109 idem
574 1045 639 1127 ipse
660 1045 694 1110 in
710 1062 834 1126 corpore
857 1046 1043 1112 immortali:
1068 1049 1174 1114 tamen
1190 1049 1274 1114 inter

143 1148 283 1215 animam
305 1146 465 1212 uiuentem
489 1149 521 1211 et
535 1147 684 1231 spiritum
699 1146 912 1214 uiuificentem
927 1150 983 1215 hcc
998 1150 1147 1217 interesse
1163 1151 1273 1230 uoluit,

144 1254 180 1317 ut
210 1252 277 1316 illic
304 1251 346 1315 sit
374 1268 484 1333 corpus
515 1249 661 1327 animale,
690 1249 742 1315 bic
771 1251 921 1334 spiritale.
966 1254 1071 1318 anima
1103 1255 1218 1338 quippe
1240 1255 1273 1320 iu

143 1373 270 1438 corpore
292 1354 420 1419 animali
444 1354 537 1432 uiuit,
565 1353 619 1419 sed
642 1372 702 1418 uon
724 1352 868 1419 uiuificat
891 1372 988 1439 usque
1010 1357 1049 1420 ad
1071 1356 1274 1422 auferendam

106 1460 394 1540 coemptionem
428 1458 460 1521 iu
499 1473 623 1540 corpore
660 1473 733 1521 uero
769 1456 915 1538 spiritali,
950 1458 1097 1540 quoniam
1133 1461 1273 1543 perlecto

143 1561 365 1628 adhaerens
388 1560 454 1626 deo
476 1577 575 1625 uuus
596 1559 767 1642 spiritus
790 1562 865 1639 est,
888 1562 936 1626 sio
957 1561 1108 1641 uiuificat,
1130 1562 1273 1646 utspiri-

144 1664 210 1729 tale
239 1680 349 1746 corpus
378 1660 505 1739 efficiat,
535 1661 701 1728 absumens
733 1681 854 1729 omnem
886 1665 1123 1751 sumptionem,
1153 1668 1274 1734 nullam

142 1767 286 1832 metuens
307 1765 543 1848 separationem.

185 1886 233 1951 ut
266 1904 347 1962 uos,
380 1883 493 1967 iuquit,
522 1884 861 1952 commutabimur.
905 1904 978 1970 ergo
1007 1888 1102 1952 istam
1133 1905 1273 1954 commn-

107 1989 297 2057 rstaticnem
325 1989 359 2052 in
389 1987 502 2053 melius
532 1988 599 2052 sine
628 1986 823 2052 dubitatione
856 1992 977 2069 oportet
1009 1989 1163 2072 intellegi,
1199 1991 1273 2072 qnia

141 2111 250 2158 omncs
273 2095 306 2157 et
327 2091 405 2156 iusti
427 2091 460 2155 ct
480 2091 591 2157 iniusti
613 2090 817 2155 resurrecturi
839 2097 924 2168 suut,
947 2093 1011 2172 sed,
1028 2093 1110 2157 sicut
1124 2092 1271 2159 dominns

142 2197 175 2262 in
209 2196 371 2279 euangelio
404 2194 560 2278 loquitur,
599 2194 662 2278 qui
695 2193 791 2259 bene
824 2195 1027 2273 iecerunt,
1060 2196 1100 2259 in
1134 2214 1271 2262 resur-

142 2299 364 2364 rectionem
408 2300 534 2378 uitae,
579 2298 647 2382 qui
690 2301 794 2365 mala
837 2302 1018 2382 egerunt,
1063 2300 1100 2363 in
1145 2319 1275 2365 resur·

142 2402 361 2469 rectionem
376 2403 533 2484 iudicii,
553 2402 704 2469 iudicium
719 2402 879 2485 appellans
894 2420 1024 2484 poenam
1040 2404 1273 2485 sempiternam,

105 2507 225 2575 roaicut
253 2506 315 2571 alio
345 2507 426 2571 loco:
457 2506 522 2588 qui
558 2524 630 2571 non
659 2506 803 2580 credit,
833 2507 946 2589 inquit,
969 2507 1043 2570 ianr
1068 2506 1272 2571 iudicatus

143 2609 216 2675 est.
245 2609 375 2690 proinde
391 2608 439 2673 illi
454 2608 506 2689 qui
522 2608 561 2672 ed
577 2607 727 2673 iudicium
741 2608 945 2673 resurrecturi
960 2610 1042 2683 sunt,
1059 2625 1119 2673 non
1135 2626 1274 2674 commn-

142 2710 296 2777 tabuntur
317 2711 350 2775 in
372 2710 461 2775 illam
476 2713 729 2794 incorruptelam,
753 2730 831 2793 quae
846 2728 902 2776 uec
917 2711 1031 2777 doloris
1046 2713 1273 2794 corruptionem

142 2814 212 2900 pati
239 2817 361 2897 potest;
393 2815 450 2880 illa
480 2833 613 2897 namque
642 2814 783 2880 fidelium
809 2816 974 2897 astatque
996 2819 1184 2880 sanctorum.
1222 2815 1274 2879 isti

143 2937 217 2984 uero
246 2921 399 3001 perpetua
427 2918 623 2999 corruptione
645 2918 877 2998 cruciabuntur,
908 2917 984 3000 qnia
1012 2918 1116 3001 ignis
1145 2934 1274 2982 eornm

103 3039 218 3094 ,sucu
241 3022 503 3103 extinguetur
523 3024 562 3087 et
584 3021 733 3087 normis
756 3040 888 3088 eorum
910 3039 987 3086 non
1009 3020 1209 3086 morietur.

187 3140 271 3221 Quid
293 3139 354 3204 sibi
369 3158 442 3224 ergo
458 3139 530 3204 uult
545 3140 607 3206 ista
623 3140 802 3207 distinctio:
826 3143 864 3204 et
885 3138 1038 3204 mortui
1059 3143 1274 3222 resurgent

143 3244 388 3326 incorrupti,
419 3246 459 3307 et
491 3261 559 3307 nce
591 3243 938 3319 commutabimur,
972 3242 1031 3307 nisi
1064 3245 1137 3324 quia
1168 3258 1274 3306 omnes

142 3347 314 3429 incorrupti
349 3351 522 3430 resurgent,
553 3346 607 3411 sed
640 3365 676 3410 eu
705 3346 756 3411 his
783 3346 858 3411 iusti
893 3345 988 3410 etiam
1021 3343 1275 3410 immutabuntur

143 3452 177 3517 in
205 3450 296 3515 illam
326 3450 580 3532 incorruptelam,
610 3449 661 3514 cni
689 3449 814 3515 omuino
843 3449 930 3514 nulla
952 3449 1053 3532 possit
1076 3466 1184 3512 nocere
1207 3466 1274 3513 cor·

102 3553 274 3635 „ruptiol
302 3572 338 3618 ac
367 3573 422 3638 per
449 3554 507 3619 hoc
528 3554 582 3637 qui
616 3572 678 3619 non
712 3552 987 3618 commutabuntur
1013 3555 1046 3618 in
1069 3570 1148 3628 eam,
1171 3553 1275 3618 incor-

141 3657 231 3741 rupti
253 3656 379 3740 quidem
402 3661 563 3740 resurgent
585 3656 619 3721 iu
641 3657 823 3740 integritate
846 3655 1067 3733 membrorum,
1090 3655 1145 3720 sed
1168 3658 1274 3720 tamen

249 3884 515 3949 rmmmn
621 3884 884 3949 armen
990 3882 1274 3951 nmmrm

142 3971 240 4039 mm
344 3969 529 4036 umam
632 3969 818 4034 mnam
919 3969 1129 4035 mmmm

198 4185 231 4241 10
254 4200 316 4241 uero
339 4203 371 4240 a:
400 4185 459 4239 uiro
480 4185 506 4238 V
608 4184 638 4238 ll
661 4184 711 4239 deo
733 4184 809 4239 MV:
839 4184 985 4238 dominon
1070 4183 1102 4239 21
1128 4186 1276 4239 commnta-

138 4274 249 4327 buntur
266 4288 299 4326 c:
328 4270 534 4326 commutabant
551 4270 617 4327 MV
716 4270 751 4325 28
768 4286 799 4324 cx
816 4270 860 4323 bis
877 4285 909 4324 e:
938 4268 983 4323 bia
999 4267 1063 4324 MV
