2760 4814
140 534 222 603 1012
621 508 782 597 En‘gippii

138 728 205 792 bro
222 721 430 800 habemus,
459 718 587 785 omnia
610 719 739 785 autem
762 719 936 785 membra
958 719 1168 802 eorporis,
1194 736 1270 783 oum

137 827 221 894 sint
242 824 383 899 multa,
406 840 521 888 unum
545 826 703 905 eorpus,
726 822 785 887 ita
807 824 845 886 et
867 818 1066 888 Christus.
1091 832 1158 888 non
1181 821 1270 887 dixit:

137 932 183 997 ita
206 931 237 996 et
260 926 388 1006 Christi,
423 925 455 991 id
479 931 528 991 est
550 944 659 1010 oorpus
681 924 798 991 Christi
822 925 874 990 uel
889 924 1034 990 membra
1049 922 1183 1002 Christi,
1207 924 1268 991 ssd:

136 1036 196 1100 ita
218 1034 256 1098 et
278 1030 473 1108 Christus,
497 1048 596 1095 unum
618 1027 776 1095 Christum
800 1028 961 1112 appellans
984 1029 1081 1111 eaput
1098 1033 1133 1094 et
1151 1040 1266 1112 eorpus.

179 1154 297 1237 Magna
317 1152 393 1219 hseo
415 1155 447 1218 ot
469 1152 551 1218 mira
567 1151 717 1237 dignatio.
741 1169 819 1233 quae
839 1150 986 1235 quoniam
1001 1147 1072 1215 fieri
1087 1168 1155 1215 non
1171 1148 1267 1235 potest
1286 1166 1297 1206 ι

138 1257 198 1325 nisi
222 1276 277 1341 per
299 1254 516 1322 remissionem
540 1256 749 1338 potentorum,
772 1253 915 1337 seqnitur
937 1256 969 1319 ot
984 1254 1079 1320 dioit:
1103 1256 1145 1320 et
1168 1255 1266 1320 siout

136 1362 266 1428 Moses
290 1360 492 1427 exultauit
515 1359 745 1442 serpentem
768 1358 807 1422 in
824 1358 998 1435 deserto,
1020 1359 1266 1424 itaexaltsri

135 1465 291 1548 oportet
313 1463 448 1529 filium
470 1461 650 1542 hominis,
675 1463 720 1528 ut
741 1461 873 1543 omnis,
896 1461 965 1545 qui
987 1462 1213 1528 crediderit
1233 1464 1266 1524 in

136 1588 230 1645 eum,
253 1586 327 1633 non
350 1568 498 1650 pereat,
522 1569 587 1632 sod
609 1566 758 1631 habeat
786 1565 912 1631 uitam
942 1565 1165 1631 aeternam.
1195 1562 1264 1648 quid

135 1677 211 1737 tuno
241 1671 274 1735 in
306 1671 426 1736 deserto
458 1669 576 1736 factum
609 1671 652 1734 sit
688 1670 847 1735 nouimus:
886 1672 1070 1750 serpentum
1108 1667 1264 1735 morsibus
1272 1688 1294 1727 n

136 1774 230 1840 multi
258 1773 490 1850 moriebantur3
525 1777 601 1838 tuno
627 1773 759 1856 populus
786 1772 916 1855 peooata
944 1791 1001 1837 sus
1031 1771 1189 1838 oonfitsns
1215 1789 1265 1856 per

135 1877 245 1943 Mosen
268 1878 451 1960 deprecatus
474 1882 520 1943 est
542 1876 714 1954 dominum,
738 1879 773 1939 ut
796 1875 854 1941 hoo
877 1875 915 1940 ab
939 1875 984 1941 eis
1008 1876 1096 1940 uirus
1117 1875 1263 1941 auimret.

136 2000 172 2049 ao
195 1981 241 2048 sio
264 1980 364 2046 Moses
387 1999 422 2046 er
444 1981 609 2064 praecepto
633 1979 751 2045 domini
774 1978 925 2045 exultauit
949 1978 981 2042 in
997 1981 1122 2045 deserto
1138 1996 1262 2045 aeneum

136 2085 313 2168 serpentem
338 2084 562 2165 admonuitque
584 2081 744 2166 populum,
768 2082 805 2148 ut
826 2081 919 2147 illum
934 2083 1109 2148 exaltatum
1127 2084 1264 2168 quisquis

134 2207 153 2254 a
175 2188 318 2271 serpente
340 2188 535 2253 morderetur
558 2188 748 2270 attenderet3
772 2186 829 2252 hoo
846 2186 993 2251 facientes
1010 2186 1163 2252 continno
1179 2198 1290 2253 sane-1⁵

133 2289 257 2355 bantur.
283 2289 358 2372 quid
381 2291 431 2354 est
452 2289 608 2355 exaltatus
630 2308 758 2372 serpens
782 2288 843 2354 nisi
866 2307 950 2354 mors
966 2288 1085 2355 christi
1104 2309 1142 2356 eo
1170 2292 1263 2374 signi·

133 2391 245 2459 finandi
268 2393 370 2470 modo,
394 2412 454 2476 quo
468 2414 524 2477 per
540 2393 728 2459 efficientem
747 2395 775 2458 id
793 2392 874 2476 quod
890 2392 1027 2457 efficitur
1043 2392 1262 2475 significatur?

133 2515 152 2562 a
174 2501 317 2579 serpente
340 2495 466 2579 quidem
489 2514 572 2562 mors
594 2496 692 2572 uenit,
720 2498 770 2579 qui
796 2499 972 2578 peceatum,
996 2512 1057 2579 qno
1080 2498 1260 2572 moreretur,

133 2598 254 2665 homini
278 2600 443 2681 persuasit.
474 2600 618 2665 dominus
641 2602 746 2666 autem
770 2601 801 2664 in
824 2618 950 2666 earnem
972 2617 1062 2664 suam
1078 2618 1143 2665 non
1159 2618 1259 2684 peooo·

134 2705 203 2767 tum
227 2703 392 2768 transtulit
415 2706 577 2787 tamquam
600 2722 755 2768 uenenum
777 2703 942 2785 serpentis,
966 2703 1020 2769 sed
1035 2705 1147 2769 tamen
1163 2705 1288 2769 trans-¹·

132 2805 208 2869 tulit
237 2808 380 2886 mortem,
415 2810 451 2871 ut
480 2806 563 2872 esset
592 2806 624 2870 in
653 2805 861 2871 similitudine
884 2808 985 2871 earnis
1014 2807 1137 2888 peooati
1168 2823 1259 2889 poena

132 2907 200 2974 sine
223 2908 322 2992 eulpa,
345 2910 426 2975 unde
450 2911 482 2974 in
505 2928 595 2975 carne
619 2910 738 2993 peooati
754 2910 786 2975 et
802 2911 896 2992 eulpa
911 2908 1087 2975 solueretur
1106 2914 1139 2974 et
1155 2927 1257 2994 poena

133 3012 213 3076 siout
243 3031 315 3097 orgo
344 3017 418 3078 tuno
449 3012 502 3095 qui
532 3012 739 3096 conspiciebat
767 3013 938 3078 exaltatum
967 3016 1156 3097 serpentem,
1192 3018 1258 3080 eta

132 3134 250 3182 ueneno
280 3115 448 3181 sanabatur
477 3120 508 3181 et
537 3120 676 3183 amorte
704 3116 907 3191 liberabatur,
936 3115 982 3180 sic
1005 3133 1090 3180 nuno
1113 3116 1169 3199 qni
1192 3135 1258 3182 oon·

132 3220 287 3287 formatur
310 3220 512 3286 similitudini
536 3221 645 3285 mortis
668 3218 786 3285 Christi
816 3240 871 3302 per
893 3219 993 3286 fidem,
1007 3219 1285 3303 baptismumque

133 3323 207 3406 eius,
243 3324 274 3389 et
301 3342 319 3388 a
340 3326 466 3407 peoeato
500 3342 554 3406 per
576 3322 830 3389 iustificationem
853 3327 884 3387 et
914 3324 1055 3387 amorte
1079 3341 1136 3405 per
1159 3339 1256 3386 resur·

133 3428 302 3492 rectionem
325 3427 489 3491 liberatur.
519 3426 576 3491 hoo
599 3428 647 3491 est
670 3425 753 3490 enim
777 3426 858 3508 quod
880 3426 941 3490 ait:
971 3427 1012 3487 ut
1034 3424 1172 3504 omnis,
1196 3422 1255 3507 qni

132 3532 258 3596 eredit
272 3531 415 3608 insum,
433 3549 504 3596 non
521 3533 662 3612 pereat,
680 3530 744 3594 sed
760 3530 899 3595 habeat
916 3528 1039 3593 uitam
1052 3529 1253 3613 aeternam.

232 3771 248 3821 ti
267 3769 305 3823 Io.
324 3768 350 3833 3,
369 3769 402 3822 14
410 3783 450 3836 sq.
554 3767 588 3821 10
605 3767 638 3821 el.
657 3765 737 3820 Num.
756 3767 797 3833 at,
816 3768 901 3835 dsqq.
1003 3766 1038 3821 27
1056 3767 1097 3823 Io.
1115 3768 1140 3835 3,
1162 3769 1192 3822 15

183 3981 298 4045 lomni'
315 3994 341 4057 (a
352 3991 415 4046 add.
428 4008 462 4045 m.
475 3994 505 4057 2)
525 3991 552 4044 P
636 3992 753 4043 2nnum
771 3990 808 4044 V:
827 3994 964 4044 urrnmest
980 3989 1033 4043 GP
1117 3990 1252 4045 detmirs

134 4075 169 4130 V:
197 4076 433 4143 miro(om.et)P
455 4078 607 4145 miroquea
699 4076 830 4145 lmoyses
845 4075 898 4129 GP
993 4077 1024 4129 11
1038 4074 1251 4130 confitensP'V:

129 4159 287 4213 confitenter
306 4160 342 4213 1³¹
442 4163 475 4217 12
493 4177 600 4230 moysen
621 4160 674 4215 GP
774 4161 805 4214 18
824 4160 930 4228 quidem
954 4160 990 4213 V:
1020 4161 1118 4230 quippe
1138 4162 1193 4216 GP

128 4246 162 4301 21
189 4244 380 4300 similitudines
408 4250 445 4315 (m
473 4251 539 4316 roe.)
566 4248 594 4302 P
692 4247 726 4300 23
751 4247 931 4315 oonspioiebat
960 4247 1022 4300 GP:
1059 4246 1252 4316 oononpiseebat

133 4332 160 4387 V
243 4331 276 4386 26
293 4337 429 4400 apeooato
444 4334 511 4389 GP:
538 4338 645 4403 peceato
662 4334 687 4388 V
702 4335 747 4401 (ef.
760 4351 788 4404 p.
800 4338 860 4400 191,
875 4337 913 4389 13.
933 4337 994 4399 870,
1007 4338 1051 4388 19.
1069 4339 1132 4403 929,
1144 4338 1190 4401 29)
