2760 4814
614 303 776 372 Eugippii

619 558 773 643 ooxffl.

135 755 182 802 EX
201 753 305 801 LIBRO
324 754 370 799 DE
388 752 557 800 BAP'I'ISIIO
575 753 608 799 V.
631 752 726 812 Qvol)
744 752 837 811 AQVA
856 749 1080 799 BAPTISMA'I'IS
1098 752 1143 799 ΕΤ
1160 752 1260 801 mal

232 855 422 905 ECCLESIAII
445 857 576 904 SALVET
598 857 641 902 ET
663 856 777 902 EXTRA
800 853 991 902 occansione
1014 854 1171 902 Daunus.

64 993 125 1060 231
180 996 260 1063 Sunt
275 996 371 1062 etiam
387 996 512 1078 qnidam
528 1013 565 1058 er
581 1013 615 1060 eo
632 1011 772 1071 numero,
789 993 843 1074 qni
860 993 962 1056 adhuc
984 993 1132 1074 nequiter
1155 993 1260 1058 uiuant

137 1106 191 1166 ant
225 1100 320 1164 etiam
357 1100 390 1163 in
424 1096 604 1163 haeresibus
637 1098 689 1161 uel
721 1097 754 1160 in
787 1096 954 1178 gentilium
990 1095 1287 1177 superstitionibusc

137 1202 269 1281 iaceant,
304 1211 335 1266 et
365 1207 471 1266 tamon
501 1201 596 1265 etiam
626 1200 693 1264 illic
723 1200 865 1263 dominns
896 1200 985 1263 nouit
1013 1199 1066 1281 qni
1089 1203 1167 1264 aunt
1190 1199 1259 1264 eins

136 1325 270 1388 namque
292 1308 323 1371 in
345 1305 402 1369 illa
423 1304 575 1369 ineffabili
598 1302 808 1384 praescientia
824 1300 927 1379 multi,
951 1303 1002 1383 qui
1018 1301 1093 1367 foris
1109 1303 1259 1379 uidentur,

139 1409 224 1473 intus
247 1411 321 1472 eunt
344 1407 501 1489 etmulti,
532 1408 585 1489 qni
615 1408 700 1471 intns
731 1406 885 1486 uidentur,
917 1405 991 1469 foris
1013 1409 1097 1471 sunt.
1136 1426 1175 1472 ex
1203 1405 1261 1471 illis

140 1531 212 1595 ergo
241 1511 395 1592 omnibns,
426 1510 488 1590 qni,
524 1513 560 1574 nt
582 1511 629 1573 ita
659 1510 770 1583 dicam,
804 1509 992 1573 intrinsecus
1019 1511 1053 1573 et
1085 1508 1121 1574 in
1144 1510 1261 1576 occulte

141 1613 227 1677 intus
243 1618 325 1688 sunt,
343 1615 466 1676 constat
482 1611 536 1675 ille
555 1612 690 1675 hortus
714 1612 940 1689 conclusus,
963 1610 1052 1675 lons
1074 1615 1287 1696 signatuso

140 1720 283 1801 putens
313 1734 436 1797 aquae
467 1715 596 1790 uiuae,
627 1713 840 1796 paradisus
871 1733 957 1778 cnm
986 1714 1119 1780 fructu
1143 1734 1261 1799 pomo

142 1838 234 1884 rum.
272 1818 381 1883 horum
405 1836 535 1883 munera
557 1836 701 1883 concessa
724 1817 875 1882 diuinitus
898 1816 1012 1902 partim
1036 1822 1111 1883 sunt
1134 1822 1262 1901 propria,

142 1924 225 1989 sient
257 1923 290 1986 in
322 1923 380 1986 hoc
413 1923 551 2004 tempore
585 1921 792 2004 infatigabilis
822 1921 933 1985 caritas
957 1925 988 1985 et
1017 1923 1049 1985 in
1073 1922 1182 1986 futuro
1204 1924 1263 1987 nita

144 2031 278 2107 aeterna,
301 2026 509 2109 pertimuere
532 2044 602 2090 cum
624 2026 717 2090 malis
740 2027 955 2109 peruersisqne
979 2028 1167 2101 communia,
1192 2030 1265 2093 sicut

144 2130 250 2197 omnia
272 2131 384 2208 cetera,
411 2131 441 2194 iu
465 2128 579 2211 quibus
602 2132 676 2194 sunt
698 2132 729 2193 et
751 2131 944 2195 sacrosancto
965 2130 1126 2211 mysteria.
1273 2141 1292 2187 1⁵

186 2251 271 2316 Hinc
301 2252 406 2332 itaque
436 2253 499 2315 iam
529 2250 651 2316 facilior
681 2251 770 2317 nobis
801 2255 833 2315 et
856 2250 1025 2332 expeditior
1054 2269 1146 2317 arcae
1176 2253 1268 2327 illius,

146 2357 233 2421 cuins
248 2355 314 2420 Noe
331 2354 498 2420 fabricator
514 2354 545 2418 et
560 2356 748 2438 gubernator
767 2354 837 2433 fnit,
861 2352 1064 2418 consideratio
1079 2358 1272 2437 proponitur.

146 2461 191 2524 ait
207 2458 290 2523 enim
305 2458 433 2522 Petrus:
457 2458 496 2522 in
514 2475 604 2522 arca
623 2456 701 2522 Noe
724 2456 854 2540 pauci,
877 2456 916 2520 id
938 2457 998 2520 est
1016 2460 1102 2521 octo
1121 2458 1274 2523 enlmae

147 2560 350 2625 hominum
380 2562 513 2625 saluas
542 2559 674 2624 factae
705 2561 797 2624 sunt
826 2579 892 2643 per
922 2576 1077 2641 aqnam;
1113 2563 1214 2642 quod
1238 2568 1278 2626 et

148 2683 214 2729 nos
237 2663 363 2729 simili
390 2664 513 2729 forma
535 2664 728 2747 baptismi
750 2664 879 2727 saluas
902 2662 1017 2742 lacit,
1047 2681 1120 2729 non
1144 2667 1308 2730 carnis⁵

152 2766 345 2851 depositio
368 2767 558 2844 sordium,
582 2768 649 2832 sed
671 2765 939 2832 conscientiae
960 2766 1084 2831 bonae
1105 2766 1274 2833 interro·

253 2969 286 3024 10
308 2967 385 3024 Cant.
403 2969 429 3033 4,
448 2968 480 3021 12
498 2971 526 3022 et
544 2968 577 3022 15
665 2969 695 3023 17
719 2970 752 3024 cl.
770 2971 835 3025 Gen.
853 2970 877 3035 6,
898 2971 929 3024 14
947 2973 975 3024 et
991 2971 1025 3024 22
1112 2972 1146 3026 18
1169 2972 1183 3027 1
1203 2973 1274 3028 Patr.

148 3058 175 3123 3,
194 3056 277 3124 20sq.

205 3246 218 3299 l
243 3259 302 3313 cop.
326 3244 439 3299 CCXIII
461 3246 523 3312 (sic)
546 3244 573 3298 A
602 3242 736 3298 ccxxxl
760 3244 787 3298 P
812 3245 961 3300 ccxxxn
982 3246 1024 3301 Go
1127 3248 1145 3301 3
1168 3247 1276 3302 damnat

151 3363 179 3417 A
281 3364 415 3418 4uiunnt
431 3363 495 3417 AP¹
599 3336 724 3418 6iaco⁸nt
741 3369 769 3430 (a
785 3364 850 3421 cdd.
869 3370 949 3430 Μ)
970 3367 998 3420 Ρ
1099 3368 1177 3421 nouit
1194 3368 1276 3421 domi·

152 3466 202 3505 nus
220 3450 292 3504 APo
389 3450 404 3504 7
423 3450 601 3519 praescientia
622 3449 658 3504 V:
685 3454 835 3520 praesentia
853 3452 879 3504 A
907 3453 1083 3521 praescientia
1100 3452 1142 3507 dei
1161 3471 1178 3510 o
1204 3470 1277 3522 prae·

153 3536 243 3590 sentia
260 3536 303 3590 dei
321 3536 349 3590 P
448 3536 622 3607 8uidentnr]
644 3552 694 3592 om,
712 3537 756 3593 Po
857 3537 952 3606 equi]
971 3540 1034 3607 qnia
1050 3539 1078 3593 A
1183 3541 1278 3594 intrin-

153 3671 227 3710 secns
245 3659 273 3709 A
375 3656 412 3727 et]
431 3674 519 3714 omo
624 3659 656 3714 10
673 3660 746 3729 sunt]
766 3658 855 3714 elnto
958 3662 989 3715 ll
1014 3647 1169 3747 paradissus
1189 3667 1212 3730 (a
1230 3663 1280 3716 dcl

154 3776 188 3814 m.
207 3762 238 3827 2)
257 3760 284 3814 V
309 3761 492 3829 paradysuso
590 3748 707 3847 iunctum
726 3765 753 3817 A
847 3779 987 3832 pomorum
1005 3766 1032 3818 A
1124 3766 1158 3822 12
1176 3766 1280 3835 horum]

153 3846 249 3933 hoium
273 3883 297 3943 (t
315 3879 379 3934 add.
397 3898 431 3935 m.
450 3884 481 3946 2)
505 3883 533 3937 P
634 3885 831 3939 refusurus
933 3887 1007 3939 uitae
1030 3889 1152 3941 aeternae
1176 3889 1214 3943 P¹

155 3967 189 4021 15
212 3966 248 4035 et]
268 3981 351 4020 octo
454 3973 622 4024 morasancta
639 3971 667 4024 P
770 3973 803 4026 16
825 3974 863 4042 et]
882 3989 931 4027 cm.
951 3973 978 4025 A
1082 3973 1114 4027 17
1137 3972 1284 4029 fabricator

155 4054 211 4118 (tor
228 4069 246 4105 a
256 4067 290 4105 m.
303 4054 365 4106 2in
377 4056 444 4122 ras.)
461 4054 488 4107 P
590 4060 753 4126 gunernator
769 4058 796 4112 V
823 4058 986 4126 gnbematnr
1004 4058 1041 4111 P¹
1146 4059 1179 4113 19
1198 4059 1284 4115 homi·

155 4139 334 4208 ramlosae
431 4140 547 4208 eqnaV
647 4143 682 4196 20
699 4144 786 4198 simile
803 4145 831 4198 A
929 4145 1057 4212 baptismi
1081 4143 1117 4197 V:
1148 4144 1287 4216 baptisma

155 4224 228 4281 APc
331 4225 419 4280 saluas
441 4226 477 4281 V:
508 4227 596 4281 saluos
614 4229 712 4284 APo'
788 4230 853 4285 lacit
872 4236 898 4296 (a
915 4247 949 4285 cc
967 4247 980 4284 e
998 4236 1078 4298 coru)
1097 4231 1125 4285 P
