2760 4814
200 284 262 350 154
682 278 846 350 Eugippii
867 330 869 335 .

198 492 272 560 arga
295 477 384 541 erant
407 473 522 559 angeli,
546 473 667 557 quaudo
691 472 864 539 factasunt
885 473 1003 550 sidera3
1027 472 1111 539 iacta
1133 474 1208 538 sunt
1221 475 1330 538 autem

198 581 309 663 quarto
332 577 392 643 die.
429 577 657 660 numquidnam
675 594 749 661 orgo
765 575 816 642 die
837 577 930 642 tertio
954 576 1055 642 iactos
1077 593 1143 642 asso
1164 576 1331 643 dicemus?

197 680 291 750 anuo
320 680 354 745 iu
378 685 503 764 promtu
525 684 572 746 est
594 680 679 745 enim
702 680 778 762 quid
800 678 857 744 illo
874 678 925 745 die
947 677 1068 744 fautum
1091 678 1150 744 sit:
1174 680 1213 745 ab
1238 679 1329 762 aquis

197 784 306 869 utiquo
328 788 412 850 terra
433 784 569 850 discreta
596 783 647 848 est
669 785 702 848 et
723 782 890 849 distinctas
912 782 962 848 sni
985 781 1107 864 generis
1129 783 1245 865 species
1267 785 1329 849 duo

197 887 260 955 iata
281 889 436 955 elementa
456 888 638 957 sumserunt
664 888 697 952 et
717 886 864 970 produxit
886 888 972 952 terra
996 884 1147 970 quidquid
1162 886 1191 951 ei
1214 885 1330 952 radici·
1350 900 1368 946 s

197 995 251 1057 tus
282 990 434 1057 inhaeret.
470 990 698 1075 numquidnam
726 989 886 1056 secundo?
918 1008 958 1054 no
985 988 1044 1054 hoo
1072 988 1217 1072 quidem;
1252 991 1332 1055 tuno

198 1094 282 1161 euim
304 1072 538 1160 firmamentum
560 1094 680 1159 iactum
702 1095 749 1158 ast
770 1111 864 1174 super
879 1110 977 1175 aquas
999 1093 1173 1175 superiores
1189 1093 1330 1159 coslum·

198 1216 259 1282 que
280 1197 474 1281 appellatum
495 1201 562 1274 est;
581 1196 616 1261 iu
639 1212 700 1278 quo
722 1195 921 1261 firmamento
942 1200 1053 1278 quarto
1076 1196 1126 1262 die
1147 1197 1332 1262 factasunt

198 1299 309 1368 adca.
346 1300 496 1366 uimirm
526 1318 599 1384 orgo
626 1298 654 1364 si
682 1299 722 1364 ad
744 1299 877 1364 istorum
898 1299 1019 1364 dierum
1043 1316 1136 1382 opera
1158 1299 1208 1365 dei
1230 1300 1331 1383 porti·

199 1407 276 1469 ueut
297 1404 411 1489 augeli,
432 1403 495 1488 ipsi
517 1404 592 1468 suut
613 1402 670 1467 ilia
691 1404 754 1484 lun,
778 1420 855 1486 quae
869 1404 930 1468 diei
952 1420 1063 1468 nomen
1088 1403 1218 1486 accepit,
1241 1404 1370 1471 minen

198 1509 303 1573 unitas
325 1509 363 1571 ut
384 1506 662 1584 commendaretur,
685 1524 747 1572 uon
769 1507 819 1570 ast
841 1505 945 1571 dietus
961 1507 1025 1570 dias
1041 1506 1170 1588 primus,
1192 1506 1248 1571 sed
1264 1506 1332 1572 dies

199 1627 296 1684 anus;
328 1626 384 1673 neo
412 1608 494 1673 alius
518 1609 567 1672 est
588 1608 653 1673 dies
675 1607 831 1673 socundus
854 1611 914 1673 aut
932 1609 1044 1673 tertius
1067 1611 1122 1673 aut
1145 1608 1250 1686 ceteri,
1273 1611 1331 1676 sed

198 1712 282 1779 idem
320 1713 385 1794 ipso
422 1729 503 1776 uuus
537 1711 576 1777 ad
611 1710 808 1794 implendum
838 1712 997 1777 senarium
1031 1712 1083 1777 uel
1117 1712 1331 1796 septenarium

199 1833 364 1883 numerum
396 1815 551 1899 repetitus
584 1817 632 1880 est
662 1817 789 1897 propter
816 1814 992 1901 <senariam
1019 1813 1089 1900 uel)
1119 1816 1330 1900 septenariam

199 1919 424 2006 coguitionem:
457 1920 612 1984 senariam
645 1917 766 1983 scilicet
797 1935 935 2001 operum,
970 1936 1049 2001 quae
1079 1917 1153 1985 iecit
1181 1920 1267 1995 dous,
1298 1923 1367 1989 oon

200 2022 370 2105 septimam
393 2021 509 2105 quistis
531 2021 591 2087 dei.
622 2021 801 2086 cumcuim
823 2020 904 2086 dixit
925 2021 1017 2087 deus:
1043 2021 1119 2086 fiat
1141 2023 1223 2099 lun,
1245 2021 1331 2088 facta

200 2132 248 2192 est
275 2125 345 2205 lun;
374 2125 507 2190 sirecte
535 2126 569 2190 iu
590 2125 648 2189 hac
678 2125 748 2190 luce
771 2126 888 2190 creatio
913 2124 1114 2208 intellegitur
1136 2127 1330 2208 angelorum,

198 2227 337 2313 proiecto
371 2228 449 2295 faoti
482 2232 555 2294 sunt
588 2231 757 2311 participes
791 2227 868 2295 lucia
896 2233 1050 2307 aeternae,
1085 2229 1166 2312 quod
1189 2233 1238 2295 est
1258 2230 1331 2312 ipsa

197 2333 462 2399 iucommutabilis
494 2333 646 2415 sapientia
680 2333 739 2411 dei,
773 2351 827 2414 per
859 2351 953 2416 quam
986 2332 1073 2397 facta
1103 2332 1180 2398 suut
1212 2335 1330 2410 omnia,

198 2455 292 2519 quam
321 2437 454 2502 dicimus
483 2436 681 2520 unigenitum
709 2434 761 2500 dei
786 2435 899 2516 filium,
930 2440 965 2503 ut
987 2455 1023 2502 ea
1045 2437 1114 2502 luce
1136 2436 1370 2514 inluminati,-

199 2557 261 2622 qua
293 2539 400 2618 creati,
435 2539 543 2605 fierent
565 2539 619 2605 lux
641 2543 673 2604 et
695 2544 880 2604 uocarentur
914 2540 980 2605 dias
1007 2539 1248 2624 participatione
1277 2540 1330 2605 iu·

199 2642 433 2708 commutabilis
466 2641 546 2707 lucis
573 2642 607 2706 ot
634 2640 708 2716 diei,
741 2644 823 2724 quod
844 2647 892 2708 est
915 2643 1045 2708 uerbum
1076 2644 1136 2722 dei,
1170 2662 1226 2725 por
1247 2641 1331 2726 quod

198 2743 234 2810 et
259 2744 319 2826 ipsi
342 2747 375 2809 ot
402 2746 507 2810 omnia
534 2743 726 2811 factasunt.
764 2744 895 2810 lumen
918 2748 1031 2828 quippe
1053 2764 1205 2824 uerum,
1228 2746 1331 2829 quod

199 2847 415 2915 inluminat
458 2867 607 2915 omnam
650 2849 845 2916 hominem
889 2852 1114 2915 uenientem
1157 2851 1194 2914 iu
1230 2848 1332 2915 hunc

198 2950 399 3032 muudum,
431 2951 491 3017 hoo
517 2952 687 3019 inluminat
714 2956 747 3018 et
775 2969 899 3018 omnem
928 2952 1074 3035 angelum
1103 2951 1264 3030 muudum,
1296 2955 1370 3039 utq

198 3054 243 3120 sit
263 3054 317 3121 lux
337 3073 401 3120 nou
422 3056 455 3121 in
471 3074 511 3135 *se
533 3056 612 3139 ipso,
633 3056 690 3122 aad
711 3057 744 3121 in
767 3055 839 3122 deo:
862 3057 995 3139 aquosi
1010 3056 1166 3122 auertitur
1186 3054 1330 3138 augelus,
1365 3070 1370 3099 ÷

199 3156 236 3223 tit
256 3156 448 3238 immundus,
469 3160 552 3225 sicut
573 3161 648 3225 suut
664 3163 840 3242 omnesqui
856 3160 1007 3226 uocantur
1021 3159 1177 3227 immundi
1190 3157 1332 3242 spiritus,

199 3278 258 3327 neo
291 3261 355 3327 iam
387 3261 442 3328 lun
472 3263 506 3329 iu
538 3263 673 3338 domino,
711 3264 766 3329 sod
787 3262 821 3329 in
841 3282 876 3328 ss
906 3263 984 3346 ipsis
1017 3262 1174 3341 tenebras,
1212 3261 1333 3345 priuati

199 3363 440 3446 participatione
462 3366 542 3432 lucis
562 3372 717 3433 aeternae.
745 3365 822 3432 mali
845 3369 929 3432 enim
952 3366 1041 3433 nulla
1062 3371 1176 3433 natura
1197 3367 1253 3442 sat,
1277 3365 1332 3433 aad

199 3466 327 3534 amissio
349 3468 423 3534 boui
446 3467 522 3535 maii
544 3485 658 3535 nomeu
685 3469 826 3554 accepit·
1340 3488 1370 3543 ss

301 3668 391 3725 2310.
412 3670 469 3735 1,9

249 3859 352 3928 dungo
373 3873 424 3913 ooo
448 3858 492 3914 Po
593 3857 681 3914 faetus
708 3859 744 3915 P·
848 3860 962 3915 dicimus
988 3861 1031 3915 Po
1132 3859 1150 3915 3
1176 3863 1332 3930 promptum

199 3944 227 4000 Τ
320 3943 476 4014 quodopr.
578 3945 790 4002 sumtuosa?
889 3947 1156 4016 bsumpseruntPo
1253 3947 1332 4016 dus]
1365 4011 1367 4015 ι

182 4045 247 4098 ,που
272 4046 292 4086 o
392 4030 426 4084 10
451 4030 529 4101 quae]
554 4031 602 4101 qui
628 4030 686 4087 PV
787 4033 820 4087 14
846 4033 979 4090 anatha
1000 4033 1044 4087 usi
1066 4048 1098 4086 a:
1126 4048 1178 4088 ooo.
1198 4031 1265 4088 lora
1361 4038 1365 4108 J

197 4114 401 4185 operamne
487 4115 820 4187 reconpensaret
905 4118 1158 4174 unicornuus
1239 4107 1366 4187 seru}

197 4203 235 4259 os
256 4205 295 4258 re
396 4203 431 4258 eo
448 4203 585 4259 meme
606 4205 632 4259 r
1363 4190 1365 4199 ’
