2760 4814
154 304 217 374 292
640 305 805 375 Eugippii

153 498 212 578 est,
245 512 307 559 nou
332 495 367 559 ut
391 493 422 559 id
445 495 525 575 qnod
555 493 691 577 sopitum
723 496 791 561 erat
820 494 892 559 hinc
915 499 1139 579 accenderetur,
1170 495 1224 561 sed
1248 517 1287 561 ne

155 597 186 662 id
210 597 292 679 qnod
314 597 444 662 ardebat
466 596 552 662 ultra
572 599 788 663 extenderetur
811 598 985 680 impositus.
1016 601 1065 663 eet
1086 602 1170 664 enirn
1188 618 1285 681 quae·

154 704 228 768 dam
257 699 398 767 uindicta
425 699 510 766 iusta
539 702 681 783 iusteque
704 701 834 768 debetur
856 701 885 766 ei
907 701 961 784 quai
984 700 1080 766 fuerit
1103 720 1212 784 paesun
1234 703 1284 766 iu·

154 805 277 872 iuriam.
320 803 404 870 undo
441 804 550 885 ntique
589 822 660 869 cum
693 803 892 888 ignoscimuo,
931 807 968 870 de
1005 810 1113 871 nostro
1149 807 1285 888 quodem

154 908 244 974 modo
276 908 344 974 iure
377 908 545 992 largimur.¹
581 907 662 973 uude
697 906 795 973 etiam
828 908 934 974 debita
956 908 1112 987 dicuntur,
1150 927 1228 990 quae
1253 910 1323 972 ine

155 1013 291 1077 oratione
314 1011 472 1077 dominica
494 1010 675 1075 humanitus
699 1009 856 1075 dimittere
878 1029 1049 1086 monemur,
1081 1013 1116 1074 ut
1140 1009 1231 1075 nobis
1254 1013 1285 1075 et

155 1115 260 1181 nost-ra
282 1113 434 1182 diuinitus
450 1113 661 1179 dimittantur.
693 1113 774 1196 quod
788 1115 893 1179 autem
909 1114 1048 1194 debetur,
1074 1113 1132 1179 etsi
1148 1113 1285 1198 benigne

154 1218 336 1298 remittitur,
366 1236 428 1284 non
458 1222 562 1282 tamen
585 1217 690 1300 inique
712 1216 874 1300 repetitur.
915 1217 969 1283 aed
996 1217 1077 1284 sient
1101 1216 1133 1283 iu
1155 1219 1288 1283 iurando

156 1323 253 1388 etiam
282 1322 335 1405 qui
366 1338 474 1386 uerum
505 1321 589 1386 iurat
612 1321 797 1404 propinquat
820 1321 946 1404 peiurio,
978 1321 1061 1386 unde
1084 1321 1175 1406 longe
1198 1321 1288 1386 ebert

155 1424 208 1508 qui
230 1424 356 1491 omnino
378 1443 439 1490 non
461 1423 559 1500 iurat3
582 1425 614 1488 et
637 1425 781 1506 quamuis
796 1441 859 1489 uon
874 1427 981 1509 peccet
996 1427 1048 1508 qui
1063 1444 1173 1491 uerum
1191 1424 1285 1499 iurat,
1299 1447 1324 1484 ιο

155 1529 303 1594 remotior
324 1529 430 1593 tamen
454 1544 473 1591 a
494 1530 619 1610 peceato
642 1530 690 1592 eet
712 1525 766 1609 qui
784 1544 845 1592 non
861 1527 942 1592 iurat
958 1531 1096 1594 -uude
1112 1526 1285 1593 admonitio

156 1647 216 1697 non
238 1629 363 1698 iurandi
384 1630 576 1696 conseruatio
592 1634 638 1695 est
653 1649 671 1695 a
685 1631 812 1714 peccato
827 1631 954 1716 peiuri'u':
971 1666 1014 1680 -
1028 1632 1075 1698 ita
1091 1650 1161 1696 oum
1176 1632 1285 1713 peccet

156 1733 209 1818 qui
231 1750 286 1816 per
307 1733 599 1799 immoderationem
631 1734 746 1800 iniuste
780 1736 850 1800 nult
883 1734 1048 1813 uindicari,
1082 1751 1143 1800 non
1176 1736 1284 1816 peccet

157 1837 262 1902 autem
284 1835 338 1919 qui
361 1835 489 1902 modum
511 1834 660 1901 adhibens
682 1838 765 1901 iuste
787 1837 859 1902 uult
881 1835 1041 1920 uindicari,
1065 1835 1213 1901 remotior
1236 1838 1286 1900 eet

158 1941 325 2023 apecoato
358 1941 494 2007 iniustae
527 1940 683 2008 uindictae
714 1940 766 2024 qui
798 1959 859 2007 nou
880 1942 952 2006 uult
973 1941 1097 2007 omnino
1120 1938 1285 2006 uindicari.
1299 1964 1324 2005 re

157 2049 266 2128 peceat
287 2046 372 2111 enim
395 2044 449 2128 qui
471 2044 568 2129 exigit
590 2045 677 2110 ultra
700 2043 856 2128 debitum,
887 2062 948 2109 non
971 2047 1079 2128 peceat
1102 2045 1209 2108 autern
1232 2042 1287 2125 qui

159 2146 257 2232 exigit
279 2148 433 2215 debitam:
457 2149 512 2214 sed
535 2149 634 2214 tutius
656 2147 747 2232 longe
762 2147 811 2211 eet
825 2163 844 2211 a
858 2151 983 2227 peceato
1006 2147 1116 2212 iniusti
1133 2145 1287 2212 exactoris

157 2251 210 2335 qui
234 2253 359 2318 omniuo
382 2269 442 2317 non
466 2250 564 2336 exigit
585 2249 734 2328 debitum,
758 2250 941 2332 praesertim
959 2269 998 2315 ne
1014 2254 1145 2334 cogatur
1166 2252 1197 2314 et
1220 2250 1287 2331 ipse

158 2354 287 2422 reddere
309 2355 450 2422 debitum
472 2357 512 2423 ab
535 2375 570 2422 eo
593 2355 646 2438 qui
669 2354 791 2420 nullum
813 2354 907 2419 habet
930 2353 1079 2420 debitum.

261 2641 278 2695 6
297 2639 331 2695 ot.
349 2640 448 2696 nean.
466 2642 491 2708 6,
510 2640 544 2696 12

211 2912 371 2983 leopitnm]
390 2913 509 2982 cupitum
526 2913 568 2968 D²
593 2912 712 2968 cubitum
730 2913 788 2968 D¹o
876 2915 1055 2969 accinderitnr
1071 2914 1112 2969 D¹
1207 2917 1287 2970 tar·

159 2997 254 3055 dente
339 2999 569 3055 extenderiturD¹
654 3001 844 3070 impositnmo
930 3001 1066 3070 quaedam]
1087 2999 1217 3070 qddamo

159 3088 265 3141 tincta
281 3085 402 3141 uindicta
425 3087 508 3141 DPT
535 3085 576 3141 iue
600 3086 757 3155 uindicteo
858 3086 891 3156 ei]
913 3089 941 3140 et
962 3086 1016 3141 P¹o
1116 3087 1294 3156 dlargimue'

163 3173 188 3229 V
272 3173 447 3229 ddemittere
464 3173 533 3228 ΒΡ·
619 3173 801 3228 monemurT
884 3174 1071 3228 dremittetur
1088 3175 1117 3228 D
1143 3175 1287 3234 remitatur

159 3260 196 3314 P¹
298 3261 395 3314 9uero
412 3260 453 3314 D'
556 3260 672 3329 periurio
689 3260 786 3315 DPTo
887 3259 921 3314 10
938 3261 1024 3328 peccit
1041 3260 1070 3315 D
1175 3262 1206 3315 11
1221 3265 1285 3329 poet

159 3346 232 3401 iurat
254 3344 320 3401 odd.
343 3344 469 3400 D¹GPo=
496 3344 594 3399 maluit
616 3361 665 3400 nor
689 3344 811 3400 dominus
834 3348 862 3400 ct
886 3361 938 3400 uon
957 3344 1077 3400 iurantee
1094 3360 1149 3400 non
1166 3345 1285 3400 recedere

159 3447 254 3486 auaro
271 3447 352 3502 quam
371 3446 464 3487 uerum
482 3431 601 3486 iurantes
618 3431 796 3502 propinquare
815 3431 928 3501 periurio
1033 3431 1065 3487 12
1088 3431 1198 3501 periurii
1219 3431 1287 3486 ΒΜ

159 3517 226 3575 PTo
328 3518 361 3574 13
380 3519 431 3583 (14.
450 3519 494 3585 15)
511 3519 645 3575 uindicare
660 3518 720 3575 D¹o
822 3521 946 3588 peccato
1055 3519 1088 3573 14
1106 3518 1216 3574 modoo

109 3603 192 3659 ‘15
211 3603 342 3660 uindicari
358 3607 466 3661 omnino
483 3604 514 3660 D
616 3606 648 3661 17
670 3605 765 3675 tutius]
783 3605 868 3661 totius
885 3604 983 3661 DP¹T
1082 3605 1217 3660 iniustae

160 3690 192 3744 19
209 3689 266 3760 qui]
283 3691 354 3760 quod
372 3690 401 3745 P
500 3690 577 3746 habit
597 3693 638 3747 12¹
