2760 4814
198 300 262 365 θῶ
684 296 845 364 &mm

200 487 302 569 petest
324 486 441 567 aliquid
458 505 495 550 ex
513 503 647 566 corpore,
671 484 752 567 quod
774 483 876 548 adhuc
899 486 1108 567 corrumpitur
1126 485 1160 549 et
1176 488 1329 567 aggrauat

199 589 349 672 animam,
373 590 475 652 minus
498 589 616 671 liquide
633 607 757 652 cernere
773 589 806 651 et
821 588 914 651 aliter
929 606 1046 670 sapere,
1070 587 1152 669 quod
1169 587 1202 652 in
1219 587 1328 653 eadem

199 692 328 756 caritate
350 692 543 773 permanenti
567 690 641 755 deus
657 710 729 755 cum
744 691 880 755 uoluerit
895 691 1059 755 reuelahit:
1085 690 1130 754 sic
1152 689 1186 753 in
1202 690 1327 755 homine

199 796 321 860 carnali
336 796 428 879 atque
451 812 596 876 peruerse
618 796 722 876 potest
744 793 871 877 aliquod
893 796 1007 860 bonnm
1030 797 1062 858 et
1083 794 1165 859 utile
1188 792 1325 877 reperiri,

199 899 281 980 quod
311 898 435 963 aliunde
466 899 517 981 sit,
547 917 606 963 non
630 918 665 962 ex
694 897 771 979 ipsc.
809 898 881 962 iram
905 900 940 963 ut
962 898 994 962 in
1015 897 1146 979 palmite
1170 896 1353 962 fructuosae

200 1001 358 1065 inuenitur
388 1000 506 1083 aliquid
536 1002 615 1081 qued
646 1000 844 1082 purgandum
871 1000 922 1078 sit,
955 1000 991 1064 ut
1013 1000 1165 1064 maiorem
1188 999 1325 1065 fructum

201 1105 292 1181 ferat,
315 1103 361 1168 ita
384 1104 416 1167 et
438 1104 471 1167 in
494 1102 663 1167 harundine
687 1102 788 1168 sterili
810 1104 904 1185 atque
920 1102 1006 1168 arida
1028 1102 1079 1167 uel
1094 1101 1228 1186 alligata
1250 1103 1326 1169 solet

200 1224 262 1271 uua
295 1208 440 1289 pendere.
479 1209 511 1271 et
534 1207 613 1290 ideo,
647 1205 730 1271 sicut
763 1206 897 1270 stultum
926 1211 974 1271 est
1007 1205 1164 1272 fructiferi
1187 1207 1324 1288 palmitis

201 1314 408 1395 purgamenta
438 1310 578 1394 diligere,
610 1309 768 1374 commode
793 1313 899 1373 antem
931 1309 1006 1373 facit
1029 1311 1082 1391 qni
1104 1327 1199 1391 poma
1219 1308 1325 1375 suauis

201 1413 316 1495 ubique
339 1432 489 1494 suspensa
511 1431 570 1477 nen
594 1413 721 1495 respuit,
747 1414 792 1477 ita
815 1413 954 1495 quisquis
970 1411 1008 1476 ab
1032 1413 1153 1478 unitate
1167 1415 1322 1496 praecisus
1330 1432 1349 1471 ιι

200 1521 365 1598 prepterea
394 1517 578 1596 rebaptizat,
607 1516 682 1598 quia
703 1514 856 1598 Cypriane
883 1515 986 1580 uisum
1018 1516 1066 1579 est
1094 1515 1133 1579 ab
1162 1515 1323 1582 haereticis

200 1617 361 1682 uenientes
394 1621 493 1683 denuo
527 1619 676 1699 baptizari
706 1619 856 1699 opertere,
887 1617 1042 1683 laudanda
1070 1619 1104 1682 in
1134 1620 1225 1684 tanto
1257 1619 1321 1684 uiro

199 1727 359 1785 auersetur
383 1723 415 1786 et
438 1721 630 1786 emendanda
658 1725 795 1787 sectatur
824 1739 881 1786 nec
912 1739 949 1786 ea
978 1721 1046 1804 ipsa
1074 1740 1154 1805 quae
1185 1728 1322 1789 sectatur

198 1824 383 1906 assequitur.
423 1824 477 1890 ille
506 1827 589 1890 euim
615 1825 691 1890 dum
722 1826 786 1890 zelo
817 1825 868 1890 dei
898 1827 1037 1910 grauiter
1067 1825 1247 1891 detestatur
1277 1843 1322 1890 eos

199 1927 253 2008 qui
275 1946 306 1992 se
330 1927 369 1992 ab
392 1929 513 1994 unitate
536 1931 768 2011 eeparauerunt,
792 1930 887 1994 etiam
903 1932 942 1996 ah
965 1931 1031 2013 ipso
1054 1929 1213 2012 baptismo
1236 1945 1350 2011 sepa-1⁵

199 2032 283 2094 rates
306 2049 372 2095 esse
394 2031 564 2098 arbitratus
588 2033 652 2116 est3
682 2032 734 2096 isti
765 2037 871 2097 autem
893 2052 1004 2115 parum
1027 2033 1153 2097 sceleris
1176 2034 1324 2115 putantes

199 2133 281 2215 quod
311 2134 371 2216 ipsi
393 2153 411 2198 a
432 2134 548 2200 Christi
578 2136 698 2200 unitate
729 2135 864 2216 separati
895 2140 977 2213 sunt,
1008 2136 1104 2200 etiam
1133 2135 1325 2217 baptismum

199 2235 265 2301 eius
297 2237 362 2302 illic
397 2256 457 2302 uon
492 2256 557 2303 esse
587 2244 618 2302 et
640 2257 747 2303 secum
781 2239 880 2303 exisse
913 2241 1113 2304 contendunt.
1151 2239 1220 2304 tam
1254 2257 1326 2324 crgo

200 2339 291 2424 longe
321 2345 435 2405 sunta
461 2341 830 2427 fecunditatecypriani,
860 2343 896 2407 ut
926 2360 982 2407 nec
1012 2343 1230 2426 purgamentis
1261 2342 1326 2408 eius

198 2446 379 2525 aequentur.
1335 2468 1359 2509 ιι

242 2562 322 2626 Item
345 2564 485 2647 quisquis
508 2585 569 2631 uon
593 2566 709 2630 habens
725 2568 889 2632 caritatem
905 2568 937 2631 et
959 2566 1095 2648 perditas
1110 2567 1180 2631 uias
1204 2585 1326 2632 morum

199 2665 374 2747 ingrediens
404 2670 610 2751 pessimorum
641 2671 726 2734 intus
756 2668 881 2735 uidetur
910 2688 987 2750 esse,
1020 2688 1093 2734 cum
1116 2669 1193 2735 foris
1217 2670 1269 2745 sit,
1297 2672 1329 2735 et

198 2767 390 2850 baptismum
408 2770 523 2836 Christi
546 2773 656 2837 necin
679 2772 844 2837 haereticis
868 2771 991 2855 repetit,
1014 2773 1094 2837 nihil
1113 2773 1180 2837 eius
1197 2774 1329 2839 adiuuat

198 2872 397 2938 sterilitatem
433 2876 513 2956 quod
546 2894 605 2941 nen
640 2876 827 2940 secundatur
856 2893 922 2955 suc,
959 2877 1013 2942 sed
1043 2875 1149 2940 lrnctu
1180 2882 1329 2941 oneratur

303 3111 543 3182 remam
646 3112 945 3183 suffimen

249 3339 266 3391 2
283 3336 393 3407 liquide]
412 3337 520 3407 loquide
540 3338 566 3391 V
589 3337 664 3407 loqui
683 3339 720 3392 Ρι
811 3354 940 3393 „cernere
960 3340 1002 3403 (de
1020 3346 1086 3403 rac.)
1106 3338 1134 3392 P
1226 3340 1242 3394 3
1262 3341 1329 3395 cari·

197 3425 283 3476 tatem
304 3423 331 3476 V
431 3423 564 3478 reuelabit
589 3423 616 3490 (b
640 3441 673 3478 cc
696 3441 713 3479 ιι
736 3440 805 3479 corr.
822 3441 856 3479 m.
875 3425 902 3492 1)
928 3425 955 3478 V
1051 3426 1200 3495 4aliqu0d
1223 3430 1250 3493 lo
1269 3431 1329 3483 ini

197 3550 276 3609 corr.)
301 3544 329 3597 P
429 3544 556 3613 repperiri
580 3543 690 3599 AP'Vc
718 3545 848 3613 repperire
872 3544 909 3598 1³¹
1011 3548 1028 3601 5
1051 3510 1088 3599 {ir
1111 3545 1135 3611 (l
1157 3546 1224 3602 add.
1242 3564 1280 3602 m.
1299 3552 1329 3609 2,

199 3631 226 3684 P
329 3630 368 3698 nt]
389 3632 417 3682 et
435 3631 462 3684 P
563 3629 728 3685 fructuosum
746 3631 784 3684 Ρι
813 3631 979 3686 infructuoso
1002 3631 1028 3684 V
1128 3632 1244 3702 dquod]
1263 3634 1331 3692 add.

197 3714 236 3768 P²
253 3729 329 3782 supr.
346 3730 420 3768 uere.
507 3715 673 3785 purgandum
691 3717 718 3770 A
811 3716 975 3771 larundine
992 3720 1036 3774 An
1121 3719 1212 3773 stereli
1232 3722 1260 3775 A

196 3800 215 3852 8
233 3798 346 3853 stultis
443 3799 578 3854 fructeferi
596 3802 623 3855 A
651 3801 791 3856 fructifere
813 3801 839 3854 V
941 3804 974 3858 10
996 3804 1140 3874 praecisus]
1160 3804 1183 3858 ci
1202 3821 1238 3860 cx
1255 3806 1331 3874 ib(?)

196 3900 267 3938 cerr.
290 3884 318 3937 P
344 3885 496 3940 recedentes
520 3902 536 3940 v
640 3888 671 3942 11
698 3887 817 3956 baptizat
844 3891 871 3944 A
969 3890 1041 3960 quia]
1069 3891 1132 3959 quia
1158 3892 1205 3959 qui
1233 3893 1262 3947 P

197 3969 341 4025 haeredicie
359 3972 386 4025 A
479 3972 511 4026 12
528 3976 605 4026 tanto
622 3974 691 4044 uiro]
711 3977 817 4029 tantum
836 3992 898 4030 uero
916 3994 932 4032 u
1026 3976 1059 4031 13
1076 3978 1115 4046 ea]
1134 3994 1185 4034 cra.
1204 3979 1260 4034 P¹c

199 4058 233 4111 15
250 4058 396 4126 separatos]
414 4062 552 4125 separatus
571 4060 599 4113 P
696 4061 728 4113 16
746 4063 850 4131 parum]
869 4064 960 4131 peric
1056 4064 1147 4117 sceleri
1166 4064 1332 4133 deputantes

150 4160 214 4207 ¹c
320 4143 353 4197 19
375 4143 605 4200 saecunditateV
711 4149 741 4202 21
767 4150 881 4203 caritate
903 4152 931 4204 A
1032 4151 1067 4204 23
1090 4151 1208 4219 reppetit
1233 4154 1260 4207 P

196 4228 231 4284 24
250 4229 428 4284 sterelitatem
445 4231 472 4284 A
575 4232 800 4287 faecundaturV
903 4238 1042 4290 *oneratur
1061 4237 1088 4290 P
