2760 4814
198 344 364 414 Exuerpta
381 360 417 401 ex
435 360 505 415 opp.
522 344 550 399 S.
567 342 759 413 Augustini
778 342 936 401 ecculm
954 343 1054 402 COGX.
1129 350 1195 417 995

60 543 223 619 terrem,
259 533 581 613 fornicationem,
621 534 932 614 immunditiam,
970 536 1193 604 auaritiam

58 641 94 706 et
116 642 217 705 uetera
238 638 328 704 talia.

103 760 177 827 Non
207 778 279 843 ergo
308 760 383 843 quid
405 760 534 843 quisque
563 758 667 839 iaciat,
695 759 749 826 sed
777 778 838 844 quo
861 762 965 827 animo
988 761 1095 842 iaciat,
1119 780 1193 829 con-

58 864 262 932 siderandum
284 865 344 932 est.
373 863 433 931 hoe
455 866 503 931 est
525 864 610 929 enim
630 864 739 929 lumen
760 863 795 930 in
817 864 917 943 nobie,
941 866 1015 948 quia
1028 865 1086 931 hoe
1102 865 1193 931 nobis

32 967 264 1034 manifestum
294 972 353 1045 est,
377 967 458 1033 bono
481 970 585 1034 animo
608 985 665 1033 nos
687 968 788 1034 faeere
810 970 892 1051 quod
913 969 1062 1048 iacimus3
1086 988 1194 1036 omne

60 1071 156 1151 enim,
180 1070 280 1154 qued
303 1070 599 1149 manifestatur,
622 1072 753 1137 lumen
776 1076 844 1137 est.
873 1072 1077 1154 nametipsa
1098 1072 1192 1157 faeta,

59 1193 140 1257 qnae
162 1175 201 1242 ad
224 1176 388 1241 hominum
409 1176 593 1240 sotietatem
608 1192 627 1240 a
645 1174 735 1240 nobis
756 1176 937 1258 procedunt,
960 1175 1114 1241 insertum
1136 1176 1192 1241 ha·

59 1279 136 1346 bant
157 1279 276 1345 exitum
298 1280 331 1345 et
352 1279 421 1345 ideo
441 1280 583 1344 tenebras
600 1298 651 1345 eas
674 1279 810 1345 uocauit.
837 1297 900 1344 non
916 1280 999 1345 enim
1013 1279 1098 1359 noui,
1122 1298 1193 1345 eum

58 1382 227 1467 pecuniam
249 1382 373 1467 porrigo
396 1383 551 1465 indigenti
574 1386 606 1447 et
628 1384 757 1467 petenti,
779 1382 854 1467 quid
878 1383 953 1449 inde
976 1389 1030 1450 aut
1053 1383 1192 1451 iacturas

17 1493 115 1553 noant
138 1506 284 1572 passurus
306 1486 358 1565 sit,
382 1488 414 1553 et
435 1487 503 1553 fieri
526 1491 642 1571 puteat,
664 1490 702 1554 ut
715 1488 768 1553 uel
784 1488 881 1554 faciat
898 1506 933 1553 er
949 1506 985 1552 ea
998 1488 1050 1553 uel
1066 1492 1194 1571 propter

60 1610 133 1658 eam
154 1592 294 1675 patiatur
316 1591 436 1674 aliquid
459 1592 547 1670 mali,
571 1611 642 1657 cum
665 1609 731 1674 ego,
756 1610 828 1657 uum
851 1591 966 1675 darem,
990 1609 1051 1657 nun
1067 1590 1193 1657 euenire

58 1694 217 1762 noluerim
240 1713 338 1777 neque
361 1695 419 1759 hoe
441 1696 545 1760 animo
568 1695 718 1760 dederim.
742 1695 848 1779 itaque
871 1696 898 1760 si
913 1695 994 1761 bonu
1010 1695 1114 1760 animo
1130 1694 1192 1759 feei

58 1798 144 1883 quod
165 1799 254 1879 mihi,
278 1817 351 1864 eum
374 1798 518 1875 iacerem,
543 1800 653 1864 notum
676 1802 751 1875 erut,
774 1805 805 1865 et
828 1801 895 1865 ideo
917 1799 1022 1865 lumen
1046 1800 1193 1865 uocatur:

56 1902 269 1969 inluminatur
296 1902 392 1967 etiam
421 1901 542 1967 iactum
565 1920 680 1978 meum,
711 1901 970 1985 qualemcumque
993 1904 1112 1967 exitum
1134 1902 1192 1967 ba·

16 2007 184 2074 rubuerit:
207 2006 261 2089 qui
284 2007 384 2071 exitus
407 2005 553 2090 quoniam
570 2006 706 2071 insertus
722 2008 768 2070 est
783 2008 815 2071 et
830 2006 957 2089 ignotus
971 2006 1030 2082 est,
1045 2004 1193 2071 tenebrae

57 2109 234 2194 appellatae
256 2112 340 2177 sunt.
377 2109 405 2174 si
426 2113 532 2175 autem
547 2108 630 2175 male
647 2107 751 2175 animo
767 2109 839 2188 ieci,
856 2111 951 2175 etiam
965 2110 1070 2194 ipsum
1085 2109 1193 2176 lumen

56 2215 309 2280 tenebraesunt.
340 2214 447 2279 lumen
476 2213 561 2278 enim
590 2212 715 2292 dieitur,
745 2213 818 2297 quia
845 2212 932 2278 nouit
962 2214 1102 2297 quisque,
1131 2230 1192 2296 que

56 2316 164 2382 animo
187 2317 295 2398 fatiat,
319 2317 416 2384 etiam
439 2335 511 2383 eum
533 2316 617 2383 malo
640 2316 745 2383 animo
766 2316 853 2383 facit.
881 2316 936 2381 sed
958 2316 1063 2399 ipsum
1086 2316 1192 2383 lumen

56 2419 208 2486 tenebrae
231 2424 314 2502 sunt,
338 2421 495 2504 quianon
518 2418 552 2484 in
575 2438 711 2503 superna
732 2419 880 2503 dirigitur
901 2419 1030 2502 simplex
1046 2420 1190 2497 intentio,

17 2525 114 2591 snaed
146 2522 186 2590 ad
217 2524 366 2592 inferiora
393 2525 569 2590 declinatur
600 2526 633 2589 et
660 2524 779 2607 duplici
809 2521 899 2589 eorde
930 2524 1018 2606 quasi
1045 2525 1192 2590 umbram

57 2626 144 2693 iacit.
182 2626 499 2714 siergolumen,
523 2628 841 2711 quodinteest,
865 2629 1190 2711 tenebraesunt,

56 2733 248 2799 tenebrae
277 2734 471 2816 quantae?
501 2731 560 2796 hee
591 2733 655 2796 est:
684 2733 712 2798 si
740 2730 811 2814 ipsa
840 2731 941 2797 cordis
963 2730 1105 2807 intentio,
1128 2750 1190 2815 qua

57 2838 137 2903 faeie
160 2836 242 2920 quod
264 2836 350 2913 facis,
375 2854 454 2919 quae
475 2835 535 2901 tibi
557 2837 630 2901 nota
653 2837 711 2915 est,
734 2835 913 2902 sordidatur
928 2836 1070 2918 appetitu
1086 2854 1191 2900 rerum

37 2958 42 2967 ’
56 2946 255 3007 terrenarum
270 2943 302 3005 et
317 2939 538 3020 temporalium
554 2942 648 3020 atque
663 2943 817 3015 caecatur,
842 2942 956 3021 quanto
972 2941 1073 3022 magis
1086 2938 1192 3021 ipsum

19 3044 189 3122 assuetum,
212 3044 300 3108 euius
323 3044 461 3109 incertus
481 3044 530 3107 est
546 3042 655 3122 exitus,
679 3044 840 3108 sordidum
856 3047 887 3109 et
902 3045 1103 3109 tenebrosum
1118 3042 1191 3109 est?

57 3146 143 3232 quia,
166 3146 225 3212 etsi
253 3147 332 3211 bene
360 3145 455 3210 alieni
479 3145 641 3228 proueniat
663 3146 745 3228 quud
766 3149 803 3211 tu
824 3163 885 3210 nun
907 3146 1026 3210 munda
1048 3149 1079 3211 et
1102 3146 1191 3211 reeta

56 3250 233 3317 intentione
256 3249 343 3328 faeie,
366 3251 519 3332 quomodo
542 3250 578 3313 tu
601 3247 711 3315 federis
733 3248 795 3315 tibi
817 3248 1002 3333 imputatur,
1026 3266 1087 3314 non
1111 3265 1188 3332 quo·

56 3356 150 3421 modo
172 3352 222 3418 illi
245 3353 433 3438 prouenerit.

161 3588 263 3661 sapa.
281 3592 307 3658 s,
326 3591 359 3646 ra
463 3590 496 3645 21
514 3588 615 3644 marta.
633 3590 658 3655 a,
676 3589 711 3644 ae

110 3812 146 3867 10
171 3815 280 3884 prepter
304 3829 363 3869 earn
392 3813 429 3867 Vr
458 3817 600 3884 propterea
626 3815 654 3869 P
756 3814 787 3868 11
816 3828 876 3868 cum
903 3827 952 3882 ego
978 3812 1014 3868 V:
1044 3811 1116 3881 quod
1139 3827 1190 3881 ego

57 3916 116 3973 GP
218 3918 252 3972 13
278 3901 419 4005 uocabitur
447 3922 528 3983 (corr.
551 3934 585 3973 m.
609 3920 640 3988 2)
668 3918 696 3973 P
798 3917 830 3971 14
855 3901 1066 4002 inluminabitur
1095 3916 1122 3970 P

58 4019 91 4074 16
105 4022 173 4089 poet
189 4018 340 4090 appellatae
357 4024 421 4075 sunt
438 4021 556 4077 &notat
575 4021 625 4077 Gi:
653 4021 682 4075 in
699 4020 754 4075 aliu
771 4020 860 4075 eodice
876 4021 922 4075 bie
940 4022 1079 4076 insertum.
1096 4021 1125 4074 et
1141 4020 1192 4075 du·

55 4104 123 4175 pliei
141 4106 219 4159 eorde
236 4108 313 4174 quasi
331 4108 426 4162 umbra
529 4108 564 4161 20
580 4106 676 4161 umbra
698 4106 748 4175 (ἰὴ
765 4122 836 4161 corr.
852 4108 922 4163 m.3
1022 4107 1057 4161 22
1075 4110 1190 4176 quantae

59 4190 98 4246 V:
125 4193 243 4261 quantae
260 4194 326 4247 sunt
344 4193 372 4247 P
432 4264 434 4269 Ι
468 4192 502 4247 26
519 4192 658 4261 proueniat
676 4193 704 4247 P
797 4193 897 4248 munda
914 4194 942 4247 et
959 4194 1033 4247 reeta
1055 4192 1091 4246 V:
1117 4195 1190 4246 recta

52 4280 84 4333 et
101 4276 204 4333 munds
223 4277 250 4333 θ
279 4281 350 4333 recte
368 4281 397 4333 et
413 4276 515 4333 munda
532 4278 560 4333 P

1029 4380 1089 4435 aa·
