2760 4814
268 331 435 404 Ercorpte
453 349 489 387 ex
506 348 573 402 opp.
592 332 618 386 S.
636 333 825 402 Augustini
847 333 986 389 CCXLVI.
1126 337 1191 404 805

107 521 184 586 Frui
206 523 256 588 est
276 525 358 588 enim
381 541 486 589 amore
510 522 672 588 inhaerere
693 523 788 589 alicui
810 524 854 588 rei
875 526 999 606 propter
1021 545 1053 590 se
1068 525 1192 608 ipseme

61 623 112 689 uti
135 624 251 703 antem,
275 628 355 707 qnod
378 625 411 689 in
432 642 526 689 usum
546 625 670 689 uenerit
684 625 724 690 ed
739 625 771 689 id
787 627 868 707 quod
884 644 971 691 ames
986 628 1188 711 optinendum

61 726 188 804 referre,
218 728 244 791 si
273 728 378 791 tamen
409 728 577 792 amandum
607 731 664 792 est.
697 745 772 792 nam
800 746 875 792 usus
906 728 1045 795 inlicitus
1073 731 1189 796 abusus

61 829 169 912 potius
197 830 249 895 uel
272 831 380 896 abusio
403 831 590 898 nominanda
612 835 670 896 est.
710 832 863 913 quomodo
886 850 969 913 ergo,
1000 835 1027 898 si
1051 852 1188 901 essemus

38 933 230 1017 speregrini‚
252 934 306 1015 qui
328 932 422 998 beate
445 935 551 999 uiuere
573 935 631 999 nisi
654 936 686 998 in
709 934 813 1015 patria
827 952 889 999 non
903 953 1075 1016 possemus,
1092 955 1189 1018 eaque

61 1037 312 1119 peregrinatione
340 1036 450 1119 utique
480 1037 585 1101 miseri
615 1038 647 1100 et
673 1036 831 1103 miseriam
862 1038 952 1103 finire
974 1038 1134 1120 cupientes
1156 1042 1188 1106 in

62 1139 201 1221 patriam
231 1139 332 1205 redire
362 1140 525 1221 bellemus,
549 1158 625 1223 opus
649 1142 731 1205 esset
754 1139 804 1205 uel
827 1141 1026 1206 terrestribus
1048 1142 1099 1206 uel
1120 1161 1188 1208 ma·

61 1242 143 1307 riuis
172 1243 336 1326 uehiculis,
370 1243 481 1325 quibus
515 1243 666 1308 utendum
696 1247 787 1324 esset,
820 1247 857 1307 ut
886 1243 926 1308 ad
954 1245 1100 1326 patriam,
1128 1263 1189 1326 qua

62 1345 228 1411 fruendum
259 1346 336 1423 eret,
358 1348 520 1429 peruenire
544 1347 734 1429 ualeremus;
757 1348 887 1429 quodsi
910 1346 1112 1412 amoenitates
1135 1349 1187 1413 iti·

25 1449 148 1515 roneris
170 1449 203 1514 et
223 1450 292 1531 ipse
314 1450 446 1533 gestatio
468 1448 683 1514 uebieulorum
706 1467 761 1514 nos
784 1449 964 1526 delectaret,
990 1451 1127 1516 conuersi
1149 1452 1188 1516 ed

62 1553 230 1619 fruendum
252 1551 301 1616 bis
324 1554 434 1634 quibus
457 1552 504 1617 uti
526 1550 700 1631 debuimus,
724 1552 877 1617 nollemus
900 1552 1069 1618 sitoniam
1099 1554 1187 1618 finire

63 1658 96 1722 et
129 1673 274 1737 peruersa
306 1655 460 1722 suauitate
493 1655 648 1738 implicati
680 1655 886 1721 alienaremur
914 1673 933 1719 a
960 1658 1071 1738 patria,
1101 1658 1188 1722 ouius

63 1757 205 1823 suauitas
239 1757 355 1823 faeeret
388 1756 508 1823 beatos:
548 1760 592 1823 sio
619 1758 651 1822 in
679 1756 772 1821 buius
801 1757 1004 1823 mortalitatis
1027 1759 1080 1822 uia
1100 1777 1187 1841 pera-

63 1859 225 1944 grinantos
256 1880 275 1926 a
305 1860 429 1925 domino
458 1862 485 1926 si
507 1861 607 1926 redire
629 1861 668 1926 ad
690 1860 827 1944 patriam
849 1863 1004 1940 uolumus,
1027 1861 1081 1926 ubi
1103 1860 1188 1926 beati

28 1980 131 2029 messe
145 1965 309 2045 possimus,
332 1964 483 2031 utendum
498 1967 546 2030 est
562 1965 759 2048 boemundo,
781 1981 843 2028 non
858 1964 1034 2045 fruendum,
1053 1968 1088 2029 ut
1104 1963 1187 2031 inui-

62 2067 171 2133 sibilia
191 2066 242 2132 dei
263 2086 317 2151 per
341 2086 376 2133 ea
398 2085 477 2149 quae
500 2067 585 2132 faeta
607 2069 680 2133 sunt
698 2065 860 2132 intellecta
875 2067 1113 2149 conspiciantur,
1129 2066 1188 2134 hoo

62 2171 111 2235 est
133 2172 171 2234 ut
192 2171 229 2235 de
252 2169 459 2253 corporalibus
480 2171 762 2252 temporalibusque
784 2171 875 2235 rebus
896 2170 1022 2234 aeterna
1042 2173 1075 2233 et
1095 2169 1187 2251 spiri·

61 2271 143 2338 talia
164 2272 332 2356 sapiamus.

104 2393 168 2459 Res
190 2393 296 2476 igitur,
327 2393 439 2475 quibus
461 2393 625 2458 fruendum
648 2395 706 2471 est,
736 2396 826 2474 pater
847 2395 879 2457 et
900 2392 982 2458 filius
1004 2397 1035 2458 et
1056 2392 1187 2475 spiritus

25 2495 194 2562 „aaron
225 2498 393 2587 eademque
415 2495 551 2574 trinitas,
574 2515 636 2561 una
658 2495 809 2578 quaedam
831 2513 955 2561 summa
976 2515 1024 2561 res
1047 2514 1186 2561 eommu-

62 2599 174 2683 nisoue
204 2597 347 2663 omnibus
375 2598 549 2664 fruentibus
578 2616 623 2677 ea,
657 2597 684 2661 si
714 2602 820 2663 tamen
850 2617 909 2676 res,
937 2602 967 2664 et
998 2617 1060 2665 nou
1082 2618 1187 2664 rernm

60 2703 204 2768 omnium
232 2720 340 2787 oausa3
369 2702 397 2767 si
425 2703 530 2767 tamen
559 2706 591 2766 et
614 2720 714 2768 eausa.
758 2718 819 2766 non
841 2703 926 2767 enim
948 2702 1040 2769 facile
1062 2720 1187 2780 nomen,

60 2805 144 2889 qnod
171 2805 279 2870 tantm
308 2805 508 2872 eroellentiae
533 2805 708 2885 conueniat,
731 2804 865 2870 inueniri
887 2807 999 2889 potest,
1023 2805 1084 2870 nisi
1106 2808 1187 2889 quod

59 2906 176 2973 meiius
196 2907 243 2973 ita
264 2909 380 2976 dieitur
401 2910 526 2975 trinitus
548 2909 625 2975 haee
647 2928 727 2974 unus
749 2910 834 2986 deus,
857 2927 895 2973 er
914 2926 974 2991 quo
996 2909 1110 2985 omnia,
1132 2926 1187 2990 per

19 3029 155 3095 aequem
185 3011 298 3090 omnis,
328 3013 448 3096 inquo
479 3011 592 3078 omnis.
634 3013 680 3077 ite
707 3013 796 3095 pater
822 3016 853 3077 et
885 3010 969 3077 filius
1004 3011 1036 3076 et
1057 3010 1186 3092 spiritus

58 3115 187 3179 sanetus
208 3116 241 3178 et
262 3115 403 3197 singulus
426 3117 556 3197 quisque
578 3115 688 3181 horum
711 3114 786 3180 deus
810 3116 843 3180 ot
864 3113 959 3180 simul
986 3130 1091 3179 omnes
1109 3130 1187 3178 nnus

60 3216 138 3282 deus
169 3217 202 3282 et
230 3215 373 3300 singulus
403 3217 533 3299 quisque
563 3217 674 3282 horum
704 3216 797 3299 plena
826 3216 1001 3283 substantia
1031 3219 1063 3282 et
1091 3215 1187 3281 mmul

58 3338 170 3385 omnes
190 3337 256 3384 una
270 3319 456 3386 substantia
492 3322 582 3402 pater
597 3336 653 3385 nee
667 3318 751 3384 filius
766 3322 813 3385 est
827 3337 884 3385 neo
904 3319 1034 3402 spiritus
1048 3322 1185 3398 sanetus,

164 3521 197 3575 13
214 3520 248 3575 of.
261 3520 291 3575 11
304 3521 361 3577 Cor.
379 3522 404 3588 5,
420 3521 436 3575 6
506 3522 539 3576 16
557 3521 590 3577 of.
603 3522 679 3577 Rom.
698 3523 722 3587 1,
734 3522 769 3576 20
837 3521 871 3576 24
889 3521 922 3576 of.
936 3520 1011 3577 Rom.
1030 3522 1072 3585 11,
1084 3520 1118 3575 36

108 3709 291 3764 2nenireto
392 3725 466 3764 emas
483 3727 514 3764 a:
544 3714 616 3765 amat
635 3710 745 3767 G¹PVo
773 3714 878 3765 ematur
897 3711 935 3766 0³
951 3725 1028 3780 supr.
1044 3725 1117 3765 aare.

49 3795 255 3853 ammiranda
272 3796 323 3866 est]
341 3795 405 3851 odd.
424 3797 463 3851 P¹
478 3811 554 3866 supr.
567 3813 639 3853 uere.
731 3797 802 3867 ergo]
821 3812 870 3852 om.
888 3796 928 3851 Ρ·
1017 3795 1186 3866 bpossimus

53 3899 73 3938 o
160 3882 344 3938 insilimuso
429 3882 603 3938 tualeremus
616 3883 652 3938 V:
670 3883 859 3939 uoluerimuso
944 3882 1118 3938 amoenitaso

55 3970 93 4026 13
111 3968 158 4024 uis
178 3968 215 4024 V:
244 3969 303 4023 uita
321 3968 391 4025 01³0
490 3969 672 4039 reposuimus
691 3968 748 4025 θυι
778 3984 915 4040 possemus
937 3969 964 4024 V
1054 3967 1184 4023 utendum

54 4054 146 4112 epe:
177 4052 275 4109 uuudo
297 4053 324 4107 V
421 4053 456 4108 20
480 4070 683 4125 communesque
707 4055 733 4110 V
830 4054 866 4110 24
888 4054 953 4109 deus
970 4070 1000 4109 ex
1023 4070 1075 4124 quo
1104 4054 1185 4110 GPo:

53 4175 124 4230 deus
145 4157 174 4229 ot
196 4157 277 4229 simui
299 4157 388 4229 omnes
413 4156 482 4228 unus
506 4161 541 4228 ds
560 4191 590 4230 er
607 4190 660 4245 quo
677 4176 759 4242 (corr.
778 4190 812 4228 m.
832 4176 859 4242 1)
882 4174 908 4228 V
1007 4174 1042 4228 26
1060 4173 1186 4244 singulus

50 4261 172 4332 quisque
192 4259 230 4314 V:
259 4259 361 4330 singuli
379 4260 511 4330 quiqueo
613 4261 647 4316 27
665 4261 767 4331 singuli
784 4260 898 4330 quisque
918 4260 975 4328 (sie)
993 4277 1011 4316 o
