2760 4814
278 339 442 410 Excerpta
459 357 495 396 ex
512 355 583 410 opp.
600 341 627 396 S.
645 342 727 411 Aug·
751 340 924 399 OOOXXXV·
942 340 1130 399 CCCXXXVI.
1186 342 1269 412 1065

388 548 434 595 EX
461 548 626 595 EPISTVLA
648 548 697 595 AD
719 548 881 597 omuvln
903 550 1021 598 Palas.

183 682 255 749 Non
288 682 529 748 erubescendum
563 688 611 749 est
642 685 764 750 homini
797 685 940 751 confiteri
973 704 1007 750 se
1037 686 1154 751 nescire
1187 686 1359 769 quod372·

136 786 248 862 nescit,
279 804 327 866 ne,
356 784 431 850 dnm
462 805 495 851 se
517 787 596 852 scire
618 788 780 866 mentitur,
802 806 974 871 numquam
997 789 1076 854 scire
1098 794 1265 855 mereatur.

136 890 209 976 quis
231 892 335 954 autem
358 889 454 972 negat
475 907 536 954 non
560 889 652 957 unius
675 892 809 971 tantum,
833 892 887 956 sed
910 892 1011 956 omnis
1035 891 1158 956 animae
1182 910 1270 958 crec-

115 999 240 1059 etorem
263 994 355 1057 deum
379 995 472 1074 atque
495 992 657 1072 factorem,
680 994 741 1059 nisi
765 995 818 1077 qui
841 997 907 1059 eius
923 994 1055 1076 eloquiis
1073 994 1269 1077 apertissime

138 1096 339 1179 refragatur?
360 1094 429 1160 sine
451 1095 516 1159 ulla
539 1095 652 1179 quippo
674 1097 883 1180 ambiguitate
904 1115 958 1180 per
973 1097 1156 1181 prophetam
1172 1097 1268 1163 dicit:

137 1218 286 1267 omnem
308 1198 452 1264 ilatum
476 1216 543 1282 ego
565 1199 661 1280 leci,
685 1200 805 1265 animae
827 1200 974 1266 uidelicet
990 1200 1134 1283 intellegi
1149 1200 1269 1285 uolens,

140 1304 224 1386 quod
247 1305 343 1369 uerba
365 1302 585 1383 consequentia
607 1302 821 1369 manifestant
850 1321 911 1367 non
926 1302 1035 1384 utiquo
1050 1322 1156 1380 unum,
1177 1322 1269 1386 quem

111 1392 115 1401 “
137 1406 224 1472 iacto
246 1425 282 1471 ex
304 1409 388 1470 terra
409 1404 530 1469 homini
551 1404 652 1489 primo
670 1406 845 1489 inspirauit
869 1407 924 1471 sed
938 1423 1062 1472 omnem
1077 1406 1188 1472 flatum
1204 1409 1285 1492 ipse¹

107 1509 227 1591 refecit,
251 1510 317 1591 ipse
331 1508 432 1573 adhuc
454 1508 538 1572 iacit.
570 1509 731 1590 quaeritur
753 1512 868 1586 nmen,
891 1512 997 1573 utrum
1020 1528 1143 1576 omnem
1158 1510 1268 1576 flatum

139 1631 177 1677 ex
200 1611 257 1678 illo
279 1629 341 1676 uno
363 1610 451 1689 flatu,
475 1611 559 1676 sicut
580 1629 673 1675 omne
696 1630 807 1695 corpus
830 1611 965 1677 hominis
987 1631 1022 1676 ex
1045 1611 1100 1678 illo
1123 1631 1185 1678 uno
1201 1632 1269 1679 cor·

137 1734 214 1801 pore
236 1713 342 1792 iaciat,
367 1731 406 1778 an
430 1730 503 1778 uero
525 1732 607 1779 noua
631 1714 755 1796 quidem
778 1732 905 1797 corpora
927 1714 1023 1779 iaciat
1046 1734 1081 1779 ex
1104 1734 1175 1793 uno,
1200 1716 1269 1781 ani·

137 1837 209 1884 mas
232 1819 337 1883 autem
361 1834 457 1882 nouas
480 1836 515 1881 eu
531 1816 640 1882 nihilo.
680 1819 749 1900 quis
765 1821 847 1882 enim
863 1837 1000 1902 congrua
1013 1822 1077 1883 suis
1093 1819 1268 1901 originibus

136 1941 255 2008 genera
282 1941 387 1987 rerum
417 1922 512 1986 etiam
535 1922 572 1986 de
596 1921 767 1987 seminibus
789 1922 876 2000 iacit,
899 1921 961 1986 nisi
983 1921 1036 2003 qui
1060 1923 1128 2004 ipsa
1149 1922 1269 1986 semina

98 2024 207 2098 resine
227 2026 399 2092 seminibus
422 2026 520 2091 iecit?
543 2025 598 2089 sod
620 2024 676 2089 ubi
698 2041 746 2089 res
769 2024 957 2089 naturaliter
978 2027 1107 2090 obscura
1123 2025 1266 2089 nostrum

134 2129 302 2194 modulum
337 2131 439 2196 uincit
475 2133 507 2195 et
543 2130 652 2212 aperta
689 2128 795 2193 diuina
831 2127 987 2208 scriptura
1017 2146 1079 2191 non
1113 2128 1266 2205 subuenit

133 2238 255 2299 temere
281 2234 354 2299 hinc
388 2234 507 2316 aliquid
541 2231 670 2297 definire
703 2232 841 2296 humanu
875 2231 1052 2295 coniectura
1085 2229 1266 2311 praesumit.

134 2337 308 2401 secundum
337 2336 419 2402 nitas
442 2342 559 2413 autem,
582 2352 658 2417 quas
680 2335 822 2418 proprias
844 2333 958 2399 habere
981 2333 1146 2416 incipiunt,
1169 2351 1265 2399 nouos

133 2438 280 2505 homines
302 2440 434 2505 dicimus
457 2439 542 2504 nasci
566 2440 633 2504 siue
656 2439 760 2503 anima
782 2438 847 2501 siue
863 2455 997 2518 corpore.
1021 2442 1054 2501 at
1069 2453 1141 2500 uero
1157 2454 1266 2501 secun·

95 2543 214 2612 andum
242 2543 393 2626 originale
420 2546 583 2627 peccatum
611 2546 732 2608 ueteres
760 2540 948 2616 nascuntur;
982 2539 1049 2621 ideo
1078 2538 1268 2621 baptismate
1310 2588 1314 2597 .

133 2646 338 2711 renouentur.

179 2764 314 2847 Aliquid
336 2785 408 2850 ergo
432 2771 551 2832 certum
575 2768 612 2833 cie
627 2769 749 2834 animae
764 2768 882 2851 origine
898 2766 1036 2831 nondum
1052 2763 1085 2828 in
1102 2763 1266 2847 scripturis

134 2868 295 2935 canonicis
339 2872 467 2954 repperi.
513 2890 585 2936 nam
622 2872 675 2953 qui
712 2889 808 2936 nouas
838 2871 904 2935 sine
941 2868 1009 2932 ulla
1046 2864 1266 2950 propagatione

135 2975 282 3038 asserum
309 2973 429 3038 animas
457 2973 535 3052 fiori,
570 2974 651 3038 inter
684 2972 874 3050 testimonia,
909 2972 1021 3054 quibus
1055 2970 1086 3034 id
1120 2969 1266 3033 nituntur

96 3076 311 3154 „ostendere
340 3079 517 3160 proponunt
539 3077 636 3142 etiam
659 3076 715 3141 illa
738 3076 797 3141 dno
820 3094 898 3158 quae
921 3073 1013 3155 paulo
1036 3073 1108 3137 ante
1131 3089 1266 3136 comme·

136 3177 276 3244 morani:
301 3180 367 3262 qui
390 3180 516 3259 fingit
537 3181 726 3264 spiritum
749 3178 926 3244 hominis
948 3178 987 3242 in
1010 3178 1104 3258 ipso,
1129 3178 1177 3240 et:
1200 3174 1267 3257 qui

135 3280 262 3366 fingit
298 3282 547 3366 singillatim
585 3285 704 3348 corda
742 3282 911 3347 hominum.
956 3280 994 3345 de
1032 3279 1142 3362 quibus
1178 3278 1267 3343 uides

135 3384 400 3467 quemadmodum
441 3386 541 3468 possit
585 3404 604 3450 a
646 3386 862 3451 resistentibus
912 3382 1105 3467 responderi:
1158 3385 1265 3447 utrum

136 3487 235 3566 enim,
262 3506 333 3553 cum
355 3488 457 3571 fingit,
480 3508 515 3553 ex
538 3489 640 3571 aliquo
663 3489 762 3573 fingat
784 3508 823 3554 an
846 3508 882 3553 ex
904 3487 1011 3565 nihilo,
1034 3488 1185 3553 incertum
1209 3488 1266 3550 est.

93 3590 218 3666 „illud
241 3592 346 3656 umen
370 3592 453 3658 inter
475 3594 578 3657 cetera
600 3594 815 3657 testimonium
838 3592 963 3658 uidetur
979 3609 1042 3657 esse
1058 3590 1268 3674 praecipuum,

135 3696 219 3777 quod
249 3694 281 3759 in
305 3694 385 3761 libro
407 3695 584 3762 Salomonis
606 3694 792 3761 Ecclesiaste
814 3695 945 3780 legitur:
977 3696 1016 3759 ct
1038 3692 1269 3759 reuertatur

241 3865 367 3933 'ills-57,
383 3866 415 3920 16
489 3867 524 3920 26
536 3865 614 3920 tacu.
628 3864 696 3932 12,1
771 3864 871 3931 Pasa,
886 3866 919 3919 15
992 3865 1025 3918 31
1038 3861 1123 3918 Eccle.
1136 3860 1225 3928 lau.

188 4021 207 4075 2
232 4023 343 4093 nescire]
371 4021 380 4076 i
404 4038 439 4078 cc
461 4038 475 4077 e
498 4036 566 4076 corr.
589 4025 659 4075 ιιι]
688 4019 715 4074 V
816 4021 846 4074 11
875 4034 951 4073 omne
977 4036 1008 4073 a:
1042 4034 1146 4072 ornnem
1176 4016 1203 4071 V

133 4108 172 4163 20
197 4107 329 4178 originale
347 4126 378 4163 a:
409 4107 572 4178 originalem
597 4107 622 4161 V
719 4105 754 4161 23
772 4103 927 4160 canhonicis
948 4103 975 4159 V
1074 4103 1177 4173 repperi
1193 4102 1269 4157 MV:

130 4195 255 4264 comperi
272 4212 292 4249 a
382 4196 417 4250 28
434 4194 519 4264 possit
537 4209 554 4247 a
571 4210 602 4248 a:
627 4193 717 4263 posita
734 4191 799 4247 MV
888 4192 920 4246 31
940 4191 1092 4247 ecclesiasta
1108 4206 1139 4244 a:
1166 4189 1270 4245 ecclesi·

131 4282 263 4337 utonV
