2760 4814
124 259 189 326 694
604 261 769 332 Eugippii

125 466 199 532 ergo
222 447 256 512 in
277 446 352 529 ipsis
375 446 507 511 ethnicis
530 450 633 530 potest
649 449 767 533 aliquid
789 448 933 514 diuinum
956 449 1092 516 inueniri
1108 454 1257 535 recteque

125 551 297 635 approbari,
328 550 472 633 quamuis
501 553 545 616 eis
571 554 655 619 salus
678 554 778 620 adhuc
800 573 819 617 a
841 552 966 618 Christo
988 555 1254 637 praestandam,

123 671 186 719 non
217 657 338 736 oportet
367 673 422 719 nos
451 654 498 721 ita
528 658 657 737 moueri,
689 658 785 721 otiam
808 658 835 721 si
856 659 977 739 peiores
1007 659 1071 722 sint
1092 658 1253 733 haeretici,

124 759 161 823 ut
182 761 262 841 quod
286 761 319 824 in
342 762 385 825 cis
407 760 526 825 malum
548 761 686 844 ipsorum
710 763 758 826 est
779 760 914 825 uelimus
936 762 1091 845 corrigere
1115 765 1150 826 et
1173 760 1253 844 quod

124 863 157 927 in
181 863 225 929 eis
247 863 361 928 bouum
386 868 431 927 est
454 862 570 928 Christi
591 864 727 929 nolimus
751 882 922 946 agnoscere.
1271 882 1282 922 ι

601 1137 770 1223 ccxvss.

122 1312 169 1359 EX
188 1312 291 1361 LIBRO
308 1314 357 1359 VII
376 1312 421 1359 DE
440 1313 618 1362 BAP'I'leIO.
645 1313 740 1373 QVOD
759 1313 927 1360 CARITATE
949 1311 1112 1360 CYPBIANI
1131 1308 1249 1358 SANCTI

122 1412 160 1461 HI
183 1415 244 1474 QVI
265 1416 332 1462 PER
360 1416 472 1463 ILLIVS
494 1414 711 1462 SENTENTIAM
734 1417 772 1464 SE
796 1416 934 1464 VOLVNT
957 1414 1138 1463 cxcvsnmt
1161 1413 1248 1461 DAN·

607 1519 757 1567 NENTVR.

50 1636 115 1702 235
167 1634 278 1700 Verius
300 1636 499 1701 uniuersitati
523 1637 670 1702 ecclesiae
693 1638 865 1704 catholicae
887 1638 1016 1720 placuit,
1039 1641 1076 1701 ut
1100 1636 1275 1703 haereticis

122 1740 173 1804 uel
195 1739 395 1818 schismatici,
420 1743 473 1825 qni
495 1743 558 1806 iam
574 1740 692 1806 Christi
715 1742 905 1825 baptismum
927 1741 993 1807 illic
1016 1741 1101 1806 uncle
1117 1741 1245 1806 ueniunt

122 1845 316 1925 acceperunt,
338 1845 370 1910 in
393 1845 579 1910 catholicam
604 1846 855 1911 communionem
877 1865 948 1911 cum
971 1844 1025 1909 illo
1040 1844 1245 1910 admittantur

121 1947 160 2011 ab
183 1964 285 2012 errore
307 1966 363 2013 suo
385 1948 525 2021 correcti,
549 1949 579 2012 in
603 1950 733 2014 caritate
756 1949 885 2014 radicati
914 1951 1008 2029 atque
1034 1947 1170 2022 fundati,
1203 1952 1243 2024 nt,

121 2051 202 2131 quod
224 2051 338 2115 attinet
359 2054 397 2117 ad
421 2051 569 2134 baptismi
592 2057 830 2127 sacramentum,
854 2071 914 2116 non
937 2050 1018 2115 adsit
1035 2048 1119 2131 quod
1135 2048 1243 2129 deerat,

120 2152 175 2218 sed
206 2155 306 2237 prosit
339 2155 420 2237 quod
454 2158 563 2220 inerat.
610 2158 641 2220 et
674 2155 783 2220 beatus
817 2156 943 2239 quidem
978 2152 1152 2238 Cyprianus
1187 2154 1270 2217 iano

121 2275 255 2341 corpore,
280 2260 360 2341 quod
382 2258 601 2341 corrumpitur,
626 2276 686 2322 non
704 2261 895 2342 aggrauante
911 2258 1049 2322 animam
1073 2275 1130 2322 nec
1146 2257 1243 2338 depri-

120 2363 225 2427 mente
247 2363 371 2427 terrena
392 2361 619 2428 inhabitatione
642 2379 766 2426 sensum
781 2362 883 2426 multa
902 2363 1093 2443 cogitantem
1108 2360 1244 2425 serenius

120 2465 269 2547 perspicit
291 2464 469 2541 ueritatem,
492 2486 585 2549 quarn
608 2466 723 2530 meruit
745 2465 880 2548 adipisci
902 2483 957 2548 per
979 2464 1155 2529 caritatem.
1193 2464 1245 2530 ad·

119 2567 207 2632 iuuet
236 2570 342 2652 itaque
367 2588 420 2634 nos
443 2569 634 2635 orationibus
658 2570 723 2634 suis
750 2570 783 2633 in
815 2567 904 2633 istius
929 2569 1028 2633 cerula
1051 2567 1245 2633 mortalitate

120 2673 280 2753 amquam
310 2673 343 2737 iu
366 2673 536 2755 caliginosa
562 2678 642 2740 nubo
673 2673 860 2752 laborantes,
890 2676 926 2736 ut
955 2671 1091 2736 donante
1121 2672 1280 2737 domino¹⁰

119 2776 200 2841 bona
222 2775 297 2853 eius,
321 2782 474 2858 quantum
494 2796 667 2860 possumus,
691 2778 860 2842 imitemur.
892 2776 919 2840 si
942 2774 1016 2858 quid
1031 2774 1140 2840 autern
1156 2774 1248 2839 aliter

119 2881 217 2944 sensit
239 2884 270 2944 ot
294 2880 480 2962 quibusdam
502 2880 652 2946 fratribus
668 2881 857 2965 collegisque
880 2877 1043 2962 persuasit,
1067 2877 1150 2960 quod
1164 2896 1248 2943 nunc

119 3000 154 3047 eo
188 3001 279 3065 quem
312 2982 420 3047 dilexit
453 2985 614 3048 reuelante
648 2983 713 3049 iam
746 2984 862 3060 cernit,
898 3000 951 3048 nos
985 2982 1077 3064 longe
1112 2983 1247 3066 impares

119 3085 241 3150 meritis
274 3085 338 3150 suis
371 3085 516 3151 ecclesiae
549 3089 657 3151 tamen
688 3086 861 3152 catholicae
892 3085 1122 3165 auctoritatem,
1158 3085 1247 3150 cuius

118 3189 186 3270 ipse
208 3189 366 3272 egregium
390 3193 421 3252 et
443 3190 637 3254 carissimum
663 3192 839 3256 membrum
862 3193 919 3268 est,
950 3208 1006 3272 pro
1028 3192 1135 3254 nostra
1157 3187 1300 3251 infir-1²

118 3291 230 3357 mltate
254 3295 408 3358 sectantes
430 3292 578 3357 aduersus
600 3292 770 3357 haeretIcos
787 3295 880 3376 atque
895 3290 1109 3357 schismaticos
1134 3291 1246 3356 enode·

223 3480 255 3532 lb
273 3477 305 3536 ci.
325 3478 385 3547 Sap.
404 3478 430 3543 9,
449 3479 482 3532 15

169 3648 250 3716 anit]
269 3649 307 3703 sic
324 3649 352 3701 A
441 3648 535 3717 bccp.
549 3646 686 3702 CCXVIII
699 3649 726 3702 A
753 3646 896 3701 CCXXXV
909 3649 937 3703 P
962 3647 1120 3703 CCXXXVI
1135 3651 1179 3705 Go

119 3748 134 3802 7
153 3748 185 3802 (Ie
197 3748 330 3816 baptismo
342 3750 397 3805 VII
409 3750 437 3803 A
527 3751 613 3805 sancti
624 3750 700 3804 MV:
727 3767 778 3807 om.
790 3751 888 3805 AGPo
982 3754 1011 3806 ll
1031 3737 1198 3821 schismatici
1217 3754 1246 3816 (h

23 3830 28 3839 '
118 3833 168 3889 oet.
179 3851 216 3889 m.
229 3837 260 3903 2)
278 3836 305 3889 V
327 3836 472 3890 scismatici
490 3838 533 3891 Po
622 3837 653 3891 12
672 3838 825 3905 acciperunt
842 3840 869 3890 A
958 3839 989 3892 13
1007 3839 1097 3907 atquc]
1116 3842 1144 3893 et
1162 3857 1179 3895 o

118 3920 149 3974 17
173 3935 280 3974 serenus
304 3922 346 3975 Pu
450 3922 483 3975 19
505 3923 680 3991 mortalitate]
701 3923 947 3978 meretricaliter
1062 3925 1097 3977 23
1120 3925 1161 3995 eo]
1180 3925 1247 3979 ‹leli-

115 4008 172 4061 too
197 4008 229 4061 eo
254 4008 282 4062 A
384 4010 507 4079 impares]
535 4012 637 4080 inp-m
664 4013 691 4064 A
796 4011 829 4065 25
855 4013 993 4081 egregium
1021 4016 1047 4080 (e
1070 4029 1088 4064 a
1112 4029 1145 4065 m.
1165 4017 1196 4078 2)
1226 4013 1252 4066 V

116 4112 241 4181 egregius
259 4113 286 4164 A
377 4112 411 4166 26
429 4113 562 4168 heredioos
580 4117 608 4169 A
700 4120 780 4185 utque
799 4116 836 4169 V:
863 4117 906 4171 uel
925 4119 969 4172 Ao
1060 4102 1248 4188 schismaticos

118 4196 148 4267 (b
166 4197 217 4255 dcl.
235 4215 270 4252 m.
283 4200 313 4268 2)
336 4198 361 4254 V
389 4198 554 4255 scismaticos
572 4201 615 4256 Pc
717 4206 854 4257 enotemns
872 4205 900 4257 A
