2760 4814
214 528 298 595 1022
695 522 863 593 Eusinnii

214 716 322 784 diuina
334 715 386 782 uel
397 715 536 781 humana
547 713 764 780 tantummodo
775 712 988 799 cognoscenda
998 712 1186 791 narrantur,
1200 713 1347 795 quaedam

214 838 288 885 uero
311 820 357 884 sio
380 838 445 884 esse
463 820 558 897 iussa,
581 821 619 883 ut
640 817 881 883 obsemarentur
904 817 937 882 et
958 816 1079 901 tierent,
1108 816 1161 881 uel
1184 815 1347 899 prohibita,

213 944 252 989 ne
280 920 400 1001 fierent,
435 927 470 987 ut
494 923 556 986 est:
586 920 733 986 honora
759 923 911 1003 patrem
941 919 980 985 et
1007 922 1176 986 matrem
1211 924 1261 985 et:
1285 938 1348 985 non

214 1024 514 1091 moechaberis?
537 1023 647 1090 horum
662 1024 767 1090 autem
784 1041 862 1107 quae
883 1023 1015 1090 iubendo
1033 1028 1065 1088 et
1081 1023 1225 1089 uetando
1241 1024 1349 1107 scripta

214 1132 289 1194 eunt
320 1128 382 1194 alia
411 1130 485 1193 sunt
513 1129 779 1192 saeramentomm
807 1126 914 1192 uelata
942 1126 1113 1212 mysteriis,
1144 1144 1228 1209 quae
1256 1126 1372 1192 multu

216 1231 330 1297 ueteris
354 1229 537 1296 testamenti
559 1229 673 1311 populo
695 1228 744 1294 illi
766 1227 908 1294 faoieuda
932 1230 1081 1295 mandata
1111 1234 1188 1295 sunt
1213 1249 1349 1313 nequas

215 1335 328 1420 populo
363 1333 532 1400 christiano
568 1350 651 1397 nune
684 1330 773 1411 fiunt,
807 1332 860 1397 sed
892 1333 1110 1398 tantummodo
1137 1333 1349 1418 intellegenda

216 1440 415 1522 requiruntur
440 1437 534 1518 atque
556 1436 750 1501 tristantur:
775 1433 870 1500 sicuti
886 1438 935 1500 est
948 1434 1118 1501 sabbatum
1134 1434 1176 1500 ad
1192 1437 1348 1503 uisibilem

216 1541 425 1618 uaeationem,
460 1540 539 1604 sieut
572 1556 682 1620 azyma
714 1537 747 1602 iu
777 1557 858 1620 pane
886 1537 955 1603 eine
983 1539 1150 1619 fermento,
1176 1540 1347 1623 paschata

215 1644 283 1710 ouis
313 1642 475 1725 sermione,
505 1639 586 1706 sieut
615 1643 664 1706 tet
691 1659 808 1725 genera
836 1640 1061 1707 saoritieiornm
1087 1641 1297 1709 uitandorum
1322 1652 1373 1707 eto

216 1747 396 1814 neomeniae
419 1747 451 1811 et
472 1763 593 1811 annuae
607 1744 848 1823 sollemnitates,
872 1762 951 1826 quas
968 1745 1138 1810 obseruaut
1153 1765 1243 1813 nune
1258 1764 1347 1830 usque

215 1850 335 1930 Iudaei,
373 1850 405 1914 et
427 1849 501 1914 illae
531 1848 780 1927 iustificationes,
812 1866 891 1932 qnae
923 1866 983 1914 non
1014 1850 1055 1914 ad
1085 1868 1182 1932 opera
1213 1850 1347 1916 iustitiae

215 1955 337 2039 proprie
364 1951 534 2036 pertinent,
563 1951 617 2017 sed
646 1952 764 2034 aliquid
794 1951 973 2036 significare
1002 1951 1249 2037 intelleguntur.
1286 1953 1347 2035 quis

215 2056 300 2123 enim
323 2056 516 2122 christianus
539 2055 673 2139 septimo
690 2073 769 2121 enno
785 2055 908 2139 cogitur
922 2074 1049 2121 seruum
1064 2056 1200 2122 reddere
1217 2057 1346 2125 liberem

216 2166 257 2245 et,
281 2162 309 2226 si
331 2161 490 2228 discedere
513 2159 568 2225 ille
590 2160 736 2235 noluerit,
759 2161 824 2225 eius
846 2158 1019 2226 auriculam
1035 2160 1150 2226 subula
1164 2162 1371 2245 pertundereu

216 2265 255 2330 ad
276 2267 397 2347 postem
428 2268 460 2328 et
483 2267 585 2328 oetera
607 2261 699 2328 huius
722 2262 831 2328 medi?
865 2262 929 2328 alia
951 2281 1025 2328 uero
1048 2263 1148 2329 etiam
1173 2284 1259 2330 nunc
1280 2263 1345 2329 faei-

216 2370 295 2433 enda
310 2367 394 2442 sunt,
411 2367 437 2430 si
457 2365 599 2431 facienda
613 2367 780 2448 praecepte
794 2368 876 2448 suut,
892 2384 949 2431 neo
962 2365 1119 2445 facienda,
1134 2367 1161 2432 ei
1178 2367 1345 2450 prohibita:

215 2470 323 2553 qualia
338 2474 413 2535 sunt
428 2469 484 2534 illa
500 2487 578 2552 quae
597 2468 679 2536 diri:
706 2469 856 2535 honore
878 2470 1030 2551 patrem
1053 2474 1091 2535 et
1116 2475 1284 2537 matrem
1305 2470 1346 2534 et:

215 2592 289 2640 non
312 2572 595 2639 moechaberis.
634 2572 672 2637 de
700 2571 750 2637 his
778 2571 878 2655 igitur
907 2589 986 2656 quae
1014 2573 1061 2638 ita
1087 2578 1165 2640 suut
1195 2572 1345 2658 positam

216 2677 333 2743 litteris
363 2676 460 2742 saeris
490 2676 541 2741 nel
565 2675 700 2742 iubendo
723 2675 776 2741 uel
798 2676 932 2742 uetando
956 2676 1007 2741 uel
1031 2676 1174 2761 sinendo,
1200 2682 1238 2744 nt
1260 2676 1370 2743 etiams

216 2798 307 2855 nune,
336 2779 368 2844 id
397 2780 447 2844 est
473 2780 612 2861 tempore
641 2779 717 2844 noui
746 2779 939 2854 testamenti,
963 2776 1003 2843 ad
1024 2779 1127 2845 uitam
1150 2782 1241 2863 piam
1270 2799 1344 2847 erer-

215 2885 343 2949 eendam
366 2899 530 2965 moresque
553 2884 740 2966 pertineant,
766 2881 823 2948 hoe
851 2901 939 2967 opus,
966 2883 1050 2966 quod
1066 2883 1098 2948 in
1115 2902 1233 2951 manus
1247 2882 1345 2951 sumai.

216 3003 399 3070 componere
435 3005 603 3070 aggressus
637 3005 716 3062 sum,
753 2986 799 3064 ut,
834 2989 988 3068 quantum
1022 3005 1072 3050 me
1105 2986 1185 3052 deus
1214 2988 1342 3061 adiuuat,

215 3091 321 3157 omnia
343 3092 423 3157 talia
445 3090 483 3156 de
506 3090 665 3157 eanonieis
688 3090 778 3156 libris
793 3089 941 3172 colligam
958 3092 1061 3172 atque,
1076 3094 1115 3156 ut
1131 3089 1228 3157 facile
1243 3086 1343 3174 inspiei

214 3195 344 3277 possint,
369 3195 401 3259 in
425 3213 522 3260 nnum
544 3198 706 3276 tamquam
723 3194 887 3276 speculum
903 3210 1075 3274 congeram.
1112 3194 1257 3276 oportuit
1270 3193 1366 3259 euim!

215 3298 261 3362 sio
283 3316 319 3363 ea
341 3298 413 3380 poni
436 3298 476 3362 ab
499 3296 679 3362 auctoribus
702 3298 828 3372 nostris,
852 3295 1118 3378 quemadmodum
1140 3297 1248 3380 posite
1267 3300 1341 3378 sunt,

215 3402 253 3464 ut
274 3404 438 3484 praecepta
453 3399 685 3465 narrationibus
702 3399 754 3464 nel
769 3399 1047 3483 disputationibus,
1065 3400 1204 3483 propriis
1219 3400 1342 3485 figurate

215 3504 248 3567 et
281 3500 332 3589 [si]
366 3502 510 3586 figuratis
544 3502 671 3586 propria
700 3501 917 3585 miscerentur,
952 3501 1027 3567 dnm
1055 3520 1162 3567 rerum
1192 3506 1340 3589 gestarum

216 3606 289 3671 ordo
318 3606 459 3672 seruatur
488 3610 544 3671 aut
573 3606 779 3688 respondetur
803 3605 943 3670 aduersis
967 3605 1023 3671 aut
1045 3604 1100 3688 qni
1123 3608 1256 3674 deoendi
1276 3608 1340 3671 aunt

215 3708 412 3776 instruuntur
445 3713 500 3775 aut
521 3710 719 3775 oooultornm
753 3709 933 3775 inuentione
968 3710 1103 3791 quodam
1141 3709 1236 3776 modo
1263 3723 1364 3774 renes

215 3817 329 3879 uantur
350 3813 384 3878 hi
406 3813 458 3897 qui
481 3816 606 3895 promta
627 3813 659 3877 et
680 3813 789 3895 aperta
811 3811 988 3877 fastidiunt.

317 3976 391 4042 3(et
410 3975 454 4041 18)
477 3973 524 4031 Ex.
546 3974 588 4034 20,
616 3974 698 4044 12sq.
732 3973 832 4028 Matth.
856 3975 898 4040 15,
916 3976 934 4028 4
951 3976 979 4028 et
995 3974 1020 4038 5,
1038 3973 1073 4027 27
1178 3975 1254 4030 dei.
1271 3973 1337 4028 Dent

215 4061 293 4124 5,12
397 4060 708 4127 acramaaoto
812 4058 1141 4127 ascomannos

266 4203 595 4278 aprohibitaneflerent]
611 4206 752 4262 V'tesrus.
830 4204 986 4262 9azimaV
1061 4205 1177 4279 loonio]
1190 4206 1284 4263 obis?

215 4288 407 4345 smrifloiorum
422 4290 457 4347 V:
485 4310 506 4348 ι.
519 4293 725 4363 ciberumqneu
825 4292 855 4347 ll
874 4290 1005 4347 annue?
1100 4291 1339 4363 winbendosta

215 4377 454 4445 nourr-MN
550 4378 785 4447 utaruelffW
880 4377 1128 4433 mmmmm
1221 4380 1339 4435 ideae:

215 4460 322 4517 eumV
420 4462 456 4518 28
478 4464 502 4517 si
527 4464 561 4532 V,
587 4465 703 4533 induetp
730 4463 797 4531 fort.
819 4464 1005 4522 eorumden:
1035 4467 1072 4530 et,
1094 4462 1339 4537 eidmmdgl‘

215 4547 313 4605 ratis?
416 4549 450 4605 31
467 4548 497 4604 tri
515 4565 548 4604 u:
578 4550 622 4604 his
644 4549 671 4605 V
