2760 4814
268 314 433 382 Execrpta
451 330 488 369 er
505 329 573 384 opp.
592 315 618 369 S.
637 313 826 383 Augustini
848 314 970 371 cnam.
1119 314 1183 382 553

96 506 165 573 Nec
196 506 265 571 ideo
297 504 434 571 liberum
469 503 636 569 arbitrium
666 522 727 570 non
757 503 925 589 habebunt,
959 505 1032 587 quia
1055 510 1182 591 peecata

57 628 107 676 eoa
141 609 296 674 delectare
328 624 390 673 non
423 608 587 691 poterunt;
625 605 728 690 magis
762 607 874 690 quippe
907 608 968 674 erit
1001 610 1134 677 liberum
1165 630 1184 675 a

57 711 264 780 delectatione
298 710 444 794 peccandi
477 728 573 792 usqne
608 710 648 774 ad
677 708 916 775 delectationem
944 730 1005 777 non
1035 715 1184 795 peccandi

56 815 311 882 indeclinabilem
344 814 521 880 liberatum.
562 831 637 878 narn
670 811 807 894 primum
839 813 975 880 liberum
1007 816 1182 895 arbitrium,

37 920 138 1003 equod
168 918 287 983 homini
316 919 426 983 datum
455 919 512 993 est,
544 917 667 998 quando
692 915 829 998 primurn
853 919 976 982 creatus
999 919 1048 983 est
1069 922 1182 995 nectua,

56 1023 160 1104 potuit
183 1039 245 1086 non
267 1038 406 1103 peccare,
429 1020 483 1085 aed
505 1017 609 1102 potuit
627 1021 659 1082 et
680 1035 824 1100 peecare3
847 1017 905 1084 hoc
920 1022 1026 1085 auum
1049 1022 1183 1087 nouissi-

57 1143 144 1190 mum
168 1141 204 1189 eo
225 1124 383 1208 potentius
414 1123 482 1199 erit,
514 1142 575 1205 qno
597 1140 724 1204 peecare
747 1139 809 1185 non
831 1123 962 1204 poterit;
992 1145 1104 1191 uerum
1125 1126 1184 1192 hoc

57 1246 179 1311 qnoque
202 1228 253 1293 dei
275 1246 413 1304 munere,
436 1244 498 1290 nou
521 1244 593 1290 suae
615 1223 826 1307 possibilitate
848 1228 987 1292 naturae.
1027 1228 1112 1294 aliud
1135 1236 1184 1294 eet

57 1332 142 1397 enirn
172 1348 240 1396 esse
269 1331 371 1410 deum,
402 1330 488 1395 alind
510 1328 693 1413 participem
722 1328 783 1393 dei.
825 1331 900 1413 deus
923 1331 1035 1395 natura
1056 1349 1184 1414 peccare

23 1454 118 1500 aenon
141 1435 259 1517 potest;
281 1434 438 1517 particeps
460 1450 534 1497 uero
556 1432 604 1496 dei
626 1430 665 1495 ab
687 1431 743 1495 illo
765 1431 894 1514 accepit,
917 1436 952 1496 ut
974 1452 1101 1516 peccare
1123 1455 1183 1501 non

57 1537 167 1621 possit.
202 1536 348 1602 seruandi
378 1541 485 1601 antem
507 1534 622 1618 gradus
646 1539 733 1599 erant
756 1532 857 1598 diuini
880 1536 1028 1617 muneris,
1052 1543 1097 1602 ¹ut
1119 1538 1184 1621 pri·

58 1659 147 1706 mum
171 1640 299 1705 daretur
321 1639 453 1706 liberum
469 1636 647 1715 arbitrium,
668 1655 729 1718 quo
746 1655 807 1701 non
822 1655 948 1718 peccare
963 1639 1054 1705 homo
1071 1645 1183 1723 posset,

59 1744 274 1821 nouissimum,
309 1762 369 1826 quo
398 1760 521 1825 peecare
552 1758 613 1806 non
635 1740 750 1823 posset,
773 1744 865 1822 atque
893 1741 974 1806 illud
997 1743 1036 1808 ad
1059 1761 1185 1826 compa·

59 1847 193 1912 randum
223 1847 382 1923 meritum,
413 1846 471 1911 hoc
499 1844 539 1910 ad
570 1843 779 1925 recipiendum
808 1844 982 1926 praemium
1004 1847 1183 1928 pertineret.

31 1951 113 2016 used
148 1949 222 2032 quia
250 1949 392 2032 peccauit
424 1949 485 2013 ista
514 1950 637 2023 natura,
668 1965 740 2011 oum
763 1965 889 2030 peccare
913 1950 1025 2030 potuit,
1049 1948 1184 2031 largiore

60 2056 162 2139 gratia
194 2052 356 2128 liberatur,
388 2053 424 2117 ut
454 2050 493 2115 ad
527 2068 596 2114 earn
625 2052 811 2132 perducatur
844 2051 1031 2127 libertatem,
1059 2053 1091 2116 in
1124 2069 1185 2133 qua

61 2174 187 2240 peccare
209 2172 271 2220 non
293 2155 402 2238 possit.
433 2157 515 2220 sicut
534 2154 618 2219 enim
633 2153 736 2235 prima
757 2152 978 2218 immortalitas
993 2154 1064 2229 fuit,
1087 2172 1181 2236 quam

60 2259 214 2343 peoocndo
237 2256 339 2322 Adam
361 2258 508 2340 perdidit,
536 2275 627 2340 poene
649 2274 710 2321 non
732 2255 822 2331 mori,
848 2257 1018 2322 nouissima
1040 2257 1100 2322 erit
1123 2274 1184 2321 non

60 2381 150 2447 posee
173 2362 268 2427 mori:
291 2361 338 2425 ita
359 2361 495 2442 primum
518 2361 652 2427 liberum
675 2357 843 2424 arbitrium
858 2378 945 2442 posse
963 2379 1024 2425 non
1045 2377 1182 2444 peccare,

30 2465 268 2532 »nouissimum
300 2461 483 2546 non'poeee
515 2480 654 2545 peccare.
692 2463 737 2528 eic
767 2462 851 2527 enim
882 2463 942 2528 erit
970 2462 1185 2528 inamissibilia

61 2569 208 2633 noluntas
238 2566 366 2649 pietatis
389 2571 421 2631 et
443 2567 621 2649 aequitatis,
651 2568 803 2648 quomodo
824 2569 873 2631 est
899 2565 1071 2631 felicitatis.
1111 2584 1184 2631 nam

61 2673 170 2753 ntique
191 2666 346 2752 peccando
369 2688 425 2734 nee
447 2669 597 2753 pietatem
612 2687 669 2734 nec
684 2668 867 2735 felicitatem
882 2669 1049 2747 tenuimus,
1073 2670 1188 2735 uolun-

61 2777 162 2838 tatem
184 2790 258 2837 uero
281 2772 441 2838 felicitatis
465 2790 520 2837 nec
542 2770 664 2854 perdita
689 2771 842 2838 felicitate
863 2772 1065 2855 perdidimus.
1104 2773 1185 2839 certe

62 2878 138 2942 deus
160 2876 229 2958 ipae
250 2874 412 2959 numquid,
436 2873 584 2958 quoniam
605 2893 732 2957 peceare
755 2893 816 2940 non
831 2879 945 2958 potest,
966 2876 1036 2941 ideo
1051 2875 1185 2941 liberum

27 2979 230 3046 carbitrinm
253 2979 367 3044 habere
388 2980 547 3061 negandus
571 2980 642 3044 est?

114 3267 319 3324 aoilectareP¹
399 3268 512 3338 a]adP
590 3267 743 3337 3peooandi
755 3266 846 3337 neque]
858 3267 1012 3322 moechandi
1024 3283 1050 3322 n.
1065 3267 1120 3324 G'o

62 3355 275 3425 delectationem]
288 3355 513 3411 delectationeM
602 3353 910 3409 ⁴tindeelinabilellss'o
999 3355 1071 3425 nam]
1084 3371 1145 3409 nam
1158 3354 1188 3409 in

62 3441 92 3497 P
175 3440 303 3511 liberum]
321 3456 372 3495 om.
394 3441 435 3496 Ge
520 3442 591 3511 tet]
610 3456 661 3495 om.
684 3440 736 3496 (Po
826 3440 900 3511 leo]
918 3455 967 3494 om.
988 3441 1031 3496 Go
1115 3443 1189 3509 pote-

62 3527 109 3597 rit]
127 3527 219 3598 potuit
236 3525 264 3579 P
355 3525 582 3595 dpoeeibilitatis
602 3527 657 3582 G'o
750 3527 881 3595 9nature
898 3530 924 3596 (e
940 3527 972 3581 aba
988 3543 1005 3581 a
1022 3542 1092 3583 corr.
1110 3544 1145 3584 m.
1158 3530 1188 3595 2)

65 3621 92 3677 G
178 3620 213 3675 10
229 3621 271 3691 nt]
288 3619 359 3690 quod
378 3619 421 3675 Ge
507 3622 538 3675 11
557 3624 646 3689 poeaet
664 3621 692 3675 P
782 3621 816 3675 12
832 3622 894 3691 quel
913 3625 945 3676 ut
964 3620 1019 3677 G’o
1104 3624 1190 3693 poenit

64 3714 136 3771 GPo
223 3715 257 3770 13
274 3715 592 3787 nouissimum-poaeet]
610 3731 661 3770 ocra
678 3714 744 3770 MV
825 3717 912 3785 percit
925 3716 996 3772 GPu
1082 3717 1116 3771 14
1132 3733 1189 3787 per·

61 3808 174 3880 tincta]
197 3809 317 3879 ptineret
339 3810 367 3865 A
488 3811 521 3866 15
542 3810 696 3879 largiorio
729 3810 849 3881 largiore
873 3810 909 3866 P¹
941 3811 1061 3881 longiore
1083 3812 1123 3868 Ρ*

63 3914 99 3969 18
114 3928 169 3967 non
186 3912 265 3982 mori]
283 3912 352 3967 mori
369 3913 405 3966 M
429 3913 548 3967 no‘mori
569 3912 596 3965 V
698 3914 776 3984 mori]
795 3930 867 3969 more
884 3913 913 3969 P
1006 3914 1190 3969 nouiaaima—

62 4033 142 4104 mori]
160 4048 212 4090 one.
232 4031 271 4088 6¹
368 4033 402 4086 19
419 4033 482 4103 non]
501 4048 570 4087 erun.
587 4033 620 4087 iu
640 4033 678 4096 V;
704 4049 754 4088 om.
772 4034 810 4089 Μ
910 4034 945 4089 20
961 4006 1059 4105 ipoene
1077 4040 1107 4103 (ri
1123 4035 1188 4090 cdd.

63 4172 99 4210 a.
116 4157 148 4222 a)
173 4154 200 4211 o
302 4154 473 4209 mammeam
496 4155 524 4208 P
624 4154 657 4209 21
681 4120 803 4224 tanat
826 4155 854 4209 A
956 4121 1073 4211 reuerti·
1095 4157 1123 4211 A

63 4247 99 4303 22
115 4250 256 4304 tennerunt
273 4250 331 4305 ΔΡ
428 4250 464 4305 23
481 4251 553 4320 uero]
571 4267 622 4306 om.
642 4252 670 4305 P
770 4250 937 4320 perdidemna
957 4250 1024 4307 G‘P
