2760 4814
135 282 200 348 526
619 281 784 351 nugrppu

135 472 198 538 fide
220 470 364 537 Christus
387 490 607 556 usquequaque
629 474 775 538 cantatur
796 471 831 536 in
854 472 979 537 caelum
998 489 1070 537 eum
1085 489 1177 538 earne
1192 473 1268 538 sub·

135 575 243 640 latus?
279 575 360 640 unde
398 575 589 658 temporibus
623 575 753 640 eruditis
789 578 820 640 et
854 593 952 652 omne,
987 576 1068 657 quod
1102 575 1170 640 fieri
1204 594 1266 640 non

135 684 248 764 potest,
279 679 497 762 respuentibus
527 681 595 745 sine
624 681 699 746 ullis
728 680 888 744 miraculis
919 680 1052 744 nimium
1078 679 1267 744 mirabiliter

135 782 332 848 incredibilia
364 782 493 849 eredidit
527 784 687 849 mundus?
719 802 758 848 un
793 783 873 848 forte
908 782 1069 847 eredibilia
1103 781 1200 847 fuisse
1234 787 1266 846 et

134 885 204 951 ideo
236 888 354 952 eredita
383 905 451 952 esse
481 886 598 952 dietari
624 890 720 952 sunt?
758 905 813 951 our
846 886 905 970 ipsi
928 904 1002 966 ergo
1026 903 1086 950 nun
1109 885 1300 950 eredumas

134 990 238 1055 breuis
260 991 308 1054 est
329 989 428 1074 igitur
449 990 764 1075 nostra-eomplexior
795 992 852 1054 aut
881 988 1072 1054 incredibilis
1095 987 1152 1066 rei,
1183 1006 1265 1070 quae

135 1110 196 1157 non
217 1091 391 1174 uidebatur,
422 1094 486 1158 alia
506 1093 714 1172 incredibilia,
745 1112 825 1177 quae
847 1096 954 1158 tamen
979 1091 1097 1157 fiebant
1119 1097 1153 1156 et
1175 1092 1265 1157 uide·

134 1195 258 1278 bantur,
280 1196 421 1262 fecarunt
443 1195 551 1281 fidem3
585 1200 641 1263 aut
664 1199 747 1263 certe
768 1216 816 1263 ras
838 1197 885 1262 ita
907 1194 1077 1274 eredibilia,
1108 1197 1145 1260 nt
1168 1195 1266 1260 nullis

133 1298 250 1382 quibus·
281 1301 518 1380 persuaderetur
554 1300 716 1366 miraoulis
751 1299 916 1385 indigeret,
959 1299 1092 1364 istorum
1129 1298 1266 1365 nimiam

132 1402 293 1486 redarguit
313 1402 542 1469 infidelitatem.
573 1405 632 1469 hoo
652 1404 693 1470 ad
713 1403 900 1469 refellendos
917 1403 1103 1469 uanissimos
1120 1403 1303 1469 dixerimus

134 1524 208 1570 nam
240 1506 325 1573 faeta
354 1525 420 1573 esse
451 1509 553 1573 multa
583 1508 745 1586 miracula,
780 1526 858 1590 quae
880 1509 1105 1574 attestarentur
1134 1506 1186 1572 illi
1209 1507 1266 1572 uni

133 1609 253 1693 grandi.
265 1608 447 1694 salubrique
467 1611 628 1691 miramlo,
652 1630 712 1694 quo
727 1610 872 1678 Christus
888 1611 920 1675 iu
936 1610 1058 1676 eaelum
1072 1628 1145 1677 eum
1158 1628 1265 1689 name,

133 1710 253 1796 inqua
271 1715 448 1793 resurrexit,
470 1715 619 1792 aseendit,
649 1733 763 1799 negare
792 1733 852 1781 non
874 1733 1049 1798 possumus.
1085 1714 1119 1778 in
1143 1715 1264 1780 eisdem

134 1815 247 1900 quippe
269 1817 479 1884 uerauissimis
501 1819 591 1885 libris
608 1824 722 1886 cuneta
736 1819 912 1902 eonsoripta
927 1820 1011 1903 eunt,
1028 1822 1156 1901 atquae
1179 1817 1264 1884 faata

133 1922 208 1984 sunt
231 1920 264 1985 et
284 1923 410 2004 propter
439 1923 520 2005 quod
550 1923 740 1988 medendum
770 1923 855 1988 faeta
883 1927 968 1988 snut.
1005 1923 1084 1989 haee
1107 1920 1299 1988 ntrlidamu

133 2023 273 2090 iacerent
300 2025 513 2104 innotuerunt,
543 2028 620 2092 hasa
642 2046 697 2109 per
720 2026 824 2104 fidem,
854 2045 948 2109 quam
979 2025 1131 2102 feserunt,
1161 2024 1264 2089 multo

134 2128 249 2194 alarius
270 2128 480 2196 innotescunt.
511 2131 659 2213 leguntur
680 2131 795 2214 qnippe
818 2131 851 2196 in
870 2131 1002 2215 populis,
1027 2131 1062 2194 ut
1077 2129 1262 2205 madantum

133 2252 189 2299 nea
211 2235 244 2299 in
265 2235 389 2318 populis
412 2238 518 2300 tamen
540 2235 602 2300 nisi
617 2234 738 2300 credita
759 2237 946 2318 legerentur.
977 2252 1050 2299 nam
1066 2232 1163 2298 etiam
1179 2250 1264 2297 nuno

132 2335 213 2402 fiunt
235 2338 385 2402 miraeula
413 2336 447 2401 in
471 2337 537 2403 eius
566 2339 692 2403 nomine
721 2337 788 2402 siue
811 2356 866 2420 per
887 2337 1083 2402 sacramenta
1105 2336 1172 2400 eius
1195 2335 1263 2400 siue

131 2438 363 2524 perorationes
395 2441 447 2505 uel
476 2440 639 2505 memoriae
668 2444 847 2506 sanctorum
877 2440 962 2524 eins3
990 2439 1044 2504 sed
1067 2456 1129 2504 non
1152 2439 1299 2506 eademee

133 2542 277 2608 claritate
299 2543 516 2627 inlustrantur,
539 2544 575 2608 nt
596 2545 687 2608 tanta
705 2544 820 2625 quanta
846 2542 903 2608 illa
926 2541 1027 2628 gloria
1049 2541 1261 2608 diffamentur.

132 2662 230 2711 canon
266 2643 381 2727 quippe
417 2663 578 2711 sacrarum
615 2646 811 2725 litterarum,
856 2665 951 2729 quem
987 2646 1154 2712 delinitum
1192 2665 1262 2712 esse

132 2748 304 2831 oportebat,
334 2749 390 2813 illa
419 2748 495 2814 facit
523 2748 639 2832 ubique
668 2749 796 2815 reeitari
824 2751 856 2815 et
878 2750 1045 2816 memoriae
1076 2753 1261 2815 cunctorum

132 2850 290 2916 inhaerere
311 2852 504 2934 populorum.
535 2852 613 2918 haee
627 2855 731 2918 autom
748 2853 937 2935 ubicumque
953 2852 1043 2929 fiunt,
1057 2852 1103 2917 ibi
1118 2853 1261 2918 sciuntur

132 2955 185 3020 uir
207 2973 226 3022 a
247 2957 317 3021 tota
343 2954 413 3038 ipsa
441 2956 569 3020 eiuitate
595 2955 647 3020 uel
670 2952 864 3038 quocumque
893 2956 1157 3021 commanentium
1181 2955 1298 3023 laeua

132 3077 205 3126 nam
240 3059 424 3142 plerumque
459 3059 555 3125 etiam
597 3058 642 3124 ibi
679 3059 860 3143 paucissimi
903 3060 1006 3124 sciunt
1042 3057 1261 3143 ignorantibus

133 3163 253 3246 ueteris,
277 3165 410 3231 maxime
431 3165 459 3229 ei
477 3180 594 3246 magna
615 3163 659 3227 sit
680 3163 811 3244 ciuitae3
835 3161 1005 3243 siquando
1027 3161 1104 3226 alibi
1126 3161 1262 3246 aliisque

132 3265 308 3341 narrantur,
337 3282 399 3330 non
422 3265 514 3331 tanta
536 3283 574 3331 aa
597 3266 795 3330 commendat
817 3266 996 3343 auctoritas,
1023 3265 1062 3330 ut
1083 3264 1152 3329 sine
1174 3264 1261 3333 ditii-

132 3368 249 3432 cultate
271 3367 324 3433 uel
345 3367 541 3434 dubitatione
557 3370 733 3447 eradantur,
757 3367 902 3451 quamuis
919 3367 1096 3433 christianis
1110 3366 1260 3435 fidelibus

131 3487 151 3534 a
173 3469 318 3536 fidelibus
340 3470 526 3539 indicentur.
1269 3493 1300 3537 aa

182 3792 453 3850 oromatum
550 3794 1116 3864 amissenus(isasa2israa)f›
1173 3795 1263 3851 nimia

133 3876 327 3934 Tnimiumu
418 3880 452 3935 10
468 3881 985 3950 infidelitatem(daum.2iearas.).'l'
1077 3882 1174 3950 lopas
1193 3882 1262 3938 TV:

129 3967 196 4021 nto
292 3981 371 4034 quam
390 3983 419 4020 o:
448 3982 503 4035 qua
522 3967 576 4023 TV
672 3968 703 4022 17
721 3968 924 4023 muoteeaanta
1025 3967 1057 4022 21
1076 3971 1179 4036 quanta
1196 3968 1260 4041 illa]

129 4066 215 4108 osae
299 4051 334 4104 22
345 4066 429 4106 oanan
441 4068 470 4106 e:
496 4052 600 4107 ahman
612 4053 649 4108 Μ
654 4053 681 4108 V
701 4069 785 4109 conon
800 4054 826 4108 T
911 4069 1046 4109 saetarum
1059 4053 1124 4107 TV:
1152 4069 1261 4111 auorum

128 4153 147 4194 e
243 4137 333 4208 quam]
351 4153 435 4192 ome
537 4138 571 4192 24
588 4140 629 4194 ibi
650 4140 713 4195 TV:
741 4140 823 4194 ubiu
925 4141 961 4194 27
978 4140 1086 4208 ciuitas]
1104 4155 1190 4195 ossa

128 4223 243 4292 aliisque
261 4223 282 4291 (i
295 4224 379 4292 prior
394 4223 426 4278 io
442 4224 557 4290 meu
657 4226 693 4281 ao
709 4239 726 4279 a
743 4224 868 4280 fidelibus
886 4223 1045 4295 indicentur]
1064 4239 1151 4281 osso
