2760 4814
356 550 521 620 discerpta
538 567 575 606 ex
593 566 663 622 opp.
682 553 708 608 S.
727 553 917 623 Augustini
938 554 1059 612 XXIIII.
1213 559 1275 626 185

140 759 204 808 non
236 742 357 805 crearet
386 739 462 804 deus
491 755 567 822 quos
595 739 790 822 praesciebat
816 744 915 808 malos
938 743 1071 812 futuros.
1116 764 1172 813 cur
1193 751 1277 815 enim

138 862 202 910 aon
236 842 356 909 mearet
388 860 466 925 qnos
500 842 693 924 praesciebat
727 845 815 910 bonis
845 848 1035 930 profuturos,
1069 853 1106 915 nt
1128 852 1162 916 et
1183 852 1278 919 utiles

138 964 251 1013 eorum
273 945 361 1011 bonis
382 945 603 1011 uoluntatibus
625 948 801 1012 exercendis
815 951 1081 1036 admonendisque
1103 959 1275 1022 nascantur

139 1049 279 1116 atinate
301 1067 358 1132 pro
378 1066 438 1115 sua
459 1050 544 1115 mala
566 1049 731 1116 uoluntate
754 1053 951 1133 puniantur?

115 1175 129 1216 a
181 1153 303 1230 Talem,
333 1151 491 1234 inquiunt,
521 1152 638 1218 boaret
661 1153 830 1234 hominem,
858 1157 911 1239 qui
934 1157 1032 1223 nollet
1054 1159 1181 1224 omnino
1203 1178 1276 1242 peo-
1302 1170 1305 1176 “

137 1274 220 1322 care.
270 1273 342 1322 ecce
372 1272 430 1321 nos
467 1256 667 1322 concedimus
704 1258 867 1324 meliorem
904 1276 971 1325 esse
1008 1262 1165 1343 naturam,
1198 1280 1276 1344 quae

136 1358 266 1425 omnino
299 1375 428 1441 peccare
462 1359 552 1426 nolit.
599 1362 769 1425 concedant
800 1366 834 1425 et
866 1361 928 1444 ipsi
961 1381 1021 1428 non
1056 1382 1123 1430 esso
1157 1366 1277 1431 malam

137 1468 297 1541 naturam,
327 1478 406 1544 qnae
429 1461 476 1526 stc
497 1461 581 1528 facta
602 1468 660 1544 est,
690 1467 727 1526 ut
749 1464 855 1545 posset
877 1483 939 1529 non
961 1483 1098 1548 peccare,
1119 1469 1147 1532 si
1167 1466 1276 1552 nollet,

137 1570 171 1631 et
191 1567 310 1631 iustam
332 1584 400 1631 esse
423 1564 624 1643 sententiam,
647 1584 709 1648 qua
731 1569 842 1648 punita
856 1571 906 1632 est
922 1586 1002 1651 quas
1017 1569 1189 1646 uoluntate,
1213 1583 1275 1636 non

104 1670 329 1736 anamsitatc
361 1668 512 1751 peccauit
550 1669 634 1734 sicut
668 1688 741 1752 ergo
774 1673 855 1736 ratio
889 1689 964 1737 uera
993 1671 1085 1737 docet
1113 1671 1276 1738 meliorem

138 1791 207 1839 esea
242 1776 427 1854 creaturam,
462 1789 554 1854 quam
587 1791 713 1855 prorsus
747 1772 830 1838 nihil
863 1772 1001 1839 delectat
1029 1774 1199 1858 inlicitum,
1229 1776 1276 1842 ita

137 1878 220 1941 ratio
249 1895 328 1942 uera
353 1875 454 1940 nihilo
484 1876 587 1942 minus
610 1875 701 1941 docet
724 1876 821 1942 etiam
844 1875 933 1942 illam
958 1876 1073 1942 bonam
1095 1895 1170 1953 esse,
1195 1895 1276 1959 quac

138 1976 239 2044 habet
267 1979 300 2042 in
330 1978 486 2059 potestate
517 1977 673 2045 inlicitam
707 1978 961 2057 delectationem,
994 1981 1022 2045 si
1045 1979 1195 2060 extiterit,
1229 1981 1276 2046 ita

137 2080 294 2156 cohibere,
315 2085 435 2146 utnon
458 2081 561 2148 solum
583 2080 622 2148 de
645 2085 756 2149 ceteris
778 2084 873 2150 licitis
896 2087 1041 2166 recteque
1058 2081 1149 2148 factis
1165 2101 1275 2148 uorum

105 2185 236 2252 aetiam
260 2184 299 2248 de
319 2183 421 2266 ipsius
444 2202 559 2266 prauae
581 2183 799 2252 delectationis
822 2186 1010 2252 cohibitione
1033 2185 1177 2251 laetetur.
1201 2200 1275 2251 cum

137 2305 212 2372 ergo
234 2285 312 2353 baso
333 2287 448 2352 natura
470 2286 551 2352 bona
572 2288 624 2361 eit,
647 2288 704 2354 illa
727 2290 846 2371 melior,
870 2308 924 2354 cnr
940 2288 1027 2353 illam
1044 2290 1143 2355 solam
1158 2292 1191 2353 et
1213 2305 1275 2354 non

136 2396 305 2474 utrmque
334 2391 438 2474 potins
469 2391 586 2456 taceret
614 2391 712 2457 deust
746 2410 782 2458 ac
811 2410 865 2475 per
895 2393 954 2457 hoc
976 2392 1030 2474 qui
1053 2392 1155 2472 parati
1184 2391 1274 2456 amnt

135 2496 174 2561 de
207 2494 268 2560 illa
299 2494 367 2559 sola
400 2494 493 2559 deum
527 2494 663 2572 laudare,
693 2493 822 2559 uberius
851 2513 923 2560 eum
948 2492 1063 2559 debent
1086 2493 1212 2559 laudare
1234 2492 1272 2559 ds

136 2603 288 2682 utraqum
320 2597 377 2663 illa
405 2598 521 2680 quippe
550 2599 601 2662 est
622 2599 655 2662 in
681 2597 801 2665 sanctis
830 2599 964 2680 angelis,
994 2599 1069 2662 haec
1099 2596 1131 2660 in
1153 2594 1272 2661 sanctis

105 2699 329 2769 staminibus.
361 2702 415 2783 qui
437 2703 545 2767 autom
567 2701 629 2766 sibi
652 2703 758 2784 partes
782 2700 960 2784 iniquitatis
976 2700 1139 2783 elegerunt
1162 2697 1273 2764 lauda·

136 2805 299 2886 bilemque
329 2810 476 2871 naturam
507 2805 655 2887 culpabili
679 2805 843 2871 uoluntate
866 2805 1085 2887 deprecarent,
1117 2818 1178 2867 non
1201 2803 1275 2883 quia

135 2908 288 2992 praesciti
310 2911 384 2972 sunt
406 2908 475 2974 ideo
497 2908 595 2974 creari
617 2907 747 2973 minime
777 2906 968 2989 debuerunt3
996 2905 1114 2972 habent
1135 2904 1220 2969 euim
1241 2907 1274 2969 et

135 3012 198 3094 ipsi
235 3011 342 3075 locum
359 3029 362 3033 ’
378 3028 481 3090 suum,
518 3029 610 3094 quem
648 3011 680 3075 in
717 3011 812 3077 rebus
849 3010 1003 3093 impleant
1039 3027 1095 3092 pro
1132 3007 1274 3073 utilitate

135 3114 328 3180 sanctornm.
367 3132 443 3179 nam
475 3115 552 3180 deus
586 3132 643 3179 nec
675 3114 795 3179 iustitia
825 3114 1010 3195 cuiusquam
1031 3113 1108 3179 recti
1137 3109 1274 3177 bominis

106 3223 229 3303 aegat3
252 3218 369 3298 quanto
390 3219 497 3284 minus
519 3217 686 3299 iniquitate
707 3215 869 3299 peruersi?

179 3320 261 3402 Quis
283 3321 389 3386 autem
410 3319 513 3386 sobria
535 3318 782 3385 consideratione
797 3317 907 3385 dicat:
933 3318 1047 3385 melius
1070 3333 1131 3382 non
1154 3315 1276 3381 crearet

137 3442 232 3508 quesn
265 3423 460 3506 praesciebat
481 3441 520 3489 ex
540 3422 670 3487 alterius
704 3422 871 3504 iniquitate
899 3437 988 3503 posse
1022 3419 1144 3502 corrigi,
1179 3433 1275 3500 quam

138 3527 259 3592 mearet
293 3525 388 3591 dmm
423 3543 517 3609 quem
547 3524 741 3608 praesciebat
774 3543 831 3607 pro
862 3538 921 3590 sua
955 3523 1123 3606 iniquitate
1162 3521 1274 3587 debore

139 3628 309 3697 &macrii
338 3628 397 3695 hoc
419 3630 471 3695 eat
491 3627 578 3694 enim
599 3627 720 3694 dicere:
742 3628 856 3694 medus
877 3646 940 3694 non
962 3630 1044 3695 meet
1066 3627 1120 3709 qni
1143 3625 1275 3691 alterius

110 3731 224 3801 amalo
245 3733 326 3798 bene
343 3731 456 3798 nmndc
472 3729 717 3802 misericorditer
731 3735 943 3809 coronaretur,
966 3748 1061 3814 quam
1078 3730 1164 3796 esset
1178 3728 1275 3794 etiam

191 3970 297 4038 lqnnr
313 3967 377 4023 ΜΤ
416 3956 420 3961 ’
476 3968 493 4023 2
515 3958 666 4038 profuturis
683 3968 712 4023 P
810 3966 1087 4036 bammouendiaque
1111 3965 1207 4022 PTVe

139 4054 308 4111 asum
331 4054 432 4111 intio
523 4056 548 4112 b
564 4055 621 4126 qui]
638 4071 692 4126 quo
710 4054 790 4124 Ppr.
888 4054 1082 4110 bmeboreso
1178 4054 1276 4106 natura

139 4156 158 4196 a
243 4139 364 4196 Incidet
382 4141 425 4196 Ρ*
506 4143 565 4211 ipse
580 4141 620 4201 Ρ·
709 4141 743 4197 12
757 4140 990 4201 nihilhominnsc,
1073 4138 1208 4194 mnnmo

142 4224 176 4280 18
199 4224 339 4281 blatern
365 4225 442 4281 ΡΨ
467 4248 470 4253 ·
546 4227 581 4285 14
603 4230 689 4299 licitis
717 4225 756 4283 Ρ
777 4226 809 4280 ies
831 4240 934 4282 rasum
1038 4224 1072 4281 lu
1094 4221 1277 4281 dilectationis

142 4310 169 4365 P
264 4309 452 4381 llulhacP
544 4312 909 4384 ldsspfflP'e‘mrq.
999 4308 1209 4381 acumem

142 4396 350 4466 moneare
433 4395 638 4477 manuam
727 4396 968 4466 laudibilemqneo
1055 4395 1159 4464 asam
1171 4396 1208 4453 P*

140 4481 316 4552 5¹⁸1ss
395 4480 593 4570 tlwm'eepr
685 4493 871 4556 merem
956 4483 1165 4558 quemlqntP
1247 4518 1250 4523 -
