2760 4814
203 552 268 619 844
687 547 852 617 Eugippii

203 742 237 808 et
264 706 397 807 maxime
426 739 460 804 in
487 739 535 806 his
565 757 642 823 quoe
672 737 713 803 ad
741 738 876 822 corporis
905 756 1013 805 sensns
1044 739 1240 824 pertinentia
1268 739 1337 806 uol-

202 847 321 911 uuntur
343 842 533 925 temporibus
555 846 587 910 et
609 845 808 909 continentur
834 843 920 908 locis.

672 1129 857 1215 OOLXIII.

201 1323 296 1383 QVOD
325 1322 445 1370 VTILES
478 1320 691 1369 DISCIPLINAS
724 1320 1016 1369 PHILOSOPHORVM
1049 1322 1155 1371 vas
1187 1324 1331 1373 saucvnl

199 1427 369 1487 TAMQVAM
386 1424 537 1473 DIVITIAS
555 1426 600 1472 DE
616 1424 774 1471 AEGYP'I'O
789 1423 913 1472 EXIENS
929 1424 1155 1473 CHRISTIANVS
1170 1427 1330 1476 AVFEBRE
1346 1435 1358 1477 i

560 1528 705 1574 DEBEAT.
740 1528 786 1573 Ex
808 1527 912 1575 LIBRO
935 1529 970 1573 11.

126 1669 191 1737 288
242 1665 423 1747 Philosophi
453 1668 559 1729 autem
587 1666 640 1747 qui
669 1666 820 1730 nocentur
846 1665 874 1728 si
902 1683 965 1746 qua
993 1664 1074 1730 forte
1102 1685 1177 1731 uera
1202 1670 1236 1734 et
1259 1668 1327 1733 fidei

200 1773 324 1835 nostrae
351 1768 584 1834 accommodata
613 1769 767 1846 dixerunt,
789 1769 924 1833 monime
946 1767 1113 1848 Platonici,
1143 1787 1207 1835 nou
1229 1771 1328 1836 solum

200 1872 398 1937 formidanda
424 1890 484 1936 non
515 1874 596 1949 sunt,
625 1872 679 1935 sed
707 1872 802 1936 etiam
831 1872 869 1936 ab
893 1870 937 1935 eis
959 1873 1120 1953 tamquam
1144 1873 1183 1938 ab
1206 1873 1328 1939 iniustis

199 1975 426 2059 possessoribus
455 1975 487 2038 in
515 1992 605 2039 usum
633 1975 777 2038 nostrum
808 1973 1003 2039 uindicanda.
1047 1975 1130 2040 sient
1157 1975 1245 2040 enim
1267 1978 1353 2042 :le-o

198 2077 301 2163 gpptii
325 2096 386 2142 non
408 2079 532 2142 tantum
555 2076 640 2142 idola
661 2076 820 2142 habebant
835 2083 866 2143 et
881 2095 976 2143 onera
991 2079 1111 2163 grauia,
1134 2097 1216 2163 quae
1230 2097 1324 2164 popu·

199 2182 249 2247 lus
264 2181 384 2246 Israhel
400 2182 609 2247 detestaretur
624 2185 656 2246 et
671 2182 804 2264 lugeret,
827 2182 881 2247 sed
897 2184 991 2247 etiem
1007 2199 1084 2246 uaso
1099 2185 1131 2247 et
1147 2186 1325 2249 ornamenta

197 2285 236 2351 <le
258 2303 333 2350 auro
355 2289 387 2349 et
410 2287 593 2370 argentost
614 2284 744 2368 uestem,
768 2303 847 2367 quse
869 2285 925 2350 ille
940 2286 1072 2368 populus
1091 2287 1198 2351 exiens
1214 2287 1253 2352 de
1267 2288 1324 2352 Ae·

197 2390 294 2472 gypto
316 2387 378 2453 sibi
400 2390 503 2471 potius
524 2389 685 2470 tamquam
708 2388 747 2453 od
769 2407 863 2453 usum
885 2389 1044 2453 moliorem
1060 2387 1205 2454 clanculo
1224 2388 1324 2455 uindi-

199 2493 292 2572 cauit,
311 2511 372 2557 non
389 2493 574 2558 auctoritate
590 2493 723 2574 propria,
739 2495 791 2557 sed
809 2495 973 2574 praecepto
988 2492 1049 2572 dei,
1068 2490 1146 2572 ipsis
1163 2492 1352 2577 Aegyptum

198 2596 372 2661 nescienter
399 2594 705 2661 accommodantibus
735 2614 770 2660 ea
799 2595 912 2678 quibus
941 2614 1002 2660 non
1032 2595 1111 2659 bene
1142 2595 1323 2660 utebantur:

196 2698 243 2762 sic
266 2698 424 2763 doctrinae
447 2716 553 2763 omnes
576 2699 741 2782 gentilium
764 2718 825 2764 uon
848 2699 949 2764 solum
965 2698 1112 2764 simulata
1128 2702 1161 2762 et
1176 2697 1323 2782 supersti-

196 2800 278 2864 tiosa
298 2800 449 2883 figmenta
470 2820 642 2884 manesque
664 2801 801 2867 sarcinas
824 2800 1047 2884 superuacanei
1069 2800 1185 2868 laboris
1201 2803 1323 2882 habent

197 2921 275 2986 quae
298 2906 508 2987 unusquisque
529 2909 673 2970 nostrum
698 2905 776 2970 duce
792 2903 915 2971 Christo
941 2906 980 2970 de
995 2905 1143 2969 societate
1157 2906 1321 2989 gentilium

196 3006 340 3072 excidens
353 3008 444 3073 debet
456 3008 652 3073 abhominari
664 3010 757 3090 atque
769 3009 879 3087 uitare,
895 3008 1057 3073 sedetiam
1071 3006 1221 3076 liberales
1234 3008 1349 3075 disc-o

196 3110 297 3194 plinus
325 3109 394 3175 usui
423 3111 567 3175 ueritatis
597 3112 730 3193 aptiores
760 3114 792 3175 et
821 3114 971 3195 quaedem
1000 3127 1121 3175 morum
1156 3116 1318 3197 praecepto

196 3213 366 3280 utilissima
388 3215 559 3289 continent,
582 3216 715 3297 donique
733 3215 770 3279 de
785 3214 853 3297 ipso
876 3233 936 3279 uno
957 3215 1014 3279 dec
1031 3213 1159 3281 colendo
1175 3216 1319 3282 nonnulle

196 3335 271 3382 uera
297 3318 500 3383 inueniuntur
528 3319 609 3399 opud
639 3336 698 3397 eos,
728 3319 809 3401 quod
831 3337 937 3384 eorum
966 3319 1126 3400 tamquam
1158 3339 1271 3387 aurum
1292 3320 1319 3385 ot

194 3425 368 3506 argentum,
392 3421 473 3504 quod
496 3439 557 3486 non
580 3421 639 3504 ipsi
661 3420 873 3497 instituerunt,
897 3422 951 3486 sed
973 3422 1011 3485 de
1027 3423 1217 3505 quibusdam
1233 3422 1317 3508 quasi

296 3618 330 3671 13
352 3616 385 3671 oi.
405 3616 453 3671 Ex.
471 3618 497 3683 3,
515 3618 549 3672 22
567 3620 594 3670 et
613 3617 654 3685 12,
672 3618 705 3672 35

247 3799 259 3850 1
278 3798 442 3866 pertinentis
454 3798 530 3852 MV:
557 3798 748 3868 pertinentium
766 3816 783 3853 o
874 3800 891 3853 3
914 3815 974 3867 cap.
994 3798 1145 3854 conum*
1162 3801 1269 3871 (liras.)
1285 3800 1316 3855 V:

192 3882 380 3938 CCLXXVIII
399 3885 426 3938 P
453 3884 594 3939 CCLXXX
614 3885 657 3939 Gv
745 3884 1007 3954 4philosophorum]
1026 3885 1254 3954 philophornmo

193 3969 209 4022 6
233 3969 272 4037 ex]
297 3985 326 4023 er
349 3970 440 4024 eodem
464 3972 532 4026 GPo
634 3972 823 4041 8platbonici
846 3972 909 4027 MV
1010 3972 1123 4041 inunt]
1147 3975 1204 4027 sint
1228 3975 1256 4029 P

191 4052 367 4109 sboisetiam
378 4056 447 4110 GPo
518 4057 550 4112 12
562 4061 589 4110 et
601 4061 755 4111 ornamenta
764 4058 837 4112 MV:
856 4062 937 4125 otone
949 4073 1050 4111 ornum
1065 4058 1133 4112 GPo
1205 4060 1318 4116 1401211·

191 4139 255 4208 gulo
281 4140 347 4195 MV
447 4144 480 4195 16
506 4143 653 4197 nescienter
682 4143 771 4198 GMe:
807 4143 954 4198 nescientes
985 4143 1011 4197 V
1117 4146 1150 4199 18
1178 4148 1319 4216 manisque

192 4225 331 4281 succinae
425 4229 612 4295 superuacanei
630 4230 704 4283 MV:
730 4245 761 4283 oc
778 4245 860 4284 neco
954 4231 987 4285 19
1004 4230 1105 4286 christo
1123 4231 1191 4287 duce
1209 4236 1255 4291 (ἕο

190 4310 226 4366 20
238 4311 359 4366 excidens
371 4313 447 4368 MV:
474 4315 562 4368 exiens
576 4315 645 4370 GPo
739 4316 887 4370 abominari
901 4317 944 4371 Ge
1038 4317 1073 4372 22
1085 4319 1233 4376 utilissima
1246 4321 1320 4378 MV:

190 4412 257 4467 qnae
275 4397 421 4452 utilissima
441 4399 512 4454 GPo
611 4402 818 4458 continenturo
918 4403 1032 4472 denique
1050 4403 1083 4458 do
1100 4407 1217 4476 scripsi:
1247 4409 1320 4464 (leni-

191 4498 242 4555 que
259 4483 352 4539 MPV
383 4485 465 4555 deque
485 4487 522 4543 θ’
558 4503 625 4557 quse
643 4490 675 4542 de
695 4488 749 4544 G²c
851 4489 919 4560 ipso]
939 4491 998 4559 ipsa
1017 4491 1055 4547 6²
