2760 4814
445 1265 812 1376 EVGIPP-II

132 1467 418 1568 EPISTVLA
457 1470 530 1567 AD
568 1470 791 1568 PROBAM
823 1471 1112 1570 VIRGINEII.

159 1695 322 1742 Dotssrrlr:
344 1696 477 1742 tinum)
500 1660 710 1744 VIINERABILI
733 1698 776 1743 ET
800 1697 936 1744 l'ssvcrv
959 1698 1090 1744 secund:

47 1799 293 1848 VIRGINITATIS
322 1800 359 1845 IN
388 1798 525 1846 CHRISTI
554 1798 682 1846 GRATIA
710 1801 844 1847 SEMPER
873 1799 1035 1848 INLVSTRI
1057 1801 1101 1847 Ac
1128 1802 1194 1849 PER

24 1903 166 1951 ⁵01de
198 1902 334 1948 I’IIUBAE
363 1902 544 1949 EVGIPPIVS
574 1903 712 1950 OMNIVM
742 1903 926 1951 SERVORVM
949 1905 1010 1951 DEI
1032 1905 1192 1951 FAMVLVS

370 2006 407 2052 IN
435 2006 570 2053 DOMINO
597 2006 754 2053 SALVTEM
777 2007 882 2054 DICIT.

100 2145 327 2224 Excerptorum
356 2143 504 2218 codicem,
538 2164 629 2225 quem
660 2149 696 2209 de
725 2145 886 2209 nonnullis
917 2147 1062 2228 operibus
1092 2147 1192 2210 seuoti

56 2248 231 2333 Augustini
263 2249 443 2313 cohortante
475 2249 585 2313 domno
617 2267 683 2313 meo
707 2250 828 2314 Marino
860 2250 973 2314 abbate
1003 2250 1055 2313 uel
1079 2250 1190 2313 ceteris

57 2352 178 2417 sanctis
203 2351 352 2415 fratribus
374 2353 660 2434 quomodocumque
675 2371 900 2436 compegeram,
925 2354 1071 2416 continuo
1089 2357 1190 2417 treus·

26 2457 132 2520 reterri
155 2455 247 2520 uobis
270 2460 376 2519 eenoto
400 2472 460 2536 quo
483 2456 608 2536 polletis
630 2457 733 2520 studio
756 2456 910 2532 uoluistie,
935 2459 1053 2519 etcum
1077 2455 1190 2519 biblio·

60 2561 167 2624 tbeoae
200 2562 322 2623 uestrae
352 2560 439 2640 copie
469 2558 632 2641 multiplex
667 2560 791 2642 integre
819 2561 857 2623 de
880 2560 992 2641 quibus
1014 2578 1114 2642 peuce
1137 2559 1191 2622 de-

60 2665 160 2744 cerpsi
183 2663 344 2727 continent
367 2680 465 2744 opere.
489 2662 606 2744 placuit
630 2663 734 2726 temen
763 2661 874 2726 babere
890 2661 1043 2743 decerpta.
1079 2664 1113 2726 et
1136 2680 1191 2744 ego

60 2766 249 2848 prospiciens
280 2784 318 2829 ne
339 2764 470 2828 forsitan
494 2764 711 2848 elegentibus
745 2766 933 2829 temeritatis
956 2785 1112 2849 arguerer,
1138 2784 1190 2830 ne·

61 2888 144 2934 oeese
168 2868 266 2933 hebui
288 2886 395 2932 cousus
418 2869 494 2932 secti
517 2867 707 2949 praefatione
722 2867 827 2941 fateri:
854 2885 933 2948 quoe
952 2871 997 2933 ita
1012 2887 1044 2932 ee
1060 2868 1189 2934 hebent:

31 2973 142 3038 uincet
172 2990 304 3054 magnos
331 2973 363 3035 et
385 2971 526 3055 egregios
554 2971 727 3036 catholicae
757 2974 895 3036 doctores
926 2971 1073 3035 eeclesiae
1102 2990 1191 3055 pree·

63 3077 182 3140 clerum
215 3076 310 3140 fuisse
333 3081 364 3140 et
387 3094 452 3138 esee
481 3077 606 3140 beatum
631 3076 842 3156 Augustinum
873 3075 942 3155 quis
976 3076 1098 3157 ignoret
1128 3076 1192 3159 epi·

64 3183 216 3263 scopum?
250 3198 342 3260 quem
374 3198 444 3243 cum
476 3179 582 3243 diuina
604 3182 636 3242 et
663 3178 798 3242 humano
820 3178 993 3242 eruditione
1016 3179 1193 3244 mitebilem

65 3301 170 3346 ornnes
204 3282 366 3346 orthodoxi
402 3286 467 3345 toto
501 3287 655 3345 terrerum
690 3280 764 3345 orbe
798 3287 994 3355 monerentur,
1029 3284 1192 3364 prueoIpue

67 3395 169 3448 temen
193 3385 382 3466 apostolicae
403 3385 486 3449 sedis
507 3384 666 3449 antistites
688 3385 804 3466 ecrIpte
826 3384 893 3449 eine
912 3402 968 3449 eun
986 3386 1194 3467 probabiliter

116 3609 247 3676 Epicteto
269 3608 414 3662 intercidit
435 3610 467 3661 in
495 3607 521 3660 V
544 3614 571 3661 et
591 3608 740 3661 maximam
762 3614 872 3675 partem
895 3610 924 3660 iu
949 3607 989 3659 M.
1016 3607 1109 3661 collati
1131 3615 1196 3662 eunt

66 3701 176 3761 praem
203 3694 313 3747 GPTo
340 3694 424 3748 codem
450 3693 697 3749 Mediomontonue
726 3696 827 3758 12,352
850 3695 897 3759 (m)
926 3710 946 3746 e.
973 3693 1004 3746 X
1027 3694 1073 3746 uel
1097 3693 1148 3747 XI
1171 3702 1195 3748 et

67 3780 121 3833 md.
144 3781 325 3834 Yaurirrenoie
343 3780 484 3835 XLVIII.
504 3781 531 3834 d.
550 3786 573 3835 4.
592 3785 628 3833 24
649 3786 679 3844 (t)
699 3795 719 3832 e.
739 3779 815 3832 XII.
833 3809 866 3818 -
886 3779 987 3847 Incipit
1006 3779 1135 3846 praefatio
1153 3797 1195 3832 ee-

69 3869 172 3934 qnentie
191 3867 276 3936 operis
295 3866 345 3928 G¹;
363 3867 505 3936 eugippius
524 3867 558 3921 ed
577 3867 690 3920 Probum
710 3867 840 3934 uirginem
859 3864 924 3918 odd.
943 3865 993 3929 G²;
1018 3864 1117 3933 Incipit
1134 3881 1195 3933 pro-

71 3970 142 4038 logus
165 3969 228 4023 libri
254 3970 374 4038 eugippii
402 3971 426 4023 Τ
430 3989 436 4034 3
464 3971 491 4023 in
516 3970 623 4024 nomine
647 3958 694 4024 dni
714 3958 756 4021 nri
774 3958 822 4021 i'n‘u
842 3956 892 4036 spi.
912 3969 1008 4037 incipit
1027 3967 1094 4020 liber
1112 3968 1196 4036 cuipii

73 4055 96 4108 P
201 4058 218 4109 4
246 4062 295 4124 'np'o
324 4055 350 4108 P
466 4057 481 4109 5
509 4056 632 4124 eungiue
665 4056 721 4112 Gm
757 4054 881 4124 euldpim
907 4053 934 4108 P
966 4055 1093 4122 eugepius
1117 4060 1128 4108 t

72 4140 85 4191 ῖ
108 4143 214 4195 reticem
243 4143 268 4195 T
369 4142 386 4195 8
410 4141 518 4196 domiuo
542 4147 584 4195 mt
687 4142 785 4198 ubbute
804 4156 890 4194 omo
993 4141 1195 4208 9conpigerem

74 4226 96 4280 T
193 4228 226 4281 10
244 4226 438 4281 bibliothecae
456 4229 542 4296 Ppr.
641 4231 673 4290 12
691 4228 851 4288 contineant
873 4229 909 4280 θ’
1008 4241 1070 4294 ergo
1091 4226 1128 4279 θ’

75 4312 103 4367 tt
119 4313 213 4367 seheri
234 4314 259 4366 T
355 4312 436 4367 hebet
448 4313 512 4367 libri
522 4325 661 4384 praedest
766 4312 798 4367 15
811 4313 958 4382 egrogioeq:
972 4315 1032 4379 (om.
1046 4313 1083 4380 et)
1102 4329 1129 4365 m

75 4397 102 4449 li
124 4416 182 4452 com
209 4400 235 4453 T
341 4398 373 4452 18
400 4402 556 4453 uenerantur
579 4422 633 4475 mig
754 4400 787 4457 19
813 4397 953 4454 antestitee
986 4398 1051 4453 (ΡΤ
1082 4399 1196 4453 entistoo

74 4499 97 4534 ι
194 4483 345 4555 ppcbiliter
362 4483 390 4536 P

120 4586 211 4640 t'1111.
1080 4589 1093 4641 l
