2760 4814
180 289 245 355 290
661 281 828 352 Eugippii

182 493 271 560 porro
304 473 461 540 ianuarias
484 490 503 537 a
524 472 599 536 Iano
632 470 807 554 appellatus
837 473 895 547 est,
925 469 1099 535 februarius
1130 488 1149 534 a
1181 467 1311 548 februis,

181 577 277 645 sacris
306 576 512 659 lupercorum.
548 573 646 639 uultis
675 590 748 656 ergo
777 577 813 638 ut
835 576 867 639 et
889 591 944 639 uos
977 572 1126 638 dicamini
1148 572 1181 637 in
1203 591 1310 638 mense

181 680 295 747 martio
316 680 451 746 Martem
480 677 602 744 colere?
630 676 685 743 illc
709 677 793 742 enim
820 694 927 742 mense
955 676 1047 742 bema
1075 675 1216 741 uestmm
1239 693 1310 740 cum

181 802 298 870 magna
320 782 493 848 lestiuitate
515 781 689 847 celebratis.
723 782 750 847 si
773 784 879 846 autem
901 780 989 846 uobis
1012 779 1046 845 in
1069 798 1174 845 mense
1196 781 1311 845 martio

181 887 274 954 licere
297 885 496 953 arbitramini
518 885 604 952 aliud
628 885 833 968 considerare,
862 883 1091 963 melicertem,
1123 902 1179 949 cur
1201 903 1238 948 er
1260 883 1311 948 die
1334 902 1347 941 s

180 990 326 1076 septimo,
362 990 444 1072 quod
478 988 644 1054 sabbatum
678 1007 697 1054 a
729 990 835 1073 requie
867 988 1062 1053 nominatum
1098 992 1156 1062 est,
1195 986 1311 1054 diuinis

179 1094 342 1177 scripturis
365 1093 534 1160 Saturnum
563 1094 733 1177 importare
763 1093 931 1170 conamini,
961 1093 1126 1176 quiscum
1148 1091 1232 1156 diem
1254 1090 1310 1158 Sa-

180 1198 268 1264 turni
299 1202 410 1284 gentes
441 1196 701 1281 appellauerunt?
732 1215 844 1279 nempe
874 1197 937 1262 iam
962 1196 1075 1262 uidetis
1097 1213 1170 1260 cum
1192 1199 1312 1279 qusnta

179 1302 344 1385 impietate
365 1301 517 1367 deliretis.

222 1423 269 1489 De
291 1421 453 1488 sacrificiis
476 1424 582 1488 autem
604 1421 790 1487 animalium
809 1422 877 1504 quis
900 1425 1042 1486 nostrum
1065 1421 1184 1486 nesciat
1206 1420 1347 1503 magiam

179 1545 216 1593 ea
238 1543 384 1609 pemerso
398 1525 513 1608 populo
529 1530 734 1610 congruenter
754 1525 902 1609 imposito
924 1544 1018 1610 quam
1040 1527 1095 1591 deo
1117 1525 1310 1590 desideranti

179 1627 307 1694 oblate?
341 1633 396 1695 sed
417 1633 523 1694 temen
546 1629 643 1695 etiam
666 1629 700 1693 in
723 1629 771 1695 bis
788 1629 907 1714 figurae
930 1632 1053 1694 nostrae
1075 1628 1212 1705 fuerunt,
1235 1627 1311 1710 quia

178 1732 287 1797 nostro
314 1733 477 1799 mundatio
507 1735 539 1799 et
566 1734 616 1799 dei
638 1735 817 1818 propitiatio
846 1734 934 1800 nobis
957 1731 1024 1799 siue
1048 1734 1197 1816 sanguine
1219 1733 1310 1797 nullo

179 1837 241 1910 est;
264 1837 318 1902 sed
339 1835 465 1901 illarum
481 1836 650 1920 figurarum
670 1837 788 1902 ueritas
804 1836 947 1903 conotus
969 1840 1028 1915 est,
1053 1839 1140 1901 cuius
1155 1837 1307 1918 sanguine

179 1938 313 2003 redemti
335 1942 366 2003 et
388 1941 532 2006 mundati
561 1959 679 2006 sumus.
715 1960 790 2006 num
819 1942 853 2006 in
876 1939 985 2024 figuris
1009 1939 1202 2024 eloquiorum
1224 1939 1345 2004 diui-1⁵

179 2059 290 2107 uorum
320 2044 351 2107 et
380 2044 490 2109 taurus
520 2043 623 2110 dictus
653 2046 702 2109 est
731 2049 859 2130 propter
889 2045 1042 2110 uirtutem
1072 2042 1187 2122 crucis,
1218 2042 1308 2108 ouius

178 2146 323 2212 cornibus
345 2145 459 2230 impios
480 2148 659 2232 uentilabit,
684 2154 715 2214 et
730 2151 810 2215 aries
832 2154 959 2232 propter
973 2148 1171 2214 innocentiae
1193 2147 1309 2230 princi-

178 2255 289 2333 patum
312 2251 345 2315 et
368 2250 470 2316 hircus
498 2253 624 2337 propter
653 2251 895 2318 similitudinem
923 2253 1024 2318 caruis
1047 2251 1178 2336 peccati,
1209 2251 1247 2314 ut
1269 2252 1308 2316 de

176 2355 304 2436 peccato
327 2354 490 2420 demumst
515 2359 696 2440 peccatum3
726 2357 806 2420 etsi
829 2356 910 2438 quod
933 2355 1018 2420 aliud
1041 2354 1186 2420 sacrificii
1208 2372 1307 2437 genus

177 2457 349 2540 expressius
379 2459 683 2535 commemoraueris,
714 2459 747 2524 in
771 2477 804 2523 eo
827 2478 948 2541 quoque
970 2458 1030 2524 tibi
1053 2455 1212 2522 Christum
1235 2475 1344 2541 pro-2⁰

177 2560 342 2642 pbetstum
365 2578 430 2625 esse
451 2560 641 2626 monstrabo.
677 2560 819 2646 quocirca
840 2562 907 2626 siue
922 2561 1119 2627 circumcisio
1142 2561 1209 2627 siue
1232 2560 1308 2626 sab-

178 2662 288 2728 batum
318 2663 386 2728 siue
416 2662 591 2729 differentia
620 2663 761 2729 ciborum
784 2665 850 2729 siue
873 2665 1048 2730 immolatio
1071 2663 1308 2749 sacrificiorum,

178 2767 282 2831 omniu
311 2766 387 2832 haec
416 2764 534 2852 figurae
555 2770 678 2833 nostrae
700 2767 828 2833 fuerunt
850 2770 882 2832 et
903 2768 1094 2850 prophetiae,
1117 2785 1193 2850 quas
1217 2766 1307 2834 Obri-

180 2873 247 2934 stus
269 2889 331 2936 non
353 2871 486 2949 soluere,
508 2871 563 2936 sed
586 2870 756 2953 adimplere
780 2872 877 2950 uenit,
902 2890 974 2937 eum
989 2892 1026 2937 ee
1047 2890 1125 2955 quae
1147 2871 1197 2937 his
1218 2891 1309 2956 prae-

176 2974 401 3042 nuntiabantur
421 2974 576 3058 implsuit.
1317 2996 1343 3035 ec

280 3179 313 3233 18
331 3179 365 3233 cf.
383 3179 460 3232 Rom.
477 3177 503 3242 8,
521 3179 539 3230 3
642 3179 676 3233 23
694 3178 728 3234 cf.
747 3180 761 3234 1
780 3178 840 3233 Cor.
860 3179 899 3243 10,
918 3179 935 3232 6

229 3369 243 3423 1
262 3368 414 3423 febroarius
431 3366 489 3422 D¹o
586 3382 602 3419 s
619 3366 719 3421 februis
736 3382 788 3422 osc.
805 3385 821 3423 c
919 3367 1033 3438 februis]
1051 3369 1152 3422 ferbuis
1169 3368 1209 3423 D¹
1237 3369 1307 3423 iruis

179 3454 206 3509 T
305 3452 473 3507 ddicamini
496 3452 535 3522 in]
559 3451 645 3507 dicam
669 3469 686 3507 o
787 3453 921 3523 3colerc]
946 3454 1031 3508 colore
1057 3454 1086 3508 P
1185 3456 1260 3525 ber]
1279 3459 1307 3509 et

177 3539 243 3594 ΡΤ
344 3539 360 3592 7
387 3540 545 3594 eum—ism
572 3555 623 3594 ons.
649 3539 714 3594 MV
814 3540 857 3594 die
883 3541 923 3595 D¹
1035 3542 1052 3596 8
1079 3542 1171 3611 gentis
1196 3542 1238 3597 D¹

177 3627 307 3695 quantam
330 3626 369 3680 Μ
468 3628 485 3680 9
508 3627 659 3697 impietate]
683 3627 784 3695 pietate
806 3627 843 3682 Μ
943 3628 1099 3684 deliratiso
1128 3628 1249 3684 deleritis
1266 3630 1306 3684 D¹

175 3730 299 3785 doleretis
318 3730 355 3784 P¹
451 3731 482 3785 11
501 3726 667 3785 desiderante
685 3731 714 3785 P
808 3731 840 3786 12
857 3732 945 3801 figura
963 3732 999 3788 P¹
1098 3734 1132 3789 14
1148 3721 1194 3804 {pl
1208 3734 1240 3788 D

177 3815 210 3869 li
228 3815 329 3885 impius
346 3816 385 3874 Ρι
479 3816 627 3871 uentilsuit
643 3816 741 3872 DPTc
839 3818 873 3874 18
890 3818 987 3887 hyrcus
1004 3818 1079 3873 DPo
1177 3819 1210 3873 19
1228 3821 1308 3875 sacri·

176 3898 286 3956 dciisP
385 3901 680 3958 20commemcraberis
695 3901 730 3956 Ρ
831 3902 1044 3958 Ὧᾱίῆοτοιιῐίω
1056 3903 1141 3959 D¹Pc
1237 3905 1309 3960 cibo·

176 3986 246 4056 rum]
264 3986 376 4042 eborum
396 3989 423 4042 Τ
521 3989 557 4044 24
579 3989 619 4059 es]
644 4003 673 4042 eo
697 3988 734 4042 P¹
837 3989 1099 4058 praenuntiabuntur
1117 3990 1154 4044 Ρ·
1179 3992 1308 4059 puuntis·

176 4069 277 4128 buntur
295 4076 395 4143 (pnunt
412 4091 432 4128 a
448 4091 482 4131 m.
502 4077 522 4129 2
538 4075 571 4128 io
588 4078 655 4142 rus.)
673 4073 703 4128 D
805 4074 839 4130 25
857 4075 982 4145 implebit
999 4076 1064 4131 MV
