2760 4814
185 318 246 384 106
658 311 844 382 [Eugippii]

182 508 272 587 libro,
303 524 394 588 quem
429 502 590 567 Timaeum
620 504 744 586 uooant,
776 501 822 566 sio
851 499 913 565 ait:
943 504 1095 581 qnantum
1118 500 1158 564 ad
1181 499 1212 565 id
1236 502 1317 583 qnod

182 611 286 676 ortum
308 613 355 673 est
377 610 544 672 aeternitas
567 606 661 683 ualet,
686 609 811 671 tantum
834 605 873 669 ad
896 603 991 668 fidem
1014 604 1140 669 nentes.
1176 603 1236 668 duo
1259 604 1319 668 iila

182 731 307 778 sursum
336 711 419 792 sunt,
449 709 617 774 aeternitas
646 710 677 773 et
704 708 838 791 ueritas3
872 708 933 773 dno
963 709 1024 772 ista
1053 707 1205 784 deorsum,
1235 707 1317 789 quod

182 821 285 881 ortum
320 816 369 879 est
397 815 429 878 et
457 812 544 877 fidos.
581 814 618 877 nt
649 832 721 896 ergo
750 815 788 878 ab
811 811 885 877 imis
909 815 947 878 ad
981 828 1104 876 summa
1135 826 1318 876 reuooemur

182 924 276 1002 atque
308 917 341 982 id
375 918 456 999 qnod
491 918 593 982 ortum
627 922 674 981 est
709 916 840 998 resipiat
873 916 1098 991 aeternitatem,
1133 933 1187 996 per
1223 915 1316 979 fidem

182 1021 370 1086 ueniendum
404 1023 451 1084 est
480 1023 519 1085 ad
552 1019 729 1085 ueritatem.
768 1021 801 1084 et
834 1021 906 1101 qnia
936 1019 1042 1083 omnia
1070 1037 1149 1101 quae
1179 1019 1211 1083 in
1242 1036 1317 1083 eon-

76 1184 80 1189 ,
181 1126 313 1189 tranium
355 1126 488 1206 pergunt
532 1143 586 1205 per
628 1124 746 1206 aliquid
790 1122 928 1187 medium
971 1123 1162 1186 reducuntur
1205 1126 1235 1186 et
1277 1125 1316 1189 ab

181 1230 308 1293 aeterna
335 1226 460 1291 iustitia
482 1225 664 1308 temporalis
686 1226 834 1307 iniqnitas
859 1242 913 1289 nos
936 1223 1108 1301 alienabat,
1142 1242 1217 1307 opus
1241 1243 1316 1309 ergo

181 1336 248 1396 erat
271 1330 374 1395 media
396 1329 518 1394 iustitia
540 1330 716 1409 temporali,
747 1347 825 1411 quae
851 1327 1003 1394 medietas
1027 1329 1208 1410 temporalis
1231 1333 1316 1393 esset

181 1437 217 1500 de
239 1435 321 1512 imis,
344 1434 430 1498 iusta
452 1435 489 1498 de
512 1433 654 1511 summis,
678 1437 772 1514 atque
796 1435 841 1496 ita
864 1451 896 1496 se
915 1451 972 1497 neo
987 1431 1176 1514 abrumpens
1192 1450 1211 1495 a
1225 1451 1331 1496 snm-1

180 1537 242 1602 mis
265 1538 297 1602 et
319 1540 555 1617 contemperans
584 1536 655 1600 imis
683 1535 747 1599 ima
778 1535 919 1600 redderet
947 1537 1089 1600 summis.
1125 1536 1193 1601 ideo
1222 1535 1314 1600 Chri·

180 1641 247 1706 stus
270 1641 421 1705 mediator
444 1638 493 1702 dei
517 1643 550 1704 et
573 1639 734 1704 hominnm
763 1640 866 1704 dietus
889 1643 937 1704 est
964 1640 1047 1702 inter
1069 1639 1162 1703 deum
1185 1638 1314 1704 immor-

181 1744 279 1808 talem
316 1747 348 1807 et
384 1742 543 1807 bominem
581 1743 746 1807 mortalem
784 1744 857 1807 deus
895 1748 928 1807 et
964 1743 1066 1818 homo,
1105 1742 1312 1807 reconcilians

180 1846 337 1913 hominem
370 1848 435 1923 deo,
469 1864 599 1910 manens
620 1847 652 1911 id
681 1849 761 1928 qnod
789 1849 865 1929 erat,
900 1846 1001 1911 factus
1031 1846 1111 1928 quod
1142 1865 1203 1910 non
1233 1848 1312 1912 erat.

181 1953 247 2034 ipse
270 1950 318 2014 est
340 1949 429 2014 nobis
453 1949 530 2014 fides
554 1954 584 2016 in
607 1950 700 2015 rebus
728 1951 805 2016 ortis
827 1950 881 2032 qui
904 1951 952 2015 est
973 1952 1090 2016 ueritas
1112 1950 1145 2014 in
1168 1950 1329 2016 aeternisr

181 2053 239 2118 hoo
271 2069 419 2136 magnum
448 2057 480 2117 et
512 2052 720 2119 inenarrabile
754 2057 993 2132 sacramentum,
1028 2053 1085 2119 hoo
1118 2073 1251 2138 regnum
1281 2058 1314 2118 et

180 2156 388 2223 sacerdotium
425 2155 564 2238 antiquis
602 2175 656 2238 per
693 2157 890 2239 prophetiam
927 2158 1138 2235 reuelabatur,
1175 2157 1313 2240 posteris

180 2277 285 2324 eorum
301 2277 356 2340 per
372 2259 570 2342 euangelium
585 2259 792 2343 praedicatur.
816 2260 979 2342 oportebat
994 2261 1080 2325 enim
1095 2262 1131 2325 ut
1147 2260 1314 2342 aliquando

179 2367 211 2430 in
240 2363 382 2429 omnibus
413 2364 557 2447 gentibus
587 2363 770 2429 redderetur
800 2366 881 2446 quod
912 2366 964 2429 diu
993 2384 1047 2446 per
1069 2383 1163 2429 unam
1185 2365 1312 2448 gentem

180 2467 432 2548 promittebatur.
467 2467 596 2549 proinde
619 2469 671 2550 qui
693 2467 860 2550 prophetas
881 2472 953 2534 ante
969 2469 1198 2534 descensionem
1220 2487 1327 2537 suanus

178 2572 350 2653 praemisit,
387 2573 453 2653 ipse
488 2572 519 2636 et
552 2573 706 2654 apostolos
743 2575 813 2653 post
847 2573 1055 2638 ascensionem
1088 2589 1178 2637 suam
1209 2573 1311 2638 misit.

228 2846 313 2906 Qvn)
342 2846 453 2894 PLATO
484 2846 617 2909 POSSET‚
649 2846 678 2893 SI
708 2847 833 2894 VIVENS
860 2849 1184 2910 INTERROGARETVR,
1215 2851 1260 2897 DE

178 2948 384 2996 CHRISTIANA
421 2950 610 2998 RELIGIONE
647 2948 880 3000 RESPONDERE.
919 2953 965 2999 EX
1002 2953 1106 3000 LIBRO
1142 2954 1187 2999 DE
1218 2954 1311 3002 VERA

645 3053 843 3102 RELIGIONE.

128 3175 167 3242 19
221 3172 444 3239 Fidentissime
468 3172 696 3262 dixerimxpaoe
719 3174 830 3240 horum
847 3175 996 3254 omnium,
1021 3176 1075 3259 qui
1091 3195 1196 3242 eorum
1213 3178 1323 3247 libros:

177 3277 381 3357 peruieaoiter
411 3276 559 3360 diligunt,
591 3277 767 3345 christianis
798 3280 991 3361 temporibus
1021 3297 1174 3363 quaenam
1197 3282 1311 3367 religio

175 3382 373 3462 potissimum
400 3382 535 3447 tenenda
557 3384 600 3448 sit
622 3386 654 3448 et
673 3402 751 3467 quae
767 3384 807 3449 ad
830 3385 996 3451 ueritatem
1019 3403 1056 3450 ao
1078 3384 1310 3451 beatitudinem

279 3566 387 3620 lPlat.
407 3567 475 3620 Tim.
493 3585 518 3637 p.
537 3568 594 3623 290
621 3568 676 3625 Cio.
695 3570 799 3624 ‘sima
903 3571 1192 3634 120f.1Tim.2,5
1309 3578 1311 3582 “

225 3735 240 3788 1
267 3734 416 3789 thimaeum
446 3737 472 3792 G
501 3736 633 3791 thimeum
661 3739 733 3794 DPo
839 3740 858 3793 4
885 3739 919 3794 ab
950 3741 988 3795 θ’
1015 3743 1046 3796 ia
1072 3757 1128 3797 rae.
1233 3760 1312 3799 reno·

173 3821 420 3877 esremurG¹P1b
450 3825 631 3880 renotarimur
650 3825 681 3879 D
784 3827 799 3880 7
823 3830 851 3880 et
868 3843 899 3883 a:
927 3843 977 3882 om.
995 3829 1060 3883 labri
1163 3831 1179 3884 9
1203 3833 1308 3901 tempo·

173 3907 353 3965 ralieDGTo
369 3911 579 3979 temporalesP¹
666 3929 716 3982 que
733 3912 776 3968 Ge
862 3915 895 3969 10
906 3914 988 3969 bimis
1002 3915 1119 3971 DG¹Po
1205 3933 1308 3972 assum

172 3996 223 4049 mis
240 3994 299 4049 DP
403 3997 436 4050 14
457 4006 493 4051 d·
511 4005 577 4067 post
593 3999 682 4054 iaetus
700 3999 763 4054 add
782 4000 810 4055 P
911 4002 942 4056 16
961 4006 1001 4055 eet
1014 4010 1078 4072 poet
1095 4019 1222 4074 mgnum
1241 4008 1308 4066 add.

173 4080 250 4137 DGo
335 4088 363 4136 et
375 4084 459 4152 prius
476 4099 526 4140 om.
545 4085 651 4140 DG¹P¹
746 4088 779 4143 18
796 4087 977 4158 aliquantoD
1063 4090 1308 4152 monendomum

170 4167 255 4223 DP¹o
349 4169 383 4223 21
401 4170 453 4240 ipsi
472 4171 509 4225 Ρ1
602 4174 739 4242 apostolus
756 4174 889 4231 DP¹T¹o¹
919 4178 1072 4245 apostolo
1168 4181 1202 4234 22
1220 4184 1309 4251 possit

171 4252 200 4307 P
300 4256 323 4310 ri
342 4257 436 4311 uiuons
454 4259 540 4326 possit
558 4258 634 4314 DGo
