2760 4814
284 319 448 393 Excernts
465 336 500 376 ex
517 336 586 391 opp.
607 321 632 378 S.
651 320 838 391 Augustini
862 288 1001 379 eccm
1135 320 1198 390 987

88 528 113 577 ιι
135 510 261 576 domino
282 512 337 577 deo
361 528 415 575 suo
439 529 510 575 cum
532 509 582 575 illi
605 509 753 576 haeretici
768 509 874 576 hostes
888 509 1004 576 ueteris
1019 510 1197 579 testamenti

87 630 127 678 »re
154 612 307 697 sacrilego
336 612 465 678 irridere
493 612 658 691 noluerint,
693 612 773 677 illud
794 631 867 695 prae
891 613 1002 678 ceteris
1032 614 1198 694 uentilant,

87 714 157 799 {nod
185 718 311 782 satanas
339 716 488 799 petiuerit
517 735 589 781 eum
616 715 824 784 temtandnm.
865 717 1018 798 quaerunt
1046 717 1130 783 enim
1159 718 1197 783 ab

87 818 232 902 mperitis
266 820 443 887 bominibus
472 818 549 885 talia
577 820 757 904 intellegere
785 836 979 903 nequequam
1007 819 1197 899 ualentibus,

87 922 225 1006 {uomodo
247 923 374 989 satams
397 943 469 989 cum
491 923 548 988 deo
570 923 655 1006 loqui
671 922 817 1007 potuerit,
833 941 892 988 non
909 923 1119 988 intuentes-
1137 941 1198 987 non

87 1025 160 1091 nim
181 1028 322 1110 possunt,
345 1045 415 1091 curn
439 1025 661 1109 superstitione
684 1028 716 1091 et
731 1024 927 1091 contentione
942 1026 1060 1090 caecati
1075 1025 1141 1090 sint
1156 1062 1197 1072 —

87 1128 168 1194 lenm
198 1147 260 1194 non
289 1128 351 1194 loci
380 1127 516 1211 spatium
546 1129 628 1193 mole
658 1127 793 1210 corporis
822 1145 970 1212 occupare
998 1133 1030 1193 et
1052 1127 1097 1193 sic
1120 1126 1197 1193 alibi

87 1250 153 1309 see,
183 1231 260 1296 alibi
289 1250 349 1296 non
380 1250 456 1308 esse,
488 1233 544 1296 aut
573 1233 655 1295 certe
686 1229 737 1294 hic
764 1234 886 1313 partem
907 1231 1020 1296 habere
1043 1231 1139 1296 aliam
1165 1234 1197 1296 st

87 1333 152 1400 libi
194 1335 304 1413 aliam,
344 1337 398 1400 sed
439 1333 603 1424 maiestate
639 1332 755 1417 ubique
792 1338 915 1415 praesto
945 1352 1020 1412 csse,
1052 1352 1112 1399 non
1141 1354 1197 1418 per

87 1441 179 1505 estes
218 1438 370 1516 diuisum,
411 1437 465 1502 scd
495 1437 609 1520 ubique
638 1437 819 1519 perlectum.
860 1437 943 1521 quod
972 1437 1000 1501 si
1031 1437 1196 1503 carnaliter
1225 1446 1228 1452 '

87 1543 237 1607 ntuentur
259 1540 340 1623 quod
363 1541 483 1606 dictum
507 1544 570 1604 est:
594 1540 744 1604 caelum
767 1540 865 1604 mibi
887 1539 1055 1606 thronus
1077 1544 1137 1606 est
1160 1547 1197 1606 et

91 1661 183 1709 erra
206 1643 416 1709 scabillum
439 1642 577 1725 pedum
600 1659 826 1706 meorum-
842 1644 893 1708 cui
914 1643 982 1709 loco
998 1647 1030 1708 et
1052 1644 1195 1710 dominns

87 1748 244 1814 ttoetatnr
265 1746 386 1813 dicens:
415 1765 486 1811 non
509 1746 657 1825 iuratis,
681 1764 804 1828 neque
828 1765 894 1829 per
921 1748 1085 1825 caelum,
1108 1749 1198 1830 qnia

89 1850 240 1916 bronna
262 1850 324 1916 dei
348 1854 426 1927 est;
451 1868 573 1932 neque
595 1869 660 1933 per
681 1854 846 1929 terram,
869 1850 959 1933 qnia
981 1851 1195 1917 scabillum

93 1957 132 2018 st
154 1954 293 2036 pedum
317 1954 402 2019 eius
413 1991 455 2002 -
468 1954 542 2037 quid
558 1955 683 2034 mirum,
701 1953 727 2020 si
742 1955 776 2019 in
791 1959 874 2019 terra
888 1954 1028 2021 diabolus
1044 1954 1195 2019 mustita-

87 2074 119 2123 us
150 2060 224 2121 ante
253 2058 345 2139 pedes
374 2058 423 2122 dei
455 2057 547 2124 stetit
577 2062 609 2122 et
632 2075 735 2122 coram
755 2057 811 2122 illo
834 2057 950 2142 aliquid
972 2057 1095 2123 locutus
1125 2059 1196 2124 est?

87 2178 145 2225 um
161 2162 284 2244 qnando
300 2162 348 2227 illi
361 2162 468 2227 ament
483 2162 666 2245 intellegere
681 2160 799 2226 nullam
816 2179 880 2226 esse
895 2161 1034 2226 animam
1050 2163 1194 2244 quamuis

87 2281 260 2342 emersam,
283 2284 361 2347 quae
385 2269 491 2329 tamen
514 2264 579 2329 ullo
606 2264 697 2329 modo
720 2262 896 2329 ratiocinari
918 2267 1030 2346 potest,
1053 2267 1085 2330 in
1108 2265 1195 2329 cuius

87 2367 262 2434 onscientia
292 2386 354 2433 non
381 2369 527 2451 loquatur
554 2368 653 2432 deus?
682 2369 750 2449 quis
778 2366 862 2432 enim
890 2366 1013 2450 scripsit
1037 2367 1071 2430 in
1094 2367 1194 2432 cordi·

87 2488 123 2537 ns
164 2470 328 2536 homiuum
365 2471 542 2535 naturalem
579 2471 681 2554 legem
715 2469 776 2535 nisi
809 2470 910 2535 deus?
952 2473 989 2536 de
1027 2488 1089 2553 qua
1125 2472 1194 2555 lege

87 2574 343 2659 postolusdicit:
381 2591 462 2638 cum
496 2575 598 2638 enim
634 2575 788 2658 gentes,
828 2590 928 2654 qnae
960 2573 1087 2657 legem
1122 2591 1194 2638 non

87 2680 231 2755 abent,
265 2676 515 2741 naturaliter
548 2694 644 2757 quae
678 2674 782 2758 legis
815 2680 908 2739 sunt
941 2675 1114 2755 faciunt,
1153 2676 1194 2742 hi

87 2798 197 2866 egem
226 2796 303 2844 non
330 2778 520 2846 hebentes
548 2780 625 2862 ipsi
654 2777 734 2843 sibi
756 2782 849 2843 sunt
870 2779 949 2854 lex,
978 2780 1044 2862 qui
1066 2782 1194 2846 osten·

87 2884 165 2949 unt
202 2900 296 2964 opus
333 2881 434 2965 legis
463 2883 657 2965 scriptum
694 2883 732 2947 in
762 2881 944 2948 cordibus
974 2883 1075 2963 suis,
1108 2902 1194 2948 con·

87 2989 244 3055 estante
276 2984 528 3051 conscientia
559 2984 722 3050 illorum
755 2989 794 3050 et
821 2987 930 3051 inter
958 3006 997 3052 se
1019 2985 1194 3051 inuicem

87 3088 363 3176 agitationum
386 3090 658 3155 accusantium
688 3091 754 3154 aut
777 3091 896 3155 etiam
918 3089 1194 3155 excusantium

87 3216 100 3262 r
132 3193 219 3273 die,
249 3210 323 3276 qua
351 3192 553 3259 indicabit
581 3193 676 3258 dens
698 3193 856 3258 occulta
877 3193 1084 3259 hominnm.
1117 3211 1193 3275 qua·

87 3301 197 3382 ropter
226 3296 254 3362 si
286 3296 386 3362 omnis
415 3296 520 3361 anima
552 3296 714 3362 rationalis
738 3296 834 3362 etiam
862 3296 1034 3379 cupiditate
1057 3298 1192 3378 caecata,

87 3418 175 3468 lmen
210 3417 281 3465 cum
303 3398 423 3484 cogit-at
446 3403 478 3464 et
500 3399 712 3478 ratiocinatur,
741 3398 891 3482 quidquid
913 3399 946 3465 in
968 3418 1006 3465 ea
1026 3399 1193 3465 ratiocina-

87 3520 150 3571 ons
189 3520 300 3566 nerum
322 3503 384 3585 cst,
422 3520 482 3567 non
514 3503 543 3567 ei
572 3500 773 3567 tribuendum
803 3506 867 3583 est,
903 3502 959 3567 sed
988 3503 1049 3584 ipsi
1079 3501 1193 3566 lumini

169 3714 204 3768 ll
222 3712 266 3768 lis.
284 3714 326 3781 66,
345 3715 360 3768 1
453 3714 602 3769 lensech.
620 3715 646 3782 5,
664 3714 748 3785 34sq.
835 3715 867 3770 21
887 3714 961 3768 Rom.
978 3714 1004 3777 2,
1024 3714 1125 3768 14-16

113 3906 200 3965 ldeo
216 3907 324 3964 domino
343 3908 399 3965 GP
483 3909 574 3965 taint
592 3909 670 3964 P¹V:
703 3912 768 3965 sunt
785 3909 821 3965 Ρ
906 3910 1081 3979 ‘lcorpornm
1098 3909 1126 3964 P

95 3996 250 4065 magestate
267 3994 296 4049 P
396 3996 428 4050 12
446 3996 482 4064 (et
500 3996 545 4060 14)
563 3995 707 4051 scabellum
729 3997 784 4054 01>
886 3996 918 4051 15
941 3995 1104 4051 constitutus
1128 3995 1183 4053 GP

87 4080 242 4137 maiomam
267 4080 294 4134 V
394 4081 427 4137 18
453 4081 508 4136 ullo
536 4081 573 4134 V:
603 4082 677 4138 nullo
700 4083 730 4138 P
829 4083 862 4137 19
887 4082 952 4137 deus
977 4081 1043 4137 GV:
1071 4083 1193 4137 dominus

87 4176 89 4187 '
203 4166 313 4222 scribsit
346 4166 371 4222 V
402 4166 511 4223 scribo
537 4172 561 4234 (s
587 4172 653 4237 ras.)
680 4169 707 4224 P
816 4168 852 4224 24
877 4170 1071 4223 contestantem
1101 4167 1128 4221 V

87 4251 303 4308 lsxcnsantinm
321 4251 356 4305 V:
384 4251 585 4307 defendentium
603 4254 631 4307 P
729 4253 763 4308 il
780 4254 912 4308 indicauit
929 4252 956 4306 P
