2760 4814
116 267 198 333 1096
593 258 759 328 augrppu

113 455 320 521 necessarium
339 452 439 517 adhuc
453 450 546 515 habet
561 451 715 526 timorem,
731 447 877 529 primum,
893 465 934 510 ne
947 447 1075 512 occulte
1088 451 1236 530 peccando

113 561 197 624 inter
224 555 397 640 hypocritas
426 573 445 618 a
473 554 596 617 domino
627 552 833 634 computetur,
862 549 983 628 deinde,
1013 549 1043 614 ai
1074 549 1239 617 benefactis

112 662 234 744 placere
270 659 399 741 appetit,
434 675 471 721 ne
504 656 583 720 hanc
616 658 789 720 mercedem
822 671 979 734 aucupans
1013 654 1127 735 perdat
1162 656 1237 737 quod

114 765 244 828 daturus
267 766 314 826 est
337 763 424 826 deus.
985 754 989 760 ’

159 883 220 949 Sed
242 885 363 948 deuicta
384 884 445 948 ista
468 882 637 965 cupiditate
652 881 788 946 cauenda
803 880 948 963 superbia
963 883 1021 943 eet.
1047 879 1180 944 difficile
1193 883 1238 944 eat
1255 904 1264 942 a

115 988 209 1064 enim,
239 989 276 1052 ut
304 987 452 1070 dignetur
481 985 648 1050 consociari
675 984 852 1049 hominibus
880 985 934 1066 qui
960 983 1004 1047 eis
1034 1002 1099 1048 non
1122 985 1238 1066 placere

115 1090 267 1155 desiderat
290 1093 322 1153 et
343 1089 470 1171 plenum
493 1107 526 1152 se
548 1086 719 1152 uirtutibus
740 1090 841 1168 putat.
878 1088 984 1168 itaque
1007 1087 1112 1150 adnuo
1134 1105 1237 1151 necee-

115 1195 215 1259 sarius
239 1195 286 1257 est
307 1194 411 1269 timor,
436 1211 474 1257 ne
496 1192 577 1258 illud
604 1191 699 1256 etiam
715 1194 795 1272 quod
810 1191 937 1255 uidetur
952 1191 1066 1255 habere
1081 1191 1238 1255 auferatur

115 1295 154 1361 ab
178 1314 211 1361 eo
235 1299 266 1360 et
288 1295 432 1360 manibus
455 1313 492 1359 ac
516 1295 648 1377 pedibus
662 1295 770 1378 ligatis
786 1295 932 1359 mittatur
948 1292 980 1357 in
996 1295 1143 1359 tenebras
1158 1297 1237 1357 exte·

114 1400 221 1464 riores.
260 1401 445 1480 quapropter
474 1398 525 1463 dei
554 1400 648 1463 timor
676 1416 737 1464 uon
766 1397 867 1462 solum
898 1395 1032 1476 inchoat,
1063 1398 1120 1461 sed
1145 1397 1265 1462 etiamn

115 1503 234 1585 perficit
266 1501 456 1585 sapientem3
491 1503 539 1565 eet
571 1506 676 1567 autern
709 1502 762 1583 qui
795 1518 915 1566 summe
949 1499 1058 1582 diligit
1088 1501 1183 1565 deum
1210 1506 1238 1564 et

115 1607 287 1687 proximum
316 1608 477 1687 tamquam
506 1625 538 1670 ee
564 1607 679 1690 ipsum.
723 1623 800 1687 quae
832 1610 939 1670 autem
971 1603 1005 1667 in
1038 1603 1098 1669 hoc
1130 1604 1239 1669 itinere

115 1708 255 1789 pericula
283 1709 546 1791 difficultatesque
576 1709 759 1774 metuendae
787 1710 851 1772 sint
884 1708 916 1772 et
948 1708 1063 1789 quibua
1098 1707 1239 1774 remediia

114 1810 161 1875 uti
185 1812 333 1894 oporteat,
356 1812 420 1877 alia
443 1815 582 1894 quaestio
606 1815 663 1877 est.

555 2046 800 2132 OGGXLVIH.

410 2238 521 2285 SERHO
543 2239 589 2285 DE
617 2239 733 2286 davni:
756 2238 944 2286 camalam.

44 2389 108 2454 384
160 2378 344 2443 Diuiuarum
372 2379 599 2461 scripturarum
629 2378 838 2461 multiplicem
868 2378 1093 2444 abundantiam
1124 2378 1239 2444 lauer-

116 2500 262 2562 mamque
285 2480 457 2546 doctrinam
480 2481 547 2546 eiue
569 2481 634 2548 ullo
658 2500 760 2546 errore
779 2481 1010 2565 comprehendit
1033 2483 1067 2546 et
1093 2481 1161 2547 aine
1177 2481 1237 2546 ullo

116 2585 220 2649 labore
244 2583 380 2649 custodit
402 2584 489 2649 cuiue
512 2602 563 2649 cor
585 2583 714 2666 plenum
736 2589 782 2650 eat
798 2585 929 2650 caritate
945 2585 1067 2650 dicente
1082 2584 1237 2669 apostolo:

115 2686 321 2770 plenitudo
354 2692 486 2752 autem
517 2687 621 2770 legis
656 2689 826 2768 caritas,
864 2689 896 2752 et
929 2688 989 2753 alio
1022 2689 1108 2755 loco:
1144 2688 1265 2754 finiao

116 2793 243 2855 antem
278 2791 484 2872 praecepti
518 2791 577 2855 est
604 2793 753 2856 caritas
775 2793 817 2856 de
839 2790 954 2857 corde
976 2811 1072 2874 puro
1096 2798 1134 2858 et
1158 2813 1236 2858 con·

115 2895 285 2959 scientia
311 2894 409 2959 bona
438 2899 474 2960 et
502 2894 583 2959 fide
613 2912 688 2958 non
708 2895 816 2960 licta.
855 2897 928 2978 quid
951 2895 1128 2961 astantem
1151 2915 1233 2979 prae·

115 2995 195 3077 cepti
229 2997 300 3060 tinia
330 2996 390 3062 nisi
422 2997 575 3080 praecepti
607 2997 810 3080 adimpletio?
838 3002 870 3062 et
899 2997 972 3079 quid
989 3003 1050 3063 ‘est
1085 2999 1234 3083 praecepti

216 3182 496 3247 cornelianam
584 3183 808 3249 cornacula,
823 3184 854 3238 13
940 3185 974 3238 20
992 3184 1068 3238 Rom.
1085 3186 1172 3250 13,10

114 3268 297 3332 1T1m.1‚5

165 3441 177 3494 l
206 3442 249 3510 ne]
273 3426 320 3523 nec'
345 3443 371 3497 G
473 3442 490 3495 2
515 3430 650 3511 ypocritae
680 3442 703 3511 (1
804 3446 988 3512 computemur
1016 3444 1040 3514 Q
1143 3447 1161 3499 6
1187 3460 1234 3498 uon

113 3544 216 3611 placare
240 3545 289 3599 M:
319 3547 422 3615 plaeere
444 3548 500 3599 iam
524 3562 575 3601 non
601 3546 653 3618 OQ
759 3547 774 3600 'i
798 3548 949 3602 uirtutibus
974 3549 1061 3604 G'M:
1094 3550 1181 3604 uirtus
1204 3549 1234 3618 0¹

113 3631 225 3684 uirtutis
240 3630 317 3702 (ΡΨ
407 3633 440 3686 10
450 3634 632 3702 (qua)propter
644 3632 687 3687 dei
699 3635 780 3687 timor
792 3635 855 3704 nou]
868 3650 919 3688 om.
936 3633 960 3704 (1
1044 3637 1135 3690 incoat
1148 3636 1173 3707 Q

113 3752 144 3805 11
164 3753 272 3807 near:
302 3753 385 3808 asae
405 3753 456 3823 ap
565 3754 717 3825 rarpsoq
816 3756 849 3810 14
867 3757 990 3823 operae
1007 3757 1056 3811 nr:
1084 3727 1236 3824 tameo

112 3837 260 3908 oportetQ
356 3840 387 3892 15
405 3855 464 3908 cop.
479 3837 724 3896 CCCXLVIIIM:
750 3840 902 3896 ccccm
919 3841 957 3907 0;
984 3858 1059 3899 aem.
1078 3841 1175 3912 ooaQ

114 3921 146 3974 16
173 3938 259 3976 nermo
285 3926 332 3977 M:
366 3926 463 3995 incipit
486 3941 570 3979 sermo
597 3929 680 3994 (nemo
705 3928 739 3998 Q)
770 3926 824 3997 00
927 3929 959 3981 17
983 3953 1036 3983 κω
1059 3929 1235 3998 multiplicem

113 4006 193 4073 (quod
202 4008 238 4076 (1)
256 4010 367 4081 raam
468 4010 681 4067 habundantiam
707 4014 762 4069 GP
864 4014 897 4068 18
920 4015 1119 4084 conprehendat
1143 4015 1172 4070 θ

111 4093 253 4148 corutum
270 4093 345 4163 MQ:
374 4112 422 4150 om.
445 4098 471 4152 θ
568 4098 683 4167 atquin
705 4099 807 4154 GMP:
837 4098 942 4168 quieQ
1040 4101 1236 4171 canisipree

112 4177 191 4247 cepti]
210 4179 264 4231 nisi
280 4182 425 4249 praeceptis
445 4183 472 4237 P
498 4183 550 4237 nisi
569 4185 700 4253 praecepit
721 4186 745 4254 Q
