2760 4814
188 302 269 369 ,220
686 303 849 376 Eugippii

198 492 303 576 pontis
324 492 484 560 smuemm
502 511 570 561 esse
584 494 757 577 conloquio.
787 493 927 579 gaudem
940 496 1045 561 autem
1061 495 1227 561 daemones
1250 495 1333 561 bano

200 594 263 661 sibi
282 597 471 679 potestatem
493 597 572 680 dari,
594 598 631 663 nt
652 598 691 664 ad
714 597 963 664 incantationem
985 597 1150 664 homiuum
1172 601 1332 681 serpentes

199 700 395 776 moueantur,
416 702 453 765 ut
475 699 613 782 quolibet
635 701 727 766 modo
750 701 864 767 fallant
878 720 955 784 quos
978 704 1117 784 possunt.
1141 702 1198 766 hoo
1222 703 1332 767 autem

198 800 427 883 permittuntur
454 802 494 868 ad
517 803 610 885 primi
638 801 715 870 faeti
736 805 922 870 memoriam
951 803 1241 888 commendandam,
1270 821 1332 886 qno

198 903 242 970 sit
273 905 317 970 eis
350 907 503 988 quaedam
531 924 602 972 oum
630 907 688 973 boo
715 925 827 990 genere
855 906 1070 973 familiaritas.
1107 923 1198 989 porro
1226 907 1371 990 ipsnma

198 1009 334 1090 primum
366 1009 487 1075 fautum
515 1011 555 1076 ad
583 1012 641 1075 boo
668 1010 854 1091 permissum
877 1014 935 1089 est,
964 1013 1000 1075 ut
1021 1028 1076 1093 per
1098 1010 1244 1075 naturam
1265 1027 1331 1074 ser·

198 1112 303 1193 pontis
324 1110 554 1196 significaretur
575 1114 682 1197 generi
702 1112 875 1192 homiuum,
899 1112 950 1178 oui
965 1113 1132 1179 erudiendo
1147 1111 1224 1177 baso
1238 1113 1331 1193 gesta

197 1215 351 1282 oonsoribi
372 1217 547 1300 oportebat,
576 1215 678 1283 omnis
711 1215 885 1282 diabolicae
919 1216 1115 1281 temtationis
1137 1213 1329 1280 similitudo:

196 1319 279 1403 qnod
310 1321 483 1405 apparebit,
517 1338 590 1385 oum
618 1320 651 1385 in
683 1323 860 1402 serpentem
888 1318 1019 1402 proferri
1052 1318 1186 1401 coeperit
1218 1319 1331 1383 diuina

196 1426 360 1489 sententia.
1341 1449 1369 1489 ro

239 1543 374 1610 Proinde
401 1541 662 1628 prudentissimus
691 1544 832 1608 omnium
863 1543 1045 1624 bestiarum,
1077 1542 1135 1608 boo
1163 1542 1213 1607 est
1239 1542 1330 1605 astu-

196 1644 350 1726 tissimus,
373 1647 421 1714 ita
443 1647 545 1714 diotm
567 1651 615 1712 est
636 1665 761 1730 serpens
781 1649 908 1730 propter
927 1649 1077 1715 astutiam
1099 1645 1224 1725 diaboli,
1248 1662 1328 1727 quae

194 1754 228 1818 in
261 1749 317 1817 illo
350 1754 383 1817 st
420 1751 459 1817 de
495 1751 552 1816 illo
586 1750 703 1834 agebat
742 1751 867 1817 dolum:
912 1749 1175 1834 quamadmodum
1208 1747 1326 1813 dieitur

194 1855 331 1937 prudens
358 1854 411 1921 uel
439 1857 546 1920 astuta
573 1853 693 1938 lingua,
721 1872 816 1938 qnam
843 1853 979 1937 prudens
1000 1853 1053 1921 uel
1075 1854 1198 1918 astutus
1220 1853 1328 1915 mouet

195 1960 235 2024 ad
256 1957 375 2042 aliquid
397 1959 567 2041 prudenter
588 1959 751 2040 astuteque
773 1958 983 2040 suadendum;
1007 1975 1069 2022 non
1085 1956 1169 2021 enim
1184 1954 1233 2018 est
1248 1952 1364 2020 bosora

193 2061 244 2127 uie
273 2079 328 2127 ssu
359 2061 461 2127 uirtus
490 2062 623 2127 membri
650 2061 831 2144 nemoralis,
866 2061 948 2143 quod
977 2060 1108 2126 uooatur
1130 2058 1248 2141 lingua,
1271 2056 1327 2122 sed

192 2163 302 2248 utiquo
335 2165 460 2243 mentis,
493 2182 572 2247 quae
604 2166 705 2230 utitur
738 2182 783 2231 aa
823 2164 871 2230 ita
904 2163 1002 2230 stiam
1036 2163 1140 2228 diotm
1163 2166 1210 2226 est
1232 2159 1328 2227 stilus

192 2268 328 2335 mendax
356 2269 547 2345 soritarum3
580 2286 681 2351 neque
708 2268 794 2333 enim
816 2286 883 2333 esse
905 2269 1086 2334 mendaeem
1107 2265 1245 2349 pertinet
1267 2264 1328 2329 nisi

192 2372 232 2438 ad
254 2373 417 2452 uiuentem
439 2376 533 2455 atquo
554 2372 759 2448 sentientem
794 2371 847 2436 sed
870 2372 964 2436 stilus
987 2369 1118 2435 mendax
1139 2367 1244 2432 diotm
1267 2370 1327 2450 est,

192 2473 274 2557 quod
307 2493 364 2557 per
396 2493 469 2540 eum
502 2476 634 2541 mendax
670 2475 861 2541 mendaciter
882 2475 1035 2558 operetur,
1067 2472 1361 2556 quemadmodum·

191 2578 219 2643 si
242 2580 275 2645 et
296 2578 357 2644 iste
381 2597 504 2661 serpens
519 2582 651 2646 mendax
666 2579 830 2657 diceretur,
853 2580 936 2662 quod
950 2595 985 2643 eo
1002 2575 1146 2641 diabolus
1161 2577 1326 2656 tamquam

192 2681 266 2748 stilo
297 2681 490 2747 mendaciter
525 2683 675 2749 uteretur.
715 2682 774 2748 hoo
802 2683 872 2748 ideo
900 2679 1183 2749 sommenuamum
1205 2678 1325 2760 putaui,

190 2784 416 2868 nequisquam
438 2785 621 2851 existimans
644 2786 820 2851 animantia
840 2784 972 2851 rationis
994 2783 1132 2866 expertia
1153 2782 1327 2846 humanum

191 2886 306 2954 babere
338 2889 536 2956 intellectum
567 2892 619 2955 nel
646 2890 680 2954 in
709 2890 829 2955 animal
862 2887 1014 2956 rationale
1047 2888 1174 2968 repente
1207 2883 1325 2949 mutari

190 2993 356 3059 sednoutnr
378 2993 412 3057 in
434 2993 524 3059 illam
545 2994 724 3075 opinionem
746 2993 911 3060 ridiculam
927 2997 958 3058 ot
972 2991 1096 3057 noxum
1119 2986 1360 3054 reuolutionisse

191 3096 368 3162 animarum
391 3098 442 3162 uel
464 3097 627 3163 hominum
649 3097 682 3162 in
706 3096 823 3162 bestias
844 3097 896 3162 uel
920 3097 953 3161 in
975 3093 1117 3160 homines
1141 3089 1323 3157 bestiarum.

190 3198 330 3283 sicergo
353 3200 477 3266 loeutus
501 3203 549 3264 ast
571 3219 699 3284 serpens
721 3199 850 3275 homini,
873 3198 1076 3273 siruamus,
1098 3195 1132 3259 in
1154 3213 1216 3276 qua
1238 3195 1326 3259 sede-

190 3299 247 3367 bat
269 3301 411 3382 Balaam,
434 3302 540 3369 locuta
562 3307 610 3369 est
632 3302 761 3383 bomini,
785 3303 847 3368 nisi
871 3304 951 3386 quod
974 3301 1055 3368 illud
1070 3317 1148 3381 opus
1172 3298 1235 3364 fuit
1257 3295 1324 3363 dia·

293 3437 328 3492 28
345 3438 379 3493 ei.
397 3437 478 3494 Num.
498 3438 541 3505 22,
558 3439 593 3492 28

242 3560 254 3611 l
282 3559 385 3628 auum]
413 3561 484 3613 enim
510 3559 583 3615 Dr'o
695 3560 833 3614 daemonis
856 3559 898 3615 D¹
1013 3552 1189 3628 2‘serpentia
1213 3556 1256 3611 Β·

184 3644 348 3699 dmonsant
364 3645 439 3701 Mb
540 3647 558 3701 6
580 3646 615 3701 ad
632 3661 683 3701 ors.
708 3664 724 3701 v
826 3646 881 3716 per]
900 3661 948 3714 pro
965 3645 1007 3701 D·
1119 3645 1135 3699 'l
1159 3644 1246 3713 μὴ]
1270 3644 1325 3697 iata

187 3729 229 3785 Β·
332 3731 350 3784 9
376 3731 522 3800 apparebat
546 3731 577 3786 D
681 3735 803 3802 serpente
826 3730 875 3788 Do
983 3732 1016 3786 15
1043 3730 1183 3800 aetatique
1208 3729 1255 3784 Do

187 3816 220 3871 17
242 3816 353 3886 mentis]
378 3819 485 3871 memtis
508 3817 535 3872 Τ
561 3834 675 3874 manso
776 3819 809 3873 18
831 3817 984 3873 mendaeem
1006 3833 1063 3872 asae
1087 3834 1104 3871 o
1204 3816 1325 3887 pertenit

184 3902 228 3958 D¹
321 3902 357 3958 20
373 3905 430 3973 per]
448 3920 496 3974 pro
513 3904 557 3959 D¹
643 3905 790 3961 mandare
879 3905 999 3974 operitur
1016 3903 1046 3960 D
1140 3903 1173 3958 21
1193 3902 1324 3958 dioeritur

184 3989 226 4043 Β·
312 3988 439 4044 diabulus
456 3991 487 4044 D
581 3992 616 4048 22
633 3992 751 4047 ntoritur
767 3991 809 4047 D¹
904 3991 939 4045 23
957 3994 1065 4060 experta
1082 3989 1130 4044 Do
1224 3989 1259 4044 24
1275 3986 1324 4044 ha·

184 4075 244 4131 tire
260 4074 302 4131 D¹
394 4076 423 4130 in
441 4093 491 4133 aaa.
509 4076 551 4133 D¹
644 4078 755 4148 animal]
774 4077 866 4132 anima
881 4075 994 4133 ΜΨ
1084 4083 1220 4146 repentem
1236 4092 1255 4131 o

183 4160 220 4216 26
237 4160 378 4216 ridioolam
394 4161 434 4217 D¹
521 4163 556 4217 26
573 4165 674 4218 aemma
691 4161 726 4217 V·
812 4162 847 4216 27
864 4163 913 4232 sio]
931 4162 955 4216 si
977 4161 1004 4217 V
1088 4161 1195 4216 homine
1210 4159 1254 4215 D¹

183 4245 375 4302 2810outuao
477 4247 584 4302 bomine
600 4247 643 4303 D¹
748 4264 812 4317 opos
829 4248 870 4303 D¹
