2760 4814
233 351 394 420 Excerpta
411 368 446 404 ex
464 366 531 419 opp.
551 352 576 404 S.
595 351 782 419 Augustini
806 349 881 405 CCX.
900 349 992 406 CCXI.
1138 352 1201 418 679

64 542 209 624 ·gelicum
239 538 354 605 Christi
390 542 619 606 sacramentum
654 541 795 607 diuinum
827 547 860 606 et
892 561 988 607 suane
1021 546 1069 607 est
1101 561 1200 624 neque

69 648 198 726 propter
229 662 332 707 eorum
365 644 566 708 sterilitatem
589 662 665 725 quos
689 646 786 709 ctiam
808 644 883 709 ioris
906 644 1060 728 compluit
1081 645 1198 727 impro-

73 748 219 812 bandum.

577 983 694 1068 CCXI.

44 1174 116 1224 §EX
151 1173 268 1221 EODEM
301 1173 404 1221 LIBRO
437 1175 484 1221 DE
515 1174 684 1222 BAPTISMO
712 1177 774 1223 1111.
812 1176 906 1236 QVOD
939 1176 1011 1224 NON
1042 1177 1101 1224 ITA
1131 1175 1197 1224 SIBI

68 1277 258 1325 BAPTISMVS
286 1276 396 1324 VERVS
429 1276 625 1325 SVCCEDERE
660 1278 785 1340 Possis,
818 1278 915 1328 SICVT
937 1279 1067 1329 nabsan
1099 1280 1196 1327 FIDEI

487 1383 579 1429 VERA
602 1382 776 1431 SVCCEDIT.

113 1521 183 1585 Iam
205 1522 281 1586 satis
303 1521 494 1587 ostendimus
517 1525 555 1587 ad
577 1521 781 1604 baptismum,
805 1522 859 1605 qui
881 1522 983 1587 uerbis
1007 1520 1268 1605 euangelicis229

70 1627 278 1701 consecratur,
301 1644 361 1690 non
384 1626 539 1709 pertinere
556 1627 739 1708 cuiusquam
762 1627 813 1693 uel
829 1628 932 1692 dantis
950 1627 1000 1691 uel
1016 1625 1195 1709 accipientis

37 1746 216 1805 sertorem,
251 1729 317 1792 siue
341 1731 378 1793 de
401 1731 487 1811 patre
520 1731 586 1794 siue
609 1730 647 1794 de
681 1729 745 1794 filio
777 1732 843 1795 siue
873 1733 909 1795 de
944 1731 1058 1811 spiritu
1090 1731 1194 1794 sancto

67 1831 160 1896 aliter
191 1833 306 1897 sentiat
336 1851 429 1914 quam
460 1833 603 1897 doctrina
632 1833 776 1898 caelestis
807 1833 952 1898 insinuat
991 1833 1081 1898 multi
1111 1831 1195 1897 enim

68 1934 212 2000 carnales
235 1941 266 2000 et
281 1936 432 2001 animales
452 1937 547 2000 etiam
570 1936 655 2000 intus
672 1937 878 2021 baptizantur,
901 1956 973 2001 cnm
988 1940 1093 2018 aperte
1109 1935 1194 2001 dicat

66 2039 242 2122 apostolus:
263 2041 445 2104 animalis
469 2045 598 2104 antem
622 2041 732 2104 homo
754 2058 826 2105 non
849 2040 1020 2123 percipit
1039 2057 1194 2123 eaquae

64 2145 159 2208 sunt
183 2143 354 2225 spiritus
377 2143 456 2220 dci,
481 2147 512 2207 et
535 2144 680 2226 percepto
704 2144 767 2208 iam
791 2143 946 2224 baptismo
968 2143 1044 2208 dicit
1067 2161 1116 2207 eos
1138 2141 1193 2207 ad·

33 2245 126 2312 nhuc
163 2246 312 2310 animales
347 2265 421 2310 esse.
460 2247 632 2311 secundum
667 2247 772 2310 autem
803 2265 927 2311 sensum
952 2245 1107 2310 carnalem
1131 2262 1193 2307 non

58 2354 169 2435 potest
193 2350 253 2413 nisi
277 2350 444 2414 carnaliter
467 2350 504 2414 de
528 2353 583 2415 deo
614 2368 720 2432 sapere
747 2350 853 2414 anima
877 2348 1029 2431 corporeis
1052 2347 1193 2412 sensibus

57 2455 182 2521 dedita.
221 2455 300 2517 unde
331 2453 423 2517 multi
454 2457 524 2535 post
553 2454 744 2533 baptismum
772 2451 979 2534 proficientes,
1003 2453 1035 2515 et
1057 2449 1193 2516 manime

55 2557 116 2641 qui
151 2555 288 2622 infantes
321 2557 373 2620 uel
406 2556 493 2638 pueri
529 2555 677 2638 baptizati
705 2560 788 2632 sunt,
823 2556 937 2637 quanto
960 2555 1062 2638 magis
1085 2572 1191 2620 eorum

52 2661 247 2727 intellectus
271 2664 431 2724 serenatur
447 2663 478 2723 et
500 2658 715 2734 inluminatur,
739 2657 813 2723 dum
834 2659 964 2723 interior
986 2658 1079 2723 homo
1101 2676 1190 2723 reno·

10 2770 158 2834 acuatur
183 2765 220 2829 de
243 2765 292 2828 die
327 2765 359 2827 in
383 2762 475 2840 diem,
510 2766 626 2845 priores
660 2780 732 2827 suas
767 2763 936 2845 opiniones,
971 2781 1046 2845 quas
1075 2764 1113 2828 de
1136 2766 1192 2828 deo

50 2868 235 2944 habebant,
269 2885 338 2932 oum
371 2866 436 2931 suis
465 2866 695 2947 phantasmatis
725 2865 972 2949 ludificarentur,
1006 2865 1137 2930 irrident
1160 2869 1191 2930 et

51 2974 258 3040 detestantes
291 2972 383 3055 atque
419 2968 601 3035 confitentes
634 2971 785 3035 abiciunt.
824 2989 880 3035 noc
907 2971 1013 3034 tamen
1036 2969 1105 3034 ideo
1128 2987 1190 3032 non

49 3077 219 3160 accepisse
248 3075 441 3157 baptismum
471 3075 691 3139 existimantur
719 3076 775 3138 aut
801 3074 864 3139 tale
886 3074 1080 3155 baptismum
1104 3090 1189 3137 acoe-

169 3262 202 3318 13
220 3262 304 3316 ICor.
323 3262 348 3326 1,
367 3261 400 3315 14
482 3261 514 3314 14
531 3260 566 3314 ci.
580 3260 593 3315 Ι
607 3260 668 3317 Cor.
686 3262 711 3327 3,
730 3261 747 3314 3
827 3260 859 3314 19
876 3261 909 3315 cf.
923 3259 952 3315 Il
965 3258 1025 3315 Cor.
1043 3260 1069 3327 4,
1088 3259 1121 3313 16

110 3432 363 3490 2sterelitatcmP
445 3433 574 3499 compluit
590 3431 718 3485 GMPV:
742 3430 912 3498 cumplnitA
939 3430 1121 3500 complicuito

46 3519 252 3593 improbandos
269 3518 334 3573 MV
415 3519 508 3586 Icop.
527 3514 625 3571 CCXII
641 3519 668 3571 A
696 3515 876 3572 ccxxvnn
890 3518 917 3572 P
941 3514 1060 3572 CCXXX
1079 3517 1121 3571 Go

45 3610 70 3665 ὅ
90 3610 135 3678 ex]
155 3610 324 3661 intercutem
336 3621 366 3658 ex
384 3606 410 3658 Λ
497 3604 513 3657 6
533 3604 659 3673 baptismi
678 3602 741 3657 MV
753 3602 798 3672 (cf.
808 3620 838 3671 p.
851 3606 898 3670 23,
912 3608 956 3667 10)
1044 3601 1188 3670 succedere]

45 3710 197 3753 succereo
290 3690 466 3745 lsuocedunt
484 3692 511 3744 A
603 3691 791 3744 Csocraturo
886 3689 919 3744 13
936 3690 1064 3743 animales
1083 3689 1120 3743 Ρι

46 3782 177 3852 percipet
199 3781 226 3832 A
329 3777 405 3845 quac]
429 3792 479 3844 que
501 3775 565 3830 odd.
586 3776 619 3829 V²
640 3791 716 3844 supr.
734 3792 806 3830 acere.
912 3778 945 3832 15
968 3793 1074 3830 sensum
1098 3778 1187 3829 autem

47 3868 160 3925 AGPo
265 3865 297 3918 16
320 3863 459 3930 corporeis]
484 3862 612 3931 eorporib.
639 3862 704 3918 MV
731 3862 847 3930 corporis
871 3863 909 3917 Ρι
1013 3863 1045 3916 11
1069 3861 1186 3916 deditam

46 3954 91 4009 M
96 3952 123 4007 V
226 3948 449 4024 proficientisP¹
551 3952 578 4000 et
602 3947 714 4001 maxime
737 3949 783 4016 qui
807 3948 934 4017 inientes]
959 3949 1024 4002 odet.
1048 3951 1086 4002 A²
1109 3964 1186 4018 supr.

46 4056 128 4096 uere.
237 4038 268 4090 18
286 4035 399 4088 infantis
422 4035 460 4089 P¹
567 4036 598 4088 19
621 4035 797 4088 inluminator
821 4035 858 4088 P¹
963 4036 1037 4105 dum]
1057 4040 1118 4090 eto

47 4123 287 4194 metelliano
372 4120 679 4186 suas(aexocorr.)P
760 4121 903 4188 openionos
921 4123 947 4175 Α
1034 4121 1187 4175 21111111-

51 4215 140 4269 matis
157 4228 176 4266 o
272 4208 305 4261 13
324 4207 449 4274 accipisse
466 4207 493 4263 Α
592 4207 992 4277 existimantur-baptismum]
1010 4224 1061 4261 om.
1080 4208 1117 4260 Ρι

50 4300 184 4368 accipisse
200 4296 228 4350 A
