2760 4814
233 563 454 643 Exaerptaex
471 579 543 635 opp.
562 563 588 619 Β.
605 565 795 635 Augustini
818 564 903 621 CXII.
922 565 1022 622 cxln.
1130 569 1195 638 383

59 757 229 837 tamquam
261 751 383 819 cbristo
417 754 460 818 sit
492 753 623 839 dietum,
658 755 712 837 qui
744 755 862 822 talibus
898 755 1000 823 adbno
1032 755 1196 842 discipulis

58 858 213 942 paperem,
237 874 293 940 pro
310 856 423 940 quibus
438 856 620 923 seofferens
642 858 706 924 ait:
729 858 763 922 si
786 877 878 944 ergo
902 877 960 925 ms
981 861 1194 943 qnaeritis,

57 961 188 1028 sinite
221 960 302 1028 bos·
321 959 444 1026 abire.
480 962 575 1044 atque
605 961 644 1025 ut
672 960 907 1046 intellegeretur
937 962 1112 1030 sinuosos
1144 967 1194 1032 in·

56 1063 182 1130 ualidos
211 1067 244 1129 et
273 1065 378 1130 minus
408 1065 532 1130 idoneos
561 1064 657 1130 inissa
686 1065 828 1148 passioni
857 1069 1020 1149 tamquam
1043 1084 1138 1153 ugnos
1159 1069 1193 1134 in

34 1167 278 1247 elaotematris‚
293 1170 420 1234 seontus
435 1168 482 1233 uit
497 1169 706 1254 euangelista:
728 1174 771 1236 ut
793 1170 1032 1252 impleretur
1053 1189 1193 1248 sermo,

55 1289 177 1354 quem
207 1270 326 1336 dixit:
359 1272 456 1355 qnia
483 1291 579 1355 quos
609 1271 759 1340 dedisti
780 1273 896 1355 mihi,
929 1290 1002 1339 non
1031 1272 1195 1356 perdidi

56 1392 104 1438 ex
138 1373 198 1439 eis
231 1391 474 1457 quemqnam.
514 1378 595 1441 undo
618 1377 747 1460 apparot
768 1394 830 1455 sos,
853 1378 881 1443 si
903 1378 980 1442 tuno
1000 1377 1192 1459 paterentur,

56 1477 159 1542 inisse
186 1477 358 1561 perituros3
392 1477 452 1544 boe
481 1477 565 1543 onim
595 1482 670 1546 tuno
692 1497 753 1545 non
775 1480 859 1563 passi
882 1485 959 1546 sunt
979 1482 1061 1563 quod
1083 1485 1193 1565 postea

55 1581 144 1664 passi
165 1584 249 1661 sunt,
271 1598 333 1647 non
356 1580 459 1647 adhue
481 1582 553 1666 agni
576 1584 609 1648 in
631 1584 721 1663 laeto,
745 1584 802 1651 sed
823 1585 889 1649 iam
903 1583 1016 1650 arietes
1036 1583 1069 1649 in
1085 1602 1191 1669 grege.

19 1910 46 1948 ,ο
568 1870 696 1957 orm.

54 2079 126 2127 cvr
156 2077 450 2128 rnosmnromvrr
479 2079 592 2128 raons
626 2078 925 2129 svsnnsonssnvn
957 2079 1110 2129 nrxsnrn.
1147 2080 1192 2128 nx

301 2181 420 2231 sonan
440 2182 544 2232 urano
567 2182 810 2243 ovnssnrouvrr
830 2182 951 2234 roxem.

97 2318 362 2404 Propitiatorinm
395 2319 470 2403 qnid
504 2318 590 2386 dieat
621 2319 936 2402 superimponendum
964 2336 1057 2404 super
1084 2311 1264 2390 aroam128

54 2422 164 2507 quaeri
177 2423 275 2507 solot3
298 2423 352 2488 sed
368 2440 441 2488 eum
456 2441 586 2490 aureum
607 2422 676 2489 fieri
693 2422 800 2489 iubeat
816 2422 944 2504 eiusque
959 2420 1190 2506 longitudinem

22 2531 87 2592 root
107 2523 315 2593 latitudinem
335 2525 462 2592 tantam
484 2526 645 2609 exprimat,
676 2529 794 2609 quanta
815 2528 848 2590 et
869 2525 968 2609 ipsius
990 2541 1081 2590 areae
1106 2524 1190 2590 diota

55 2636 114 2713 ost,
142 2630 252 2716 proonl
282 2629 378 2717 dubio
408 2627 498 2694 uelut
527 2627 672 2695 tabulam
700 2646 826 2697 auream
848 2628 957 2695 tantae
980 2627 1099 2695 formae
1121 2627 1189 2703 fieri

55 2733 226 2819 praeoapit,
259 2750 321 2816 qna
352 2734 509 2818 tegeretur
542 2750 629 2800 area:
661 2731 709 2798 ita
738 2732 776 2798 nt
804 2732 838 2796 in
870 2730 938 2813 ipso
970 2730 1189 2816 propitiatorio

56 2841 162 2904 essent
184 2837 246 2903 dno
268 2835 431 2918 cherubin,
459 2835 534 2902 bino
557 2836 651 2918 utque
673 2834 745 2902 inde
768 2833 955 2900 alterutrum
978 2834 1187 2915 attendentes,

57 2942 103 3006 its
131 2942 170 3006 ut
200 2939 308 3005 nultus
338 2956 444 3005 eornm
473 2938 508 3004 in
539 2936 791 3021 propitiatorium
815 2938 973 3002 sesemet
998 2937 1190 3021 pinnissois

27 3041 284 3110 »obumbrarent
303 3041 571 3125 propitiatorium:
599 3039 681 3123 quod
702 3058 853 3125 magnum
876 3040 928 3104 est
948 3036 1202 3106 undamentum(
1220 3032 1236 3075 ³³

56 3164 168 3213 surum
197 3145 312 3229 quippo
340 3143 497 3228 signifieat
525 3143 721 3228 sapientiam,
752 3159 827 3210 area
854 3141 1009 3227 signifieat
1031 3146 1188 3208 secretum

58 3249 115 3315 dei
154 3248 188 3314 in
218 3265 289 3314 urea
316 3247 402 3313 iussn
430 3247 506 3312 sunt
532 3247 608 3330 poni
630 3246 679 3312 lor
701 3247 735 3314 et
756 3263 872 3312 manna
894 3250 926 3312 et
949 3248 1041 3330 uirga
1063 3247 1188 3312 Aaron:

57 3352 88 3417 in
119 3352 193 3435 lege
225 3352 390 3435 praecepta
422 3353 505 3434 sunt,
539 3350 629 3435 uirga
661 3351 800 3432 potestas
832 3347 1036 3435 signifioetur‚
1071 3365 1188 3415 manna

58 3456 169 3537 untia,
199 3452 275 3537 qnia
302 3453 364 3519 nisi
391 3452 587 3538 cumgratia
608 3469 670 3517 non
693 3454 741 3518 est
761 3453 900 3535 potestas
923 3452 1087 3535 praesepta
1108 3450 1188 3516 isoi-

30 3558 139 3623 sendi.
175 3564 287 3622 nerum
309 3558 416 3621 nmen
431 3557 506 3639 quia
528 3555 577 3621 ier
592 3574 611 3621 a
629 3555 739 3638 quouis
761 3556 941 3640 protioiento
963 3573 1025 3621 non
1042 3574 1080 3620 ex
1102 3555 1188 3620 omni

58 3664 144 3744 parto
177 3659 360 3742 nommetur,
394 3657 649 3741 propitiatorium
683 3663 731 3723 est
763 3663 906 3741 desuper.
944 3658 982 3723 od
1015 3657 1071 3724 boe
1101 3658 1187 3723 enim

57 3783 132 3847 opus
163 3766 219 3842 est,
254 3766 290 3828 ut
325 3761 480 3844 propitios
510 3760 552 3826 sit
584 3761 670 3839 deus,
698 3765 732 3827 st
759 3761 827 3828 ideo
855 3762 1084 3845 superponitur,
1114 3762 1188 3844 quia

157 3975 407 4041 aldianas
511 3972 775 4040 imbrium
859 3970 862 3974 ⁴

103 4169 317 4244 lquitslibus]
334 4171 494 4241 meliboea
585 4172 742 4240 dognnso
825 4173 900 4226 duit
917 4187 967 4226 om.
988 4171 1014 4226 T
1097 4170 1187 4228 iinon

50 4259 135 4317 Pone
153 4272 205 4314 osu.
220 4257 248 4314 t'
348 4258 382 4313 10
395 4272 455 4328 cop.
468 4256 594 4314 omn
609 4257 753 4315 cxxvm
765 4256 793 4313 P
809 4256 967 4314 cxxvnn
977 4272 1006 4325 υς
1024 4274 1076 4315 om.
1091 4258 1117 4314 θ

52 4350 83 4403 11
101 4344 160 4416 our]
177 4358 233 4416 qun
248 4347 296 4399 tur
313 4343 352 4398 1²¹
381 4344 462 4415 qnare
486 4342 540 4398 Ρ·-
624 4344 720 4403 urebas
746 4344 772 4399 T
873 4345 904 4399 15
929 4347 1060 4413 qnantum
1078 4350 1117 4408 {m
1136 4345 1188 4404 aa.

49 4436 125 4500 ιι)
146 4429 175 4486 V
258 4430 293 4484 16
311 4430 361 4500 est]
374 4430 446 4485 situ
531 4431 565 4488 18
580 4432 721 4495 cherubim
738 4445 757 4486 o
843 4430 875 4485 19
892 4429 1008 4485 emta
1089 4433 1193 4498 pennis

51 4521 78 4577 T
164 4516 199 4572 21
218 4515 283 4572 dous
300 4514 394 4571 osef
476 4528 667 4596 superponitur
685 4515 790 4575 MPV:
816 4515 928 4585 desuper
945 4518 1057 4584 ponitur
1076 4513 1128 4574 bo
