2760 4814
285 291 311 336 11

285 457 401 540 primos
435 457 566 539 triginta
600 456 707 519 titulos
739 455 852 519 indicis
884 453 1092 535 capitulorum
1121 455 1212 519 initio
1246 453 1274 518 li‘

285 563 420 624 extremo
443 559 521 623 libro
543 560 644 640 capita
660 554 1085 623 comui-cccxlviii
1101 576 1172 621 cum
1190 560 1274 640 parte

285 661 483 728 CCOXLIIII
510 662 592 741 (inde
615 682 633 726 a
655 682 685 744 p.
711 661 804 737 1088,
828 659 861 744 9)
885 660 1109 737 desiderantur,
1134 680 1274 745 compar

286 765 351 830 folii
367 767 429 831 306
452 768 576 831 desecta
591 768 642 849 sit,
667 770 770 830 cetera
786 766 942 846 perierint.
977 765 1124 845 inprime
1141 765 1214 828 folio
1231 765 1274 828 chr

286 888 345 950 quo
365 871 456 934 codex
479 871 637 934 inuolatus
660 872 716 946 est,
741 888 835 934 manu
859 868 962 931 Fuluii
980 867 1083 930 Vrsini
1106 868 1180 931 haec
1203 870 1274 952 ling

284 975 352 1053 gari
368 973 476 1038 italica
492 974 639 1038 adnotato
655 973 742 1036 sunt:
764 969 913 1052 Eup-eppo
930 969 1040 1034 uocare
1055 971 1148 1051 perusi
1163 992 1209 1035 uu
1225 991 1274 1035 cor

286 1094 320 1157 di
342 1094 430 1155 erarii
452 1094 555 1158 scritti
576 1093 611 1155 di
630 1092 666 1158 S.
685 1091 838 1173 Apustius
854 1092 890 1152 iu
899 1110 1097 1172 perpuruerrc
1112 1094 1149 1154 iu
1165 1074 1216 1154 trNc
1231 1112 1274 1154 rue

286 1195 322 1257 r'u
344 1195 448 1278 topi-io.
486 1197 591 1259 arctico
609 1196 670 1276 piri.
692 1195 726 1257 otr'
749 1194 835 1258 mitte
858 1195 948 1257 aurci.
979 1193 1052 1258 Fut.
1084 1194 1152 1259 Vrs.
1190 1200 1274 1276 quate

285 1299 359 1363 libri
393 1318 452 1364 non
485 1304 558 1364 sunt
591 1302 698 1364 notati.
736 1298 884 1362 librarius
912 1299 945 1362 in
975 1299 1032 1363 hoc
1062 1300 1142 1363 libro
1171 1300 1274 1362 scribet

286 1402 451 1484 diligenter
474 1407 506 1468 et
528 1403 698 1466 uerecunde
721 1404 862 1466 uersatus
885 1407 941 1475 est,
966 1404 1001 1466 ut
1023 1400 1062 1465 iis
1078 1401 1162 1478 locis,
1179 1401 1232 1463 ubi
1255 1403 1274 1465 ir

286 1510 358 1586 typo
385 1506 506 1570 litterae
535 1506 682 1571 euanidae
710 1505 860 1588 quaedam
889 1505 951 1586 legi
987 1523 1046 1569 non
1082 1507 1233 1586 poterant,
1268 1522 1274 1566 r

286 1625 417 1672 uacuum
440 1609 487 1673 tot
503 1609 565 1673 fere
581 1609 768 1692 litterarum,
784 1611 859 1691 quot
873 1610 902 1671 in
919 1609 1082 1692 archetypo
1098 1612 1201 1672 deesse
1217 1608 1274 1671 uidi

287 1711 481 1792 relinqueret,
516 1730 594 1793 quae
626 1715 733 1795 postea
763 1710 945 1793 plerumque
979 1713 1033 1775 aut
1067 1711 1133 1792 ipse
1166 1714 1220 1774 aut
1255 1729 1274 1773 o

287 1814 424 1894 aequalis
453 1814 566 1878 litteris
597 1816 755 1896 aliquanto
785 1815 954 1878 minoribus
984 1815 1156 1878 atramento
1187 1813 1274 1895 magi:

285 1918 410 1999 scriptis
427 1918 594 2000 suppleuit.
619 1919 699 2000 qnod
715 1937 760 1980 er.
777 1936 821 1999 gr.
840 1917 1020 1981 factumest
1041 1937 1071 2000 p.
1088 1915 1160 1999 487,
1178 1916 1235 1989 233
1258 1917 1274 1981 6

285 2019 436 2099 584,14;
469 2021 541 2103 601,
567 2021 622 2104 12,
656 2021 727 2099 602,
759 2020 814 2094 23;
847 2020 920 2094 604,
950 2020 1007 2095 2ος
1031 2020 1074 2083 al.
1109 2019 1274 2100 quibusdar

286 2120 361 2186 locis
384 2123 497 2188 codicis
521 2124 660 2205 parentis
687 2125 839 2207 scriptura
861 2124 907 2187 ita
928 2125 1088 2188 euanuisse
1111 2124 1243 2204 uidetur,
1272 2141 1274 2149 ⁴

286 2225 437 2307 scriptum
468 2230 547 2292 esset
576 2248 614 2292 ne
645 2228 841 2311 diligentiore
872 2227 997 2309 quidem
1030 2226 1231 2309 inquisitione
1261 2245 1275 2290 e

286 2336 398 2409 posset,
423 2332 508 2394 uelut
530 2331 603 2402 423,
629 2330 684 2413 113
706 2331 779 2408 468,
803 2331 832 2409 8,
857 2330 910 2394 ubi
932 2350 1040 2395 manus
1060 2331 1159 2413 prima
1175 2330 1275 2393 seduci

286 2432 387 2512 spatio
410 2433 544 2516 quinque
567 2433 744 2497 litterarum
767 2435 941 2518 scripserat,
965 2453 1042 2516 quae
1059 2434 1136 2497 m.2
1158 2450 1275 2517 perpere

286 2535 391 2616 plauit,
414 2539 567 2601 seduceret
582 2556 635 2619 pro
651 2538 813 2602 seducetur
834 2537 987 2621 scribens;
1011 2537 1083 2612 533,
1103 2540 1151 2603 ll.
1176 2554 1275 2601 nonno

286 2656 356 2702 nero
379 2640 514 2720 spatium
544 2660 677 2705 uacuum
705 2640 849 2706 relictum
879 2643 933 2719 est,
958 2641 1012 2706 ubi
1035 2659 1160 2722 prorsus
1183 2640 1261 2705 nihil

287 2745 383 2819 ratur,
405 2745 490 2807 uelut
512 2743 585 2825 507,
611 2742 665 2821 193
690 2744 761 2821 655,
788 2745 842 2818 ]1;
865 2745 905 2809 al.

329 2897 429 2962 Codex
452 2897 619 2961 Vaticanus
646 2897 695 2961 bis
718 2902 872 2963 correctus
895 2902 951 2977 est,
981 2901 1116 2980 primum
1139 2917 1157 2962 a
1179 2899 1275 2962 librar

285 3001 339 3083 qui
355 3000 471 3065 leuiora
482 3001 634 3082 quaedam
649 3002 761 3065 menda
775 3005 822 3064 sat
835 3002 1008 3082 manifesta,
1025 3003 1111 3065 uelut
1127 3000 1180 3064 ubi
1194 3018 1276 3065 accus

284 3123 339 3185 pro
362 3102 554 3168 nominatius
577 3104 627 3167 uel
649 3102 785 3168 ablatiuo
800 3103 974 3185 scripserat,
998 3108 1111 3184 puncto
1126 3122 1220 3185 supra
1240 3121 1276 3184 po

284 3207 397 3271 lineola
424 3205 561 3270 sustulit.
599 3206 690 3269 huius
718 3205 801 3269 modi
837 3213 1030 3271 correcturae
1065 3208 1182 3289 passim
1216 3225 1271 3288 per

285 3309 421 3375 codicem
440 3308 653 3373 inueniuntur,
677 3308 721 3372 ita
736 3309 833 3373 etiam
849 3330 878 3392 p.
895 3309 967 3386 927,
983 3310 1025 3374 30
1039 3309 1194 3390 infautia,
1211 3326 1276 3391 quor

285 3429 447 3493 perperam
470 3411 646 3492 scripserat,
670 3409 702 3475 in
724 3411 875 3492 infantili
899 3413 1028 3477 correxit
1050 3413 1115 3493 ipse
1139 3410 1277 3476 librariur

328 3564 398 3629 Non
427 3566 471 3628 ita
501 3565 641 3646 religiose
669 3571 762 3648 atque
792 3571 929 3634 modeste
955 3586 1020 3632 rem
1044 3569 1198 3632 corrector
1220 3585 1277 3649 ges

285 3667 341 3732 sub
358 3667 450 3731 finem
465 3667 553 3747 Vlll,
568 3671 603 3733 ut
619 3670 751 3746 uidetur,
768 3671 883 3736 saeculi
899 3671 981 3735 hunc
996 3671 1114 3735 librum
1129 3672 1227 3735 denuo
1244 3675 1277 3735 tr.

284 3771 409 3853 singula
420 3774 514 3836 uerba
525 3773 657 3839 euanida
668 3775 840 3839 atramento
852 3793 907 3839 suo
920 3775 1092 3854 renouauit,
1108 3775 1158 3839 uel
1171 3779 1252 3839 totas
1267 3795 1278 3858 1

285 3874 339 3938 nbi
367 3876 519 3958 scriptura
546 3896 589 3942 m.
615 3876 631 3940 l
662 3878 838 3959 delituerat,
870 3878 986 3943 litteris
1011 3878 1240 3962 langobardicis
1269 3898 1279 3941 r

284 3977 397 4059 grauit.
431 3978 505 4043 locis
528 3981 611 4044 enim
626 3981 811 4062 quibusdam
828 3982 894 4046 siue
910 3987 1035 4064 propter
1051 4001 1192 4064 asperam
1209 4002 1278 4046 men

285 4082 429 4145 naturam
452 4083 518 4147 siue
541 4083 602 4146 alia
625 4083 661 4147 de
684 4101 775 4149 causa
797 4084 1010 4149 atramentum
1033 4084 1096 4150 iam
1120 4086 1211 4167 paulo
1226 4102 1279 4167 pos

284 4183 375 4248 codex
405 4186 540 4267 scriptus
570 4191 617 4250 est
646 4185 796 4251 detritum
833 4187 957 4265 decidit,
992 4189 1038 4253 ita
1067 4188 1202 4270 quidem,
1234 4193 1268 4250 ut
