2760 4814
322 349 486 418 Excerpta
504 365 539 403 ex
557 365 625 418 opp.
645 350 670 402 S.
689 348 877 435 Augustini
900 347 1037 421 CCXCVI.
1178 352 1240 419 957

161 542 250 623 Vide,
282 540 543 623 quemadmodum
566 540 762 605 commendat
789 559 903 603 unum
927 545 958 604 et
980 554 1111 625 unum,
1140 543 1241 608 idest

113 646 220 711 Adam
244 646 276 710 et
297 643 466 717 Christum,
489 642 581 707 illum
604 642 643 706 ad
666 642 967 718 condemnationem,
992 644 1076 709 hunc
1095 644 1135 709 ad
1150 646 1241 711 insti·

112 749 311 825 ficationem,
339 767 411 813 cum
434 750 521 811 tanto
544 747 614 829 post
637 745 738 811 Adam
764 746 885 811 uenerit
908 745 1051 812 Christus
1081 748 1114 812 in
1136 768 1240 825 carne,

112 854 154 916 ut
181 853 315 917 sciamus
344 851 489 932 antiquos
519 851 633 929 iustos,
665 851 850 932 quicumque
878 868 943 913 esse
966 853 1149 931 potuerunt,
1181 870 1240 918 nou

88 955 180 1021 anisi
203 975 256 1037 per
279 955 409 1020 eandem
432 954 528 1018 fidem
550 953 714 1032 liberatos,
738 971 791 1037 per
815 972 909 1035 quam
931 953 1103 1020 liberamur
1125 960 1157 1020 et
1174 975 1239 1035 nos,

111 1058 209 1124 fidem
232 1058 354 1123 scilicet
375 1056 600 1122 incarnationis
617 1055 744 1134 Christi,
768 1076 845 1140 quae
869 1057 933 1122 illis
949 1059 1238 1138 praenuntiabatur,

111 1162 196 1226 sicut
218 1165 251 1225 et
264 1162 353 1227 nobis
370 1160 621 1226 annuntiabatur.
652 1159 721 1224 ideo
737 1160 787 1225 hic
802 1159 962 1225 Christum
979 1163 1136 1227 hominem
1152 1161 1238 1238 dicit,

112 1283 189 1328 cum
211 1265 254 1329 sit
276 1271 306 1329 et
329 1269 420 1342 deus,
450 1284 489 1328 ne
512 1263 580 1347 quis
604 1264 762 1328 existimet
785 1267 927 1346 antiquos
950 1267 1047 1330 iustos
1070 1285 1125 1349 per
1147 1266 1239 1331 deum

112 1367 332 1433 tantummodo
355 1367 525 1446 Christum,
549 1368 581 1432 id
604 1370 651 1432 cst
673 1386 726 1448 per
749 1366 890 1444 uerbum,
915 1370 995 1449 quod
1018 1375 1084 1434 erat
1106 1368 1239 1451 inprin-

87 1469 213 1553 ocipio,
243 1490 303 1536 non
327 1474 421 1538 etiam
451 1471 621 1555 perfidem
644 1471 869 1536 incarnationis
892 1471 973 1551 eius,
1004 1488 1067 1553 qua
1095 1473 1240 1538 ethome

113 1571 260 1638 Christus
277 1576 398 1655 dicitur,
414 1576 552 1657 potuisse
569 1574 704 1639 liberari.
736 1576 890 1639 sententia
912 1576 1027 1658 quippe
1048 1576 1106 1641 ista
1122 1577 1241 1644 destrui

114 1694 178 1741 uon
195 1680 308 1760 potest,
324 1681 360 1744 de
377 1698 439 1761 qua
454 1681 483 1743 et
500 1677 575 1742 alibi
590 1678 683 1742 dicit:
706 1696 904 1759 perunum
926 1678 1124 1743 hominem
1140 1699 1241 1747 more

113 1782 156 1845 et
192 1800 263 1862 per
299 1802 419 1847 unum
457 1781 656 1846 hominem
699 1783 942 1846 resurrectio
987 1787 1238 1849 mortuorum.

114 1885 229 1949 sicut
252 1886 290 1948 in
313 1885 433 1950 Adam
457 1903 587 1949 omnes
611 1884 850 1962 moriuntur,
877 1884 933 1950 sic
956 1888 995 1950 et
1016 1887 1056 1949 in
1079 1886 1240 1953 Christo

87 2006 251 2053 somnes
267 1988 609 2054 uiuificabuntur:
633 1988 741 2070 utique
757 1988 789 2050 iu
807 1990 1062 2055 resurrectionem
1078 1990 1240 2071 iustorum,

114 2091 174 2156 ubi
197 2097 245 2155 est
267 2092 336 2156 uita
359 2094 498 2168 aeterna,
529 2110 589 2155 non
617 2091 649 2155 in
678 2092 931 2157 resurrectionem
959 2091 1152 2175 iniquorum,
1186 2094 1239 2160 ubi

114 2212 202 2259 more
217 2196 344 2260 aeterna
359 2196 435 2273 erit3
457 2195 527 2259 ideo
542 2196 587 2258 ait
601 2192 936 2271 uiuificabuntur,
958 2196 1033 2276 quia
1047 2196 1094 2260 illi
1110 2199 1240 2263 damua-

113 2297 245 2362 buutur.
285 2298 357 2363 hinc
379 2299 465 2364 etin
489 2298 646 2364 ueteribus
670 2298 874 2363 sacramentis
904 2298 1097 2364 circumcisio
1125 2319 1241 2382 parun-

115 2404 219 2467 lorum
236 2405 343 2468 octauo
365 2403 414 2467 die
437 2403 503 2466 fieri
525 2402 690 2485 praecepta
713 2406 770 2481 est,
794 2402 939 2484 quoniam
957 2401 1109 2480 Christus,
1133 2403 1165 2467 in
1181 2421 1240 2486 quo

87 2505 153 2571 efit
170 2506 276 2570 delicti
300 2507 432 2572 carnalis
456 2494 621 2586 expoliatio
645 2543 685 2552 -
708 2523 802 2586 quam
818 2504 976 2589 significat
992 2507 1184 2571 circumcisio
1201 2546 1237 2556 -

114 2611 166 2676 die
197 2611 348 2674 dominico
376 2608 558 2685 resurrexit,
587 2609 641 2691 qui
670 2613 736 2689 post
765 2609 933 2690 septimum
961 2608 1083 2674 sabbati
1112 2614 1240 2676 octauus

116 2715 176 2777 est.
199 2712 277 2776 haec
300 2730 371 2794 ergo
395 2712 469 2777 fides
493 2711 809 2794 etiamautiquorum
832 2713 983 2776 iustorum
1004 2712 1074 2776 fuit.
1104 2714 1241 2778 undeet

115 2817 276 2898 apostolus
314 2816 408 2881 dicit:
447 2815 646 2881 habentes
683 2818 810 2880 autem
856 2816 1017 2880 eundem
1056 2816 1240 2899 spiritum

115 2919 536 3002 fidei,pr0pterqu0d
560 2918 850 3001 scriptumest:
882 2917 1049 2997 credidi,
1080 2921 1241 3001 propter

87 3023 219 3106 uquod
242 3022 400 3088 locutus
423 3041 522 3100 sum,
554 3040 623 3087 nos
652 3023 867 3099 credimus,
898 3023 1180 3106 propterquod
1203 3028 1239 3086 et

114 3127 326 3211 loquimur.
364 3144 427 3191 non
454 3125 586 3190 diceret:
620 3128 778 3190 eundem
813 3125 998 3207 spiritum
1032 3125 1143 3203 fidei,
1179 3127 1240 3191 nisi

115 3235 286 3298 admonens
310 3230 406 3294 etiam
429 3230 571 3310 antiquos
595 3229 691 3295 iustos
716 3230 816 3312 ipsum
833 3229 977 3294 habuisse
992 3228 1139 3311 spiritum
1154 3228 1236 3307 fidei,

115 3335 174 3400 hoc
196 3335 246 3399 est
268 3333 488 3399 incarnationis
511 3332 639 3398 curisti.
674 3333 727 3397 sed
750 3335 822 3416 quia
845 3333 907 3398 illis
930 3334 1037 3399 futura
1058 3333 1239 3415 praenunti-

116 3440 237 3521 abatur,
261 3455 338 3519 quae
366 3439 427 3501 iam
450 3437 534 3501 facta
555 3436 643 3500 nobis
665 3438 883 3515 annuntiatur,
914 3440 945 3501 et
968 3440 1104 3519 tempore
1127 3439 1239 3502 ueteris

218 3660 235 3714 9
254 3658 288 3715 ci.
307 3660 345 3718 Io.
366 3662 389 3725 1,
410 3662 423 3713 1
519 3659 582 3713 121
600 3658 659 3715 Cor.
682 3660 819 3728 15,21eq.
914 3660 945 3713 19
964 3659 997 3714 cf.
1015 3658 1078 3713 Len.
1097 3659 1138 3725 12,
1156 3660 1173 3714 3

116 3744 196 3801 2311
215 3745 275 3798 Cor.
293 3746 317 3807 4,
338 3747 369 3799 13

167 3954 182 4007 7
209 3952 281 4007 sicut
304 3952 589 4007 et-annnutiohatur
615 3954 693 4008 61²¹:
721 3954 770 4007 del.
789 3970 822 4007 m.
841 3956 861 4007 2
882 3954 921 4018 P;
952 3970 1002 4008 cor.
1030 3954 1056 4007 V
1156 3955 1190 4009 15
1212 3955 1241 4009 in

118 4038 336 4093 resurrectionem
355 4038 465 4105 scripsi:
497 4038 524 4091 in
543 4040 734 4092 resurrectione
752 4038 778 4091 V
809 4038 837 4091 in
857 4039 1043 4093 resurrectione
1062 4039 1128 4093 dicit
1147 4040 1174 4094 P
1201 4056 1242 4093 re-

118 4122 308 4177 surrectionem
326 4122 393 4177 dicit
412 4128 471 4187 (our.
491 4123 529 4191 in)
555 4125 581 4179 G
686 4124 718 4178 16
741 4124 768 4177 iu
787 4125 1008 4178 resurrectionem
1030 4124 1064 4177 V:
1101 4125 1129 4178 in
1153 4140 1241 4179 resur·

117 4210 233 4266 rectione
260 4209 299 4263 P’
333 4211 549 4263 resurrectionem
578 4210 642 4265 GP*
748 4211 780 4264 19
803 4210 854 4278 die]
879 4210 931 4263 diei
954 4211 973 4275 (i
988 4211 1071 4279 prior
1088 4226 1123 4265 ea
1140 4227 1154 4265 c
1172 4226 1242 4265 corr.

117 4298 193 4365 md)
219 4294 246 4349 V
343 4294 376 4349 25
395 4295 569 4365 loquutusV
669 4312 717 4350 nos
739 4295 775 4351 V:
805 4298 833 4349 et
850 4312 898 4350 uos
920 4295 974 4351 GP
