<?xml version="1.0" encoding="UTF-8"?>
<!DOCTYPE html PUBLIC "-//W3C//DTD XHTML 1.0 Transitional//EN"
    "http://www.w3.org/TR/xhtml1/DTD/xhtml1-transitional.dtd">
<html xmlns="http://www.w3.org/1999/xhtml" xml:lang="en" lang="en">
 <head>
  <title>
</title>
<meta http-equiv="Content-Type" content="text/html;charset=utf-8" />
  <meta name='ocr-system' content='tesseract 3.04.00' />
  <meta name='ocr-capabilities' content='ocr_page ocr_carea ocr_par ocr_line ocrx_word'/>
</head>
<body>
  <div class='ocr_page' id='page_1' title='image "./evgippiiexcerpt00kngoog/evgippiiexcerpt00kngoog_1052.png"; bbox 0 0 2760 4814; ppageno 0'>
   <div class='ocr_carea' id='block_1_1' title="bbox 319 359 1272 431">
    <p class='ocr_par' dir='ltr' id='par_1_1' title="bbox 319 359 1272 431">
     <span class='ocr_line' id='line_1_1' title="bbox 319 359 1272 431; baseline 0.006 -17"><span class='ocrx_word' id='word_1_1' title='bbox 319 359 485 430; x_wconf 82' lang='lat' dir='ltr'><strong>Excerpta</strong></span> <span class='ocrx_word' id='word_1_2' title='bbox 503 375 539 414; x_wconf 86' lang='lat' dir='ltr'><strong>ex</strong></span> <span class='ocrx_word' id='word_1_3' title='bbox 557 375 625 430; x_wconf 90' lang='lat' dir='ltr'><strong>opp.</strong></span> <span class='ocrx_word' id='word_1_4' title='bbox 644 360 671 414; x_wconf 83' lang='lat' dir='ltr'><strong>S.</strong></span> <span class='ocrx_word' id='word_1_5' title='bbox 690 359 879 430; x_wconf 77' lang='lat' dir='ltr'><strong>Augustini</strong></span> <span class='ocrx_word' id='word_1_6' title='bbox 901 359 1087 416; x_wconf 81' lang='lat' dir='ltr'><strong>cccxxnn.</strong></span> <span class='ocrx_word' id='word_1_7' title='bbox 1186 364 1272 431; x_wconf 80' lang='lat'>1029</span> 
     </span>
    </p>
   </div>
   <div class='ocr_carea' id='block_1_2' title="bbox 107 549 1273 1152">
    <p class='ocr_par' dir='ltr' id='par_1_2' title="bbox 107 549 1273 1152">
     <span class='ocr_line' id='line_1_2' title="bbox 133 549 1271 637; baseline 0.002 -20"><span class='ocrx_word' id='word_1_8' title='bbox 133 554 249 617; x_wconf 85' lang='lat' dir='ltr'><strong>extra</strong></span> <span class='ocrx_word' id='word_1_9' title='bbox 277 569 418 634; x_wconf 86' lang='lat' dir='ltr'><strong>corpus</strong></span> <span class='ocrx_word' id='word_1_10' title='bbox 446 553 521 629; x_wconf 80' lang='lat' dir='ltr'><strong>est3</strong></span> <span class='ocrx_word' id='word_1_11' title='bbox 553 549 620 633; x_wconf 94' lang='lat' dir='ltr'><strong>qui</strong></span> <span class='ocrx_word' id='word_1_12' title='bbox 642 550 771 615; x_wconf 85' lang='lat' dir='ltr'><strong>autem</strong></span> <span class='ocrx_word' id='word_1_13' title='bbox 796 549 1038 635; x_wconf 75' lang='lat' dir='ltr'><strong>fornicatur,</strong></span> <span class='ocrx_word' id='word_1_14' title='bbox 1061 552 1103 616; x_wconf 91' lang='lat' dir='ltr'><strong>in</strong></span> <span class='ocrx_word' id='word_1_15' title='bbox 1125 571 1271 637; x_wconf 92' lang='lat' dir='ltr'><strong>corpus</strong></span> 
     </span>
     <span class='ocr_line' id='line_1_3' title="bbox 132 652 1271 739; baseline 0.002 -20"><span class='ocrx_word' id='word_1_16' title='bbox 132 654 342 739; x_wconf 91' lang='lat' dir='ltr'><strong>proprium</strong></span> <span class='ocrx_word' id='word_1_17' title='bbox 363 654 518 737; x_wconf 87' lang='lat' dir='ltr'><strong>peccat,</strong></span> <span class='ocrx_word' id='word_1_18' title='bbox 540 655 579 718; x_wconf 91' lang='lat' dir='ltr'><strong>ut</strong></span> <span class='ocrx_word' id='word_1_19' title='bbox 599 652 756 732; x_wconf 89' lang='lat' dir='ltr'><strong>uideatur,</strong></span> <span class='ocrx_word' id='word_1_20' title='bbox 779 655 815 718; x_wconf 93' lang='lat' dir='ltr'><strong>ut</strong></span> <span class='ocrx_word' id='word_1_21' title='bbox 830 653 905 733; x_wconf 84' lang='lat' dir='ltr'><strong>diri,</strong></span> <span class='ocrx_word' id='word_1_22' title='bbox 921 652 1081 737; x_wconf 89' lang='lat' dir='ltr'><strong>apostolus</strong></span> <span class='ocrx_word' id='word_1_23' title='bbox 1096 654 1129 720; x_wconf 92' lang='lat' dir='ltr'><strong>iu</strong></span> <span class='ocrx_word' id='word_1_24' title='bbox 1145 657 1271 723; x_wconf 89' lang='lat' dir='ltr'><strong>tautum</strong></span> 
     </span>
     <span class='ocr_line' id='line_1_4' title="bbox 134 755 1273 844; baseline 0.002 -21"><span class='ocrx_word' id='word_1_25' title='bbox 134 775 323 844; x_wconf 81' lang='lat' dir='ltr'><strong>exaggerare</strong></span> <span class='ocrx_word' id='word_1_26' title='bbox 352 757 488 823; x_wconf 88' lang='lat' dir='ltr'><strong>uoluisse</strong></span> <span class='ocrx_word' id='word_1_27' title='bbox 518 755 733 822; x_wconf 88' lang='lat' dir='ltr'><strong>fumicatiouis</strong></span> <span class='ocrx_word' id='word_1_28' title='bbox 763 755 895 842; x_wconf 88' lang='lat' dir='ltr'><strong>maium,</strong></span> <span class='ocrx_word' id='word_1_29' title='bbox 926 758 963 822; x_wconf 89' lang='lat' dir='ltr'><strong>ut</strong></span> <span class='ocrx_word' id='word_1_30' title='bbox 984 758 1019 823; x_wconf 93' lang='lat' dir='ltr'><strong>iu</strong></span> <span class='ocrx_word' id='word_1_31' title='bbox 1040 760 1273 841; x_wconf 87' lang='lat' dir='ltr'><strong>comparatione</strong></span> 
     </span>
     <span class='ocr_line' id='line_1_5' title="bbox 133 860 1271 943; baseline 0.002 -16"><span class='ocrx_word' id='word_1_32' title='bbox 133 861 232 927; x_wconf 90' lang='lat' dir='ltr'><strong>huius</strong></span> <span class='ocrx_word' id='word_1_33' title='bbox 262 860 475 927; x_wconf 76' lang='lat' dir='ltr'><strong>fornicationis</strong></span> <span class='ocrx_word' id='word_1_34' title='bbox 506 861 608 926; x_wconf 88' lang='lat' dir='ltr'><strong>cetera</strong></span> <span class='ocrx_word' id='word_1_35' title='bbox 638 861 727 926; x_wconf 85' lang='lat' dir='ltr'><strong>extra</strong></span> <span class='ocrx_word' id='word_1_36' title='bbox 756 878 866 943; x_wconf 87' lang='lat' dir='ltr'><strong>corpus</strong></span> <span class='ocrx_word' id='word_1_37' title='bbox 891 860 1040 926; x_wconf 84' lang='lat' dir='ltr'><strong>habenda</strong></span> <span class='ocrx_word' id='word_1_38' title='bbox 1063 876 1127 927; x_wconf 91' lang='lat' dir='ltr'><strong>esse</strong></span> <span class='ocrx_word' id='word_1_39' title='bbox 1150 864 1271 929; x_wconf 71' lang='lat' dir='ltr'><strong>durent</strong></span> 
     </span>
     <span class='ocr_line' id='line_1_6' title="bbox 107 963 1270 1049; baseline 0.004 -21"><span class='ocrx_word' id='word_1_40' title='bbox 107 983 349 1048; x_wconf 82' lang='lat' dir='ltr'><strong>squaecumque</strong></span> <span class='ocrx_word' id='word_1_41' title='bbox 376 969 514 1049; x_wconf 88' lang='lat' dir='ltr'><strong>peccata,</strong></span> <span class='ocrx_word' id='word_1_42' title='bbox 543 964 608 1030; x_wconf 88' lang='lat' dir='ltr'><strong>solo</strong></span> <span class='ocrx_word' id='word_1_43' title='bbox 630 963 688 1029; x_wconf 93' lang='lat' dir='ltr'><strong>hoc</strong></span> <span class='ocrx_word' id='word_1_44' title='bbox 709 964 929 1030; x_wconf 90' lang='lat' dir='ltr'><strong>tautummodo</strong></span> <span class='ocrx_word' id='word_1_45' title='bbox 952 964 1165 1032; x_wconf 80' lang='lat' dir='ltr'><strong>fornicationis</strong></span> <span class='ocrx_word' id='word_1_46' title='bbox 1187 966 1270 1033; x_wconf 88' lang='lat' dir='ltr'><strong>malo</strong></span> 
     </span>
     <span class='ocr_line' id='line_1_7' title="bbox 134 1066 1270 1152; baseline 0 -17"><span class='ocrx_word' id='word_1_47' title='bbox 134 1070 170 1135; x_wconf 92' lang='lat' dir='ltr'><strong>iu</strong></span> <span class='ocrx_word' id='word_1_48' title='bbox 201 1085 312 1152; x_wconf 89' lang='lat' dir='ltr'><strong>corpus</strong></span> <span class='ocrx_word' id='word_1_49' title='bbox 335 1069 498 1151; x_wconf 91' lang='lat' dir='ltr'><strong>proprium</strong></span> <span class='ocrx_word' id='word_1_50' title='bbox 520 1066 642 1150; x_wconf 87' lang='lat' dir='ltr'><strong>peccari</strong></span> <span class='ocrx_word' id='word_1_51' title='bbox 667 1066 790 1145; x_wconf 76' lang='lat' dir='ltr'><strong>dixerit,</strong></span> <span class='ocrx_word' id='word_1_52' title='bbox 814 1069 888 1151; x_wconf 88' lang='lat' dir='ltr'><strong>quia</strong></span> <span class='ocrx_word' id='word_1_53' title='bbox 910 1067 1029 1134; x_wconf 92' lang='lat' dir='ltr'><strong>maiore</strong></span> <span class='ocrx_word' id='word_1_54' title='bbox 1051 1066 1194 1135; x_wconf 84' lang='lat' dir='ltr'><strong>libidinis</strong></span> <span class='ocrx_word' id='word_1_55' title='bbox 1218 1088 1270 1135; x_wconf 89' lang='lat' dir='ltr'><strong>ar·</strong></span> 
     </span>
    </p>
   </div>
   <div class='ocr_carea' id='block_1_3' title="bbox 134 1171 1272 1358">
    <p class='ocr_par' dir='ltr' id='par_1_3' title="bbox 134 1171 1272 1358">
     <span class='ocr_line' id='line_1_8' title="bbox 135 1171 1272 1257; baseline -0.001 -18"><span class='ocrx_word' id='word_1_56' title='bbox 135 1175 220 1252; x_wconf 85' lang='lat' dir='ltr'><strong>dore,</strong></span> <span class='ocrx_word' id='word_1_57' title='bbox 248 1190 307 1257; x_wconf 92' lang='lat' dir='ltr'><strong>quo</strong></span> <span class='ocrx_word' id='word_1_58' title='bbox 338 1172 478 1254; x_wconf 81' lang='lat' dir='ltr'><strong>superior</strong></span> <span class='ocrx_word' id='word_1_59' title='bbox 510 1171 617 1236; x_wconf 86' lang='lat' dir='ltr'><strong>nullus</strong></span> <span class='ocrx_word' id='word_1_60' title='bbox 646 1173 705 1251; x_wconf 89' lang='lat' dir='ltr'><strong>est,</strong></span> <span class='ocrx_word' id='word_1_61' title='bbox 735 1171 882 1254; x_wconf 87' lang='lat' dir='ltr'><strong>uoluptas</strong></span> <span class='ocrx_word' id='word_1_62' title='bbox 905 1172 1005 1255; x_wconf 86' lang='lat' dir='ltr'><strong>ipsius</strong></span> <span class='ocrx_word' id='word_1_63' title='bbox 1028 1172 1162 1256; x_wconf 87' lang='lat' dir='ltr'><strong>corporis</strong></span> <span class='ocrx_word' id='word_1_64' title='bbox 1184 1176 1272 1239; x_wconf 71' lang='lat' dir='ltr'><strong>teum</strong></span> 
     </span>
     <span class='ocr_line' id='line_1_9' title="bbox 134 1274 640 1358; baseline -0.006 -16"><span class='ocrx_word' id='word_1_65' title='bbox 134 1295 265 1342; x_wconf 85' lang='lat' dir='ltr'><strong>seruum</strong></span> <span class='ocrx_word' id='word_1_66' title='bbox 288 1274 447 1358; x_wconf 90' lang='lat' dir='ltr'><strong>efficitque</strong></span> <span class='ocrx_word' id='word_1_67' title='bbox 469 1277 640 1358; x_wconf 90' lang='lat' dir='ltr'><strong>captiuum.</strong></span> 
     </span>
    </p>
   </div>
   <div class='ocr_carea' id='block_1_4' title="bbox 89 1392 1271 1795">
    <p class='ocr_par' dir='ltr' id='par_1_4' title="bbox 89 1392 1271 1795">
     <span class='ocr_line' id='line_1_10' title="bbox 180 1392 1269 1483; baseline 0.001 -21"><span class='ocrx_word' id='word_1_68' title='bbox 180 1396 267 1462; x_wconf 89' lang='lat' dir='ltr'><strong>Haec</strong></span> <span class='ocrx_word' id='word_1_69' title='bbox 283 1394 447 1462; x_wconf 86' lang='lat' dir='ltr'><strong>dictasint</strong></span> <span class='ocrx_word' id='word_1_70' title='bbox 463 1396 501 1461; x_wconf 89' lang='lat' dir='ltr'><strong>de</strong></span> <span class='ocrx_word' id='word_1_71' title='bbox 516 1392 645 1479; x_wconf 88' lang='lat' dir='ltr'><strong>speciali</strong></span> <span class='ocrx_word' id='word_1_72' title='bbox 659 1395 868 1461; x_wconf 82' lang='lat' dir='ltr'><strong>fornicatione</strong></span> <span class='ocrx_word' id='word_1_73' title='bbox 882 1395 975 1462; x_wconf 92' lang='lat' dir='ltr'><strong>huius</strong></span> <span class='ocrx_word' id='word_1_74' title='bbox 991 1399 1136 1483; x_wconf 86' lang='lat' dir='ltr'><strong>corporis.</strong></span> <span class='ocrx_word' id='word_1_75' title='bbox 1159 1416 1269 1463; x_wconf 89' lang='lat' dir='ltr'><strong>uerum</strong></span> 
     </span>
     <span class='ocr_line' id='line_1_11' title="bbox 89 1498 1270 1585; baseline 0 -18"><span class='ocrx_word' id='word_1_76' title='bbox 89 1501 212 1585; x_wconf 85' lang='lat' dir='ltr'><strong>roquia</strong></span> <span class='ocrx_word' id='word_1_77' title='bbox 241 1518 301 1564; x_wconf 87' lang='lat' dir='ltr'><strong>uon</strong></span> <span class='ocrx_word' id='word_1_78' title='bbox 331 1500 433 1564; x_wconf 91' lang='lat' dir='ltr'><strong>solum</strong></span> <span class='ocrx_word' id='word_1_79' title='bbox 464 1498 629 1564; x_wconf 86' lang='lat' dir='ltr'><strong>fornicatio</strong></span> <span class='ocrx_word' id='word_1_80' title='bbox 659 1498 693 1564; x_wconf 93' lang='lat' dir='ltr'><strong>in</strong></span> <span class='ocrx_word' id='word_1_81' title='bbox 723 1499 820 1564; x_wconf 86' lang='lat' dir='ltr'><strong>sacris</strong></span> <span class='ocrx_word' id='word_1_82' title='bbox 849 1499 967 1566; x_wconf 87' lang='lat' dir='ltr'><strong>litteris</strong></span> <span class='ocrx_word' id='word_1_83' title='bbox 1001 1502 1179 1585; x_wconf 82' lang='lat' dir='ltr'><strong>specialiter</strong></span> <span class='ocrx_word' id='word_1_84' title='bbox 1215 1503 1270 1569; x_wconf 91' lang='lat' dir='ltr'><strong>sed</strong></span> 
     </span>
     <span class='ocr_line' id='line_1_12' title="bbox 134 1601 1271 1687; baseline 0.003 -19"><span class='ocrx_word' id='word_1_85' title='bbox 134 1602 235 1668; x_wconf 88' lang='lat' dir='ltr'><strong>etiam</strong></span> <span class='ocrx_word' id='word_1_86' title='bbox 264 1602 454 1687; x_wconf 84' lang='lat' dir='ltr'><strong>generaliter</strong></span> <span class='ocrx_word' id='word_1_87' title='bbox 483 1601 627 1685; x_wconf 81' lang='lat' dir='ltr'><strong>arguitur</strong></span> <span class='ocrx_word' id='word_1_88' title='bbox 655 1607 688 1667; x_wconf 87' lang='lat' dir='ltr'><strong>et</strong></span> <span class='ocrx_word' id='word_1_89' title='bbox 716 1603 907 1684; x_wconf 85' lang='lat' dir='ltr'><strong>nominatur,</strong></span> <span class='ocrx_word' id='word_1_90' title='bbox 930 1622 1078 1670; x_wconf 89' lang='lat' dir='ltr'><strong>conemur</strong></span> <span class='ocrx_word' id='word_1_91' title='bbox 1100 1607 1157 1671; x_wconf 93' lang='lat' dir='ltr'><strong>deo</strong></span> <span class='ocrx_word' id='word_1_92' title='bbox 1181 1603 1271 1673; x_wconf 91' lang='lat' dir='ltr'><strong>adiu·</strong></span> 
     </span>
     <span class='ocr_line' id='line_1_13' title="bbox 133 1705 1271 1795; baseline 0.002 -23"><span class='ocrx_word' id='word_1_93' title='bbox 133 1710 233 1772; x_wconf 87' lang='lat' dir='ltr'><strong>naute</strong></span> <span class='ocrx_word' id='word_1_94' title='bbox 267 1708 299 1772; x_wconf 91' lang='lat' dir='ltr'><strong>et</strong></span> <span class='ocrx_word' id='word_1_95' title='bbox 320 1706 393 1772; x_wconf 93' lang='lat' dir='ltr'><strong>hiuc</strong></span> <span class='ocrx_word' id='word_1_96' title='bbox 431 1706 550 1789; x_wconf 91' lang='lat' dir='ltr'><strong>aliquid</strong></span> <span class='ocrx_word' id='word_1_97' title='bbox 586 1705 792 1789; x_wconf 85' lang='lat' dir='ltr'><strong>probabiliter</strong></span> <span class='ocrx_word' id='word_1_98' title='bbox 828 1706 940 1773; x_wconf 87' lang='lat' dir='ltr'><strong>dicere.</strong></span> <span class='ocrx_word' id='word_1_99' title='bbox 978 1709 1135 1791; x_wconf 84' lang='lat' dir='ltr'><strong>generalis</strong></span> <span class='ocrx_word' id='word_1_100' title='bbox 1172 1707 1271 1795; x_wconf 86' lang='lat' dir='ltr'><strong>igitur</strong></span> 
     </span>
    </p>
   </div>
   <div class='ocr_carea' id='block_1_5' title="bbox 90 1808 1272 3645">
    <p class='ocr_par' dir='ltr' id='par_1_5' title="bbox 90 1808 1272 3645">
     <span class='ocr_line' id='line_1_14' title="bbox 133 1808 1271 1894; baseline 0.001 -18"><span class='ocrx_word' id='word_1_101' title='bbox 133 1808 299 1876; x_wconf 89' lang='lat' dir='ltr'><strong>fornicatio</strong></span> <span class='ocrx_word' id='word_1_102' title='bbox 321 1812 429 1893; x_wconf 88' lang='lat' dir='ltr'><strong>aperte</strong></span> <span class='ocrx_word' id='word_1_103' title='bbox 459 1808 681 1874; x_wconf 86' lang='lat' dir='ltr'><strong>manifestatur</strong></span> <span class='ocrx_word' id='word_1_104' title='bbox 709 1809 743 1874; x_wconf 91' lang='lat' dir='ltr'><strong>iu</strong></span> <span class='ocrx_word' id='word_1_105' title='bbox 771 1810 902 1892; x_wconf 85' lang='lat' dir='ltr'><strong>psalmo,</strong></span> <span class='ocrx_word' id='word_1_106' title='bbox 934 1811 989 1875; x_wconf 92' lang='lat' dir='ltr'><strong>ubi</strong></span> <span class='ocrx_word' id='word_1_107' title='bbox 1018 1811 1152 1877; x_wconf 90' lang='lat' dir='ltr'><strong>dicitur:</strong></span> <span class='ocrx_word' id='word_1_108' title='bbox 1181 1831 1271 1894; x_wconf 89' lang='lat' dir='ltr'><strong>quo·</strong></span> 
     </span>
     <span class='ocr_line' id='line_1_15' title="bbox 133 1912 1271 1998; baseline -0.001 -19"><span class='ocrx_word' id='word_1_109' title='bbox 133 1912 241 1981; x_wconf 93' lang='lat' dir='ltr'><strong>uiam</strong></span> <span class='ocrx_word' id='word_1_110' title='bbox 263 1931 351 1979; x_wconf 88' lang='lat' dir='ltr'><strong>ecce</strong></span> <span class='ocrx_word' id='word_1_111' title='bbox 374 1915 440 1998; x_wconf 92' lang='lat' dir='ltr'><strong>qui</strong></span> <span class='ocrx_word' id='word_1_112' title='bbox 463 1914 579 1997; x_wconf 85' lang='lat' dir='ltr'><strong>louge</strong></span> <span class='ocrx_word' id='word_1_113' title='bbox 602 1931 641 1978; x_wconf 90' lang='lat' dir='ltr'><strong>se</strong></span> <span class='ocrx_word' id='word_1_114' title='bbox 663 1913 824 1979; x_wconf 88' lang='lat' dir='ltr'><strong>faciunt</strong></span> <span class='ocrx_word' id='word_1_115' title='bbox 845 1932 864 1979; x_wconf 89' lang='lat' dir='ltr'><strong>a</strong></span> <span class='ocrx_word' id='word_1_116' title='bbox 886 1917 938 1991; x_wconf 90' lang='lat' dir='ltr'><strong>te,</strong></span> <span class='ocrx_word' id='word_1_117' title='bbox 961 1913 1164 1996; x_wconf 89' lang='lat' dir='ltr'><strong>peribuut;</strong></span> <span class='ocrx_word' id='word_1_118' title='bbox 1187 1933 1271 1997; x_wconf 86' lang='lat' dir='ltr'><strong>per·</strong></span> 
     </span>
     <span class='ocr_line' id='line_1_16' title="bbox 90 2016 1272 2100; baseline -0.005 -11"><span class='ocrx_word' id='word_1_119' title='bbox 90 2016 283 2089; x_wconf 72' lang='lat' dir='ltr'><strong>redidieti</strong></span> <span class='ocrx_word' id='word_1_120' title='bbox 305 2036 468 2095; x_wconf 87' lang='lat' dir='ltr'><strong>omnem,</strong></span> <span class='ocrx_word' id='word_1_121' title='bbox 491 2017 556 2099; x_wconf 94' lang='lat' dir='ltr'><strong>qui</strong></span> <span class='ocrx_word' id='word_1_122' title='bbox 579 2016 802 2081; x_wconf 89' lang='lat' dir='ltr'><strong>fornicatur</strong></span> <span class='ocrx_word' id='word_1_123' title='bbox 823 2018 888 2083; x_wconf 91' lang='lat' dir='ltr'><strong>abs</strong></span> <span class='ocrx_word' id='word_1_124' title='bbox 912 2020 957 2081; x_wconf 90' lang='lat' dir='ltr'><strong>te.</strong></span> <span class='ocrx_word' id='word_1_125' title='bbox 991 2017 1046 2084; x_wconf 92' lang='lat' dir='ltr'><strong>ubi</strong></span> <span class='ocrx_word' id='word_1_126' title='bbox 1068 2016 1272 2100; x_wconf 85' lang='lat' dir='ltr'><strong>subsequitur</strong></span> 
     </span>
     <span class='ocr_line' id='line_1_17' title="bbox 134 2117 1271 2204; baseline 0 -18"><span class='ocrx_word' id='word_1_127' title='bbox 134 2120 273 2204; x_wconf 89' lang='lat' dir='ltr'><strong>qualiter</strong></span> <span class='ocrx_word' id='word_1_128' title='bbox 288 2121 350 2186; x_wconf 90' lang='lat' dir='ltr'><strong>ista</strong></span> <span class='ocrx_word' id='word_1_129' title='bbox 363 2121 518 2204; x_wconf 87' lang='lat' dir='ltr'><strong>generalis</strong></span> <span class='ocrx_word' id='word_1_130' title='bbox 533 2117 700 2184; x_wconf 89' lang='lat' dir='ltr'><strong>fornicatio</strong></span> <span class='ocrx_word' id='word_1_131' title='bbox 723 2119 813 2185; x_wconf 91' lang='lat' dir='ltr'><strong>euadi</strong></span> <span class='ocrx_word' id='word_1_132' title='bbox 828 2123 860 2184; x_wconf 89' lang='lat' dir='ltr'><strong>et</strong></span> <span class='ocrx_word' id='word_1_133' title='bbox 877 2118 973 2203; x_wconf 83' lang='lat' dir='ltr'><strong>effugi</strong></span> <span class='ocrx_word' id='word_1_134' title='bbox 989 2118 1104 2204; x_wconf 83' lang='lat' dir='ltr'><strong>possit3</strong></span> <span class='ocrx_word' id='word_1_135' title='bbox 1128 2120 1271 2187; x_wconf 84' lang='lat' dir='ltr'><strong>adiunxit</strong></span> 
     </span>
     <span class='ocr_line' id='line_1_18' title="bbox 134 2222 1272 2303; baseline 0.001 -15"><span class='ocrx_word' id='word_1_136' title='bbox 134 2224 261 2289; x_wconf 90' lang='lat' dir='ltr'><strong>diceus:</strong></span> <span class='ocrx_word' id='word_1_137' title='bbox 298 2223 400 2290; x_wconf 91' lang='lat' dir='ltr'><strong>mihi</strong></span> <span class='ocrx_word' id='word_1_138' title='bbox 433 2222 567 2288; x_wconf 88' lang='lat' dir='ltr'><strong>autem</strong></span> <span class='ocrx_word' id='word_1_139' title='bbox 601 2222 814 2288; x_wconf 89' lang='lat' dir='ltr'><strong>adhaerere</strong></span> <span class='ocrx_word' id='word_1_140' title='bbox 848 2223 916 2288; x_wconf 89' lang='lat' dir='ltr'><strong>deo</strong></span> <span class='ocrx_word' id='word_1_141' title='bbox 950 2224 1092 2288; x_wconf 91' lang='lat' dir='ltr'><strong>bouum</strong></span> <span class='ocrx_word' id='word_1_142' title='bbox 1125 2226 1201 2303; x_wconf 88' lang='lat' dir='ltr'><strong>est,</strong></span> <span class='ocrx_word' id='word_1_143' title='bbox 1235 2224 1272 2289; x_wconf 90' lang='lat' dir='ltr'><strong>ut</strong></span> 
     </span>
     <span class='ocr_line' id='line_1_19' title="bbox 134 2325 1269 2410; baseline 0 -19"><span class='ocrx_word' id='word_1_144' title='bbox 134 2325 248 2392; x_wconf 82' lang='lat' dir='ltr'><strong>exinde</strong></span> <span class='ocrx_word' id='word_1_145' title='bbox 277 2325 369 2392; x_wconf 84' lang='lat' dir='ltr'><strong>facile</strong></span> <span class='ocrx_word' id='word_1_146' title='bbox 402 2325 603 2391; x_wconf 87' lang='lat' dir='ltr'><strong>aduertamus</strong></span> <span class='ocrx_word' id='word_1_147' title='bbox 626 2325 717 2391; x_wconf 89' lang='lat' dir='ltr'><strong>illem</strong></span> <span class='ocrx_word' id='word_1_148' title='bbox 740 2343 808 2391; x_wconf 86' lang='lat' dir='ltr'><strong>esse</strong></span> <span class='ocrx_word' id='word_1_149' title='bbox 831 2326 1007 2410; x_wconf 83' lang='lat' dir='ltr'><strong>generalem</strong></span> <span class='ocrx_word' id='word_1_150' title='bbox 1032 2326 1269 2392; x_wconf 87' lang='lat' dir='ltr'><strong>fornicationem</strong></span> 
     </span>
     <span class='ocr_line' id='line_1_20' title="bbox 134 2428 1270 2513; baseline 0 -19"><span class='ocrx_word' id='word_1_151' title='bbox 134 2431 261 2494; x_wconf 89' lang='lat' dir='ltr'><strong>animae</strong></span> <span class='ocrx_word' id='word_1_152' title='bbox 294 2429 459 2508; x_wconf 89' lang='lat' dir='ltr'><strong>humanae,</strong></span> <span class='ocrx_word' id='word_1_153' title='bbox 494 2447 555 2512; x_wconf 88' lang='lat' dir='ltr'><strong>qua</strong></span> <span class='ocrx_word' id='word_1_154' title='bbox 588 2446 648 2494; x_wconf 91' lang='lat' dir='ltr'><strong>uon</strong></span> <span class='ocrx_word' id='word_1_155' title='bbox 682 2428 852 2495; x_wconf 89' lang='lat' dir='ltr'><strong>adhaerens</strong></span> <span class='ocrx_word' id='word_1_156' title='bbox 880 2430 1010 2513; x_wconf 90' lang='lat' dir='ltr'><strong>quisque</strong></span> <span class='ocrx_word' id='word_1_157' title='bbox 1038 2429 1094 2494; x_wconf 92' lang='lat' dir='ltr'><strong>deo</strong></span> <span class='ocrx_word' id='word_1_158' title='bbox 1122 2428 1270 2494; x_wconf 86' lang='lat' dir='ltr'><strong>adhaeret</strong></span> 
     </span>
     <span class='ocr_line' id='line_1_21' title="bbox 92 2531 1269 2615; baseline -0.003 -14"><span class='ocrx_word' id='word_1_159' title='bbox 92 2532 265 2603; x_wconf 73' lang='lat' dir='ltr'><strong>romundo.</strong></span> <span class='ocrx_word' id='word_1_160' title='bbox 287 2533 370 2597; x_wconf 92' lang='lat' dir='ltr'><strong>uude</strong></span> <span class='ocrx_word' id='word_1_161' title='bbox 392 2531 503 2597; x_wconf 88' lang='lat' dir='ltr'><strong>beatus</strong></span> <span class='ocrx_word' id='word_1_162' title='bbox 526 2532 686 2615; x_wconf 87' lang='lat' dir='ltr'><strong>apostolus</strong></span> <span class='ocrx_word' id='word_1_163' title='bbox 708 2532 861 2597; x_wconf 85' lang='lat' dir='ltr'><strong>lohannes</strong></span> <span class='ocrx_word' id='word_1_164' title='bbox 884 2532 978 2598; x_wconf 83' lang='lat' dir='ltr'><strong>dicit:</strong></span> <span class='ocrx_word' id='word_1_165' title='bbox 1001 2532 1035 2596; x_wconf 90' lang='lat' dir='ltr'><strong>si</strong></span> <span class='ocrx_word' id='word_1_166' title='bbox 1059 2533 1147 2615; x_wconf 90' lang='lat' dir='ltr'><strong>quis</strong></span> <span class='ocrx_word' id='word_1_167' title='bbox 1171 2532 1269 2598; x_wconf 90' lang='lat' dir='ltr'><strong>dile-</strong></span> 
     </span>
     <span class='ocr_line' id='line_1_22' title="bbox 133 2634 1272 2718; baseline 0.002 -19"><span class='ocrx_word' id='word_1_168' title='bbox 133 2635 460 2713; x_wconf 85' lang='lat' dir='ltr'><strong>xeritmundum,</strong></span> <span class='ocrx_word' id='word_1_169' title='bbox 497 2634 664 2700; x_wconf 90' lang='lat' dir='ltr'><strong>dilectio</strong></span> <span class='ocrx_word' id='word_1_170' title='bbox 698 2636 828 2718; x_wconf 90' lang='lat' dir='ltr'><strong>patris</strong></span> <span class='ocrx_word' id='word_1_171' title='bbox 857 2655 932 2701; x_wconf 88' lang='lat' dir='ltr'><strong>nou</strong></span> <span class='ocrx_word' id='word_1_172' title='bbox 961 2640 1022 2701; x_wconf 88' lang='lat' dir='ltr'><strong>est</strong></span> <span class='ocrx_word' id='word_1_173' title='bbox 1052 2637 1088 2700; x_wconf 92' lang='lat' dir='ltr'><strong>in</strong></span> <span class='ocrx_word' id='word_1_174' title='bbox 1117 2635 1201 2701; x_wconf 92' lang='lat' dir='ltr'><strong>illo.</strong></span> <span class='ocrx_word' id='word_1_175' title='bbox 1239 2637 1272 2701; x_wconf 88' lang='lat' dir='ltr'><strong>et</strong></span> 
     </span>
     <span class='ocr_line' id='line_1_23' title="bbox 133 2737 1271 2822; baseline 0.003 -20"><span class='ocrx_word' id='word_1_176' title='bbox 133 2737 295 2821; x_wconf 83' lang='lat' dir='ltr'><strong>apostolus</strong></span> <span class='ocrx_word' id='word_1_177' title='bbox 323 2737 456 2803; x_wconf 90' lang='lat' dir='ltr'><strong>Iacobus</strong></span> <span class='ocrx_word' id='word_1_178' title='bbox 485 2738 579 2802; x_wconf 87' lang='lat' dir='ltr'><strong>dicit:</strong></span> <span class='ocrx_word' id='word_1_179' title='bbox 613 2737 813 2822; x_wconf 90' lang='lat' dir='ltr'><strong>adulteri,</strong></span> <span class='ocrx_word' id='word_1_180' title='bbox 843 2739 1028 2814; x_wconf 90' lang='lat' dir='ltr'><strong>nescitis,</strong></span> <span class='ocrx_word' id='word_1_181' title='bbox 1058 2739 1149 2822; x_wconf 88' lang='lat' dir='ltr'><strong>quia</strong></span> <span class='ocrx_word' id='word_1_182' title='bbox 1178 2742 1271 2805; x_wconf 90' lang='lat' dir='ltr'><strong>ami-</strong></span> 
     </span>
     <span class='ocr_line' id='line_1_24' title="bbox 133 2841 1266 2926; baseline -0.001 -18"><span class='ocrx_word' id='word_1_183' title='bbox 133 2843 236 2909; x_wconf 89' lang='lat' dir='ltr'><strong>citia</strong></span> <span class='ocrx_word' id='word_1_184' title='bbox 267 2843 386 2907; x_wconf 89' lang='lat' dir='ltr'><strong>huius</strong></span> <span class='ocrx_word' id='word_1_185' title='bbox 419 2844 553 2908; x_wconf 89' lang='lat' dir='ltr'><strong>mundi</strong></span> <span class='ocrx_word' id='word_1_186' title='bbox 586 2841 756 2908; x_wconf 91' lang='lat' dir='ltr'><strong>inimica</strong></span> <span class='ocrx_word' id='word_1_187' title='bbox 789 2846 855 2907; x_wconf 90' lang='lat' dir='ltr'><strong>est</strong></span> <span class='ocrx_word' id='word_1_188' title='bbox 891 2843 983 2909; x_wconf 86' lang='lat' dir='ltr'><strong>deo?</strong></span> <span class='ocrx_word' id='word_1_189' title='bbox 1020 2843 1159 2909; x_wconf 89' lang='lat' dir='ltr'><strong>breuiter</strong></span> <span class='ocrx_word' id='word_1_190' title='bbox 1192 2861 1266 2926; x_wconf 84' lang='lat' dir='ltr'><strong>ergo</strong></span> 
     </span>
     <span class='ocr_line' id='line_1_25' title="bbox 133 2943 1269 3030; baseline 0.001 -21"><span class='ocrx_word' id='word_1_191' title='bbox 133 2944 303 3010; x_wconf 88' lang='lat' dir='ltr'><strong>definitum</strong></span> <span class='ocrx_word' id='word_1_192' title='bbox 332 2950 380 3009; x_wconf 86' lang='lat' dir='ltr'><strong>est</strong></span> <span class='ocrx_word' id='word_1_193' title='bbox 406 2964 466 3010; x_wconf 91' lang='lat' dir='ltr'><strong>nou</strong></span> <span class='ocrx_word' id='word_1_194' title='bbox 495 2963 583 3030; x_wconf 90' lang='lat' dir='ltr'><strong>posse</strong></span> <span class='ocrx_word' id='word_1_195' title='bbox 613 2944 728 3011; x_wconf 88' lang='lat' dir='ltr'><strong>habere</strong></span> <span class='ocrx_word' id='word_1_196' title='bbox 750 2944 948 3011; x_wconf 87' lang='lat' dir='ltr'><strong>dilectionem</strong></span> <span class='ocrx_word' id='word_1_197' title='bbox 971 2946 1022 3009; x_wconf 91' lang='lat' dir='ltr'><strong>dei</strong></span> <span class='ocrx_word' id='word_1_198' title='bbox 1044 2944 1099 3027; x_wconf 92' lang='lat' dir='ltr'><strong>qui</strong></span> <span class='ocrx_word' id='word_1_199' title='bbox 1121 2943 1269 3010; x_wconf 89' lang='lat' dir='ltr'><strong>habuerit</strong></span> 
     </span>
     <span class='ocr_line' id='line_1_26' title="bbox 94 3045 1269 3130; baseline -0.004 -13"><span class='ocrx_word' id='word_1_200' title='bbox 94 3045 334 3117; x_wconf 75' lang='lat' dir='ltr'><strong>sedilectiouem</strong></span> <span class='ocrx_word' id='word_1_201' title='bbox 365 3048 476 3112; x_wconf 91' lang='lat' dir='ltr'><strong>muudi</strong></span> <span class='ocrx_word' id='word_1_202' title='bbox 510 3047 542 3111; x_wconf 90' lang='lat' dir='ltr'><strong>et</strong></span> <span class='ocrx_word' id='word_1_203' title='bbox 575 3046 736 3113; x_wconf 92' lang='lat' dir='ltr'><strong>inimicum</strong></span> <span class='ocrx_word' id='word_1_204' title='bbox 769 3065 835 3112; x_wconf 89' lang='lat' dir='ltr'><strong>esse</strong></span> <span class='ocrx_word' id='word_1_205' title='bbox 869 3047 917 3112; x_wconf 92' lang='lat' dir='ltr'><strong>dei</strong></span> <span class='ocrx_word' id='word_1_206' title='bbox 958 3050 1011 3130; x_wconf 92' lang='lat' dir='ltr'><strong>qui</strong></span> <span class='ocrx_word' id='word_1_207' title='bbox 1046 3048 1167 3113; x_wconf 90' lang='lat' dir='ltr'><strong>amicus</strong></span> <span class='ocrx_word' id='word_1_208' title='bbox 1202 3066 1269 3114; x_wconf 85' lang='lat' dir='ltr'><strong>esse</strong></span> 
     </span>
     <span class='ocr_line' id='line_1_27' title="bbox 132 3149 1270 3233; baseline 0.002 -19"><span class='ocrx_word' id='word_1_209' title='bbox 132 3149 273 3215; x_wconf 90' lang='lat' dir='ltr'><strong>uoluerit</strong></span> <span class='ocrx_word' id='word_1_210' title='bbox 310 3149 429 3215; x_wconf 90' lang='lat' dir='ltr'><strong>muudi.</strong></span> <span class='ocrx_word' id='word_1_211' title='bbox 484 3149 603 3215; x_wconf 85' lang='lat' dir='ltr'><strong>adhoc</strong></span> <span class='ocrx_word' id='word_1_212' title='bbox 637 3149 734 3214; x_wconf 88' lang='lat' dir='ltr'><strong>etiam</strong></span> <span class='ocrx_word' id='word_1_213' title='bbox 772 3149 908 3232; x_wconf 90' lang='lat' dir='ltr'><strong>pertinet</strong></span> <span class='ocrx_word' id='word_1_214' title='bbox 943 3153 1024 3233; x_wconf 92' lang='lat' dir='ltr'><strong>quod</strong></span> <span class='ocrx_word' id='word_1_215' title='bbox 1060 3152 1203 3217; x_wconf 90' lang='lat' dir='ltr'><strong>dominus</strong></span> <span class='ocrx_word' id='word_1_216' title='bbox 1236 3151 1270 3216; x_wconf 92' lang='lat' dir='ltr'><strong>iu</strong></span> 
     </span>
     <span class='ocr_line' id='line_1_28' title="bbox 132 3252 1268 3337; baseline 0 -19"><span class='ocrx_word' id='word_1_217' title='bbox 132 3252 298 3337; x_wconf 82' lang='lat' dir='ltr'><strong>euangelio</strong></span> <span class='ocrx_word' id='word_1_218' title='bbox 314 3253 408 3318; x_wconf 87' lang='lat' dir='ltr'><strong>dicit:</strong></span> <span class='ocrx_word' id='word_1_219' title='bbox 432 3270 544 3318; x_wconf 91' lang='lat' dir='ltr'><strong>nemo</strong></span> <span class='ocrx_word' id='word_1_220' title='bbox 566 3254 701 3334; x_wconf 89' lang='lat' dir='ltr'><strong>potest</strong></span> <span class='ocrx_word' id='word_1_221' title='bbox 724 3253 876 3318; x_wconf 90' lang='lat' dir='ltr'><strong>duobus</strong></span> <span class='ocrx_word' id='word_1_222' title='bbox 899 3253 1072 3319; x_wconf 89' lang='lat' dir='ltr'><strong>dominis</strong></span> <span class='ocrx_word' id='word_1_223' title='bbox 1096 3256 1268 3321; x_wconf 88' lang='lat' dir='ltr'><strong>seruire:</strong></span> 
     </span>
     <span class='ocr_line' id='line_1_29' title="bbox 132 3354 1267 3441; baseline 0.001 -20"><span class='ocrx_word' id='word_1_224' title='bbox 132 3359 202 3422; x_wconf 87' lang='lat' dir='ltr'><strong>aut</strong></span> <span class='ocrx_word' id='word_1_225' title='bbox 231 3357 335 3421; x_wconf 90' lang='lat' dir='ltr'><strong>euim</strong></span> <span class='ocrx_word' id='word_1_226' title='bbox 364 3374 481 3421; x_wconf 92' lang='lat' dir='ltr'><strong>unum</strong></span> <span class='ocrx_word' id='word_1_227' title='bbox 511 3354 600 3420; x_wconf 90' lang='lat' dir='ltr'><strong>odio</strong></span> <span class='ocrx_word' id='word_1_228' title='bbox 628 3354 798 3420; x_wconf 87' lang='lat' dir='ltr'><strong>hebebit</strong></span> <span class='ocrx_word' id='word_1_229' title='bbox 829 3357 869 3421; x_wconf 91' lang='lat' dir='ltr'><strong>et</strong></span> <span class='ocrx_word' id='word_1_230' title='bbox 897 3356 1070 3421; x_wconf 87' lang='lat' dir='ltr'><strong>alterum</strong></span> <span class='ocrx_word' id='word_1_231' title='bbox 1104 3357 1267 3441; x_wconf 82' lang='lat' dir='ltr'><strong>diliget,</strong></span> 
     </span>
     <span class='ocr_line' id='line_1_30' title="bbox 133 3459 1270 3541; baseline 0.004 -19"><span class='ocrx_word' id='word_1_232' title='bbox 133 3462 205 3523; x_wconf 87' lang='lat' dir='ltr'><strong>aut</strong></span> <span class='ocrx_word' id='word_1_233' title='bbox 227 3477 343 3523; x_wconf 88' lang='lat' dir='ltr'><strong>unum</strong></span> <span class='ocrx_word' id='word_1_234' title='bbox 364 3459 546 3541; x_wconf 87' lang='lat' dir='ltr'><strong>patietur</strong></span> <span class='ocrx_word' id='word_1_235' title='bbox 569 3459 607 3524; x_wconf 90' lang='lat' dir='ltr'><strong>et</strong></span> <span class='ocrx_word' id='word_1_236' title='bbox 629 3459 802 3523; x_wconf 91' lang='lat' dir='ltr'><strong>alterum</strong></span> <span class='ocrx_word' id='word_1_237' title='bbox 826 3462 1068 3538; x_wconf 89' lang='lat' dir='ltr'><strong>contemnet,</strong></span> <span class='ocrx_word' id='word_1_238' title='bbox 1093 3465 1124 3525; x_wconf 92' lang='lat' dir='ltr'><strong>et</strong></span> <span class='ocrx_word' id='word_1_239' title='bbox 1146 3459 1270 3526; x_wconf 87' lang='lat' dir='ltr'><strong>conclu·</strong></span> 
     </span>
     <span class='ocr_line' id='line_1_31' title="bbox 94 3560 1270 3645; baseline -0.002 -14"><span class='ocrx_word' id='word_1_240' title='bbox 94 3561 198 3631; x_wconf 81' lang='lat' dir='ltr'><strong>sedit:</strong></span> <span class='ocrx_word' id='word_1_241' title='bbox 227 3579 301 3626; x_wconf 88' lang='lat' dir='ltr'><strong>nou</strong></span> <span class='ocrx_word' id='word_1_242' title='bbox 331 3562 503 3645; x_wconf 90' lang='lat' dir='ltr'><strong>potestis</strong></span> <span class='ocrx_word' id='word_1_243' title='bbox 532 3560 605 3626; x_wconf 91' lang='lat' dir='ltr'><strong>deo</strong></span> <span class='ocrx_word' id='word_1_244' title='bbox 636 3561 793 3626; x_wconf 89' lang='lat' dir='ltr'><strong>seruire</strong></span> <span class='ocrx_word' id='word_1_245' title='bbox 822 3568 860 3626; x_wconf 91' lang='lat' dir='ltr'><strong>et</strong></span> <span class='ocrx_word' id='word_1_246' title='bbox 888 3580 1098 3627; x_wconf 88' lang='lat' dir='ltr'><strong>mamonae.</strong></span> <span class='ocrx_word' id='word_1_247' title='bbox 1137 3563 1198 3629; x_wconf 89' lang='lat' dir='ltr'><strong>ista</strong></span> <span class='ocrx_word' id='word_1_248' title='bbox 1220 3564 1270 3629; x_wconf 89' lang='lat' dir='ltr'><strong>est</strong></span> 
     </span>
    </p>
   </div>
   <div class='ocr_carea' id='block_1_6' title="bbox 131 3764 1202 3914">
    <p class='ocr_par' dir='ltr' id='par_1_6' title="bbox 131 3764 1202 3914">
     <span class='ocr_line' id='line_1_32' title="bbox 241 3764 1202 3834; baseline 0.004 -16"><span class='ocrx_word' id='word_1_249' title='bbox 241 3766 273 3819; x_wconf 86' lang='lat'><strong>13</strong></span> <span class='ocrx_word' id='word_1_250' title='bbox 300 3764 345 3818; x_wconf 88' lang='lat' dir='ltr'><strong>Ps.</strong></span> <span class='ocrx_word' id='word_1_251' title='bbox 374 3764 420 3831; x_wconf 80' lang='grc'><strong>72,</strong></span> <span class='ocrx_word' id='word_1_252' title='bbox 444 3765 528 3833; x_wconf 78' lang='lat' dir='ltr'><strong>27sq.</strong></span> <span class='ocrx_word' id='word_1_253' title='bbox 632 3765 667 3819; x_wconf 85' lang='grc'><strong>20</strong></span> <span class='ocrx_word' id='word_1_254' title='bbox 693 3765 707 3819; x_wconf 95' lang='grc' dir='ltr'>Ι</span> <span class='ocrx_word' id='word_1_255' title='bbox 732 3764 770 3820; x_wconf 90' lang='lat' dir='ltr'><strong>Io.</strong></span> <span class='ocrx_word' id='word_1_256' title='bbox 797 3765 826 3832; x_wconf 87' lang='grc'><strong>2,</strong></span> <span class='ocrx_word' id='word_1_257' title='bbox 852 3768 885 3820; x_wconf 86' lang='grc'><strong>15</strong></span> <span class='ocrx_word' id='word_1_258' title='bbox 988 3765 1022 3820; x_wconf 86' lang='grc'><strong>22</strong></span> <span class='ocrx_word' id='word_1_259' title='bbox 1049 3766 1102 3821; x_wconf 82' lang='lat' dir='ltr'><strong>Ito.</strong></span> <span class='ocrx_word' id='word_1_260' title='bbox 1129 3768 1159 3834; x_wconf 76' lang='lat'><strong>4,</strong></span> <span class='ocrx_word' id='word_1_261' title='bbox 1183 3768 1202 3822; x_wconf 82' lang='lat'>4</span> 
     </span>
     <span class='ocr_line' id='line_1_33' title="bbox 131 3850 384 3914; baseline 0 -10"><span class='ocrx_word' id='word_1_262' title='bbox 131 3850 169 3905; x_wconf 76' lang='grc'><strong>27</strong></span> <span class='ocrx_word' id='word_1_263' title='bbox 187 3850 288 3904; x_wconf 82' lang='lat' dir='ltr'><strong>Matth.</strong></span> <span class='ocrx_word' id='word_1_264' title='bbox 306 3851 331 3914; x_wconf 87' lang='lat'><strong>6,</strong></span> <span class='ocrx_word' id='word_1_265' title='bbox 349 3852 384 3904; x_wconf 86' lang='grc'><strong>24</strong></span> 
     </span>
    </p>
   </div>
   <div class='ocr_carea' id='block_1_7' title="bbox 132 4037 1269 4354">
    <p class='ocr_par' dir='ltr' id='par_1_7' title="bbox 132 4037 1269 4196">
     <span class='ocr_line' id='line_1_34' title="bbox 187 4037 1269 4108; baseline 0.003 -16"><span class='ocrx_word' id='word_1_266' title='bbox 187 4037 319 4092; x_wconf 76' lang='lat' dir='ltr'><strong>dardori</strong></span> <span class='ocrx_word' id='word_1_267' title='bbox 346 4038 375 4091; x_wconf 89' lang='lat' dir='ltr'>P</span> <span class='ocrx_word' id='word_1_268' title='bbox 476 4039 638 4107; x_wconf 82' lang='lat' dir='ltr'><strong>leuperior</strong></span> <span class='ocrx_word' id='word_1_269' title='bbox 659 4039 694 4092; x_wconf 89' lang='lat' dir='ltr'><strong>V:</strong></span> <span class='ocrx_word' id='word_1_270' title='bbox 725 4039 845 4108; x_wconf 86' lang='lat' dir='ltr'><strong>superius</strong></span> <span class='ocrx_word' id='word_1_271' title='bbox 869 4040 896 4094; x_wconf 93' lang='lat' dir='ltr'><strong><em>P</em></strong></span> <span class='ocrx_word' id='word_1_272' title='bbox 1000 4042 1030 4094; x_wconf 92' lang='grc'><strong>11</strong></span> <span class='ocrx_word' id='word_1_273' title='bbox 1055 4043 1211 4097; x_wconf 82' lang='lat' dir='ltr'><strong>nominatur</strong></span> <span class='ocrx_word' id='word_1_274' title='bbox 1232 4042 1269 4098; x_wconf 87' lang='lat' dir='ltr'><strong>V:</strong></span> 
     </span>
     <span class='ocr_line' id='line_1_35' title="bbox 132 4124 1203 4196; baseline 0.004 -17"><span class='ocrx_word' id='word_1_275' title='bbox 132 4139 189 4179; x_wconf 89' lang='lat' dir='ltr'><strong>nou</strong></span> <span class='ocrx_word' id='word_1_276' title='bbox 203 4124 326 4179; x_wconf 88' lang='lat' dir='ltr'><strong>minatur</strong></span> <span class='ocrx_word' id='word_1_277' title='bbox 344 4124 371 4177; x_wconf 92' lang='lat' dir='ltr'><strong><em>P</em></strong></span> <span class='ocrx_word' id='word_1_278' title='bbox 456 4126 489 4178; x_wconf 91' lang='grc'><strong>12</strong></span> <span class='ocrx_word' id='word_1_279' title='bbox 507 4124 594 4179; x_wconf 85' lang='lat' dir='ltr'><strong>dicere</strong></span> <span class='ocrx_word' id='word_1_280' title='bbox 607 4125 784 4196; x_wconf 87' lang='lat' dir='ltr'><strong>probabiliter</strong></span> <span class='ocrx_word' id='word_1_281' title='bbox 803 4127 831 4180; x_wconf 95' lang='lat' dir='ltr'><strong><em>P</em></strong></span> <span class='ocrx_word' id='word_1_282' title='bbox 917 4129 950 4181; x_wconf 85' lang='lat'><strong>13</strong></span> <span class='ocrx_word' id='word_1_283' title='bbox 970 4127 1157 4182; x_wconf 84' lang='lat' dir='ltr'><strong>manifestetur</strong></span> <span class='ocrx_word' id='word_1_284' title='bbox 1175 4129 1203 4183; x_wconf 89' lang='lat' dir='ltr'><strong><em>P</em></strong></span> 
     </span>
    </p>

    <p class='ocr_par' dir='ltr' id='par_1_8' title="bbox 132 4210 1267 4354">
     <span class='ocr_line' id='line_1_36' title="bbox 133 4210 1267 4285; baseline 0.003 -19"><span class='ocrx_word' id='word_1_285' title='bbox 133 4212 169 4266; x_wconf 83' lang='lat'><strong>15</strong></span> <span class='ocrx_word' id='word_1_286' title='bbox 187 4210 360 4279; x_wconf 81' lang='lat' dir='ltr'><strong>subsequitur</strong></span> <span class='ocrx_word' id='word_1_287' title='bbox 378 4212 446 4265; x_wconf 88' lang='lat' dir='ltr'><strong>PV:</strong></span> <span class='ocrx_word' id='word_1_288' title='bbox 473 4211 662 4281; x_wconf 85' lang='lat' dir='ltr'><strong>subsequenter</strong></span> <span class='ocrx_word' id='word_1_289' title='bbox 680 4230 699 4266; x_wconf 84' lang='lat' dir='ltr'><strong>a</strong></span> <span class='ocrx_word' id='word_1_290' title='bbox 786 4214 819 4269; x_wconf 89' lang='lat'><strong>19</strong></span> <span class='ocrx_word' id='word_1_291' title='bbox 837 4229 889 4285; x_wconf 87' lang='lat' dir='ltr'><strong>qua</strong></span> <span class='ocrx_word' id='word_1_292' title='bbox 907 4215 945 4268; x_wconf 87' lang='lat' dir='ltr'><strong>P:</strong></span> <span class='ocrx_word' id='word_1_293' title='bbox 972 4215 1084 4283; x_wconf 86' lang='lat' dir='ltr'><strong>quieV</strong></span> <span class='ocrx_word' id='word_1_294' title='bbox 1173 4216 1207 4269; x_wconf 79' lang='grc'><strong>25</strong></span> <span class='ocrx_word' id='word_1_295' title='bbox 1225 4214 1267 4270; x_wconf 88' lang='lat' dir='ltr'><strong>dei</strong></span> 
     </span>
     <span class='ocr_line' id='line_1_37' title="bbox 132 4297 601 4354; baseline 0.002 -1"><span class='ocrx_word' id='word_1_296' title='bbox 132 4314 191 4353; x_wconf 83' lang='lat' dir='ltr'><strong>esse</strong></span> <span class='ocrx_word' id='word_1_297' title='bbox 209 4298 237 4353; x_wconf 88' lang='lat' dir='ltr'><strong><em>P</em></strong></span> <span class='ocrx_word' id='word_1_298' title='bbox 338 4297 373 4353; x_wconf 80' lang='lat'><strong>30</strong></span> <span class='ocrx_word' id='word_1_299' title='bbox 391 4314 556 4353; x_wconf 88' lang='lat' dir='ltr'><strong>mammonae</strong></span> <span class='ocrx_word' id='word_1_300' title='bbox 575 4301 601 4354; x_wconf 91' lang='lat' dir='ltr'><strong><em>P</em></strong></span> 
     </span>
    </p>
   </div>
   <div class='ocr_carea' id='block_1_8' title="bbox 0 0 1387 4814">
    <p class='ocr_par' dir='ltr' id='par_1_9' title="bbox 0 0 1387 4814">
     <span class='ocr_line' id='line_1_38' title="bbox 0 0 1387 4814; baseline 0 0"><span class='ocrx_word' id='word_1_301' title='bbox 0 0 1387 4814; x_wconf 95' lang='lat' dir='ltr'><strong> </strong></span> 
     </span>
    </p>
   </div>
  </div>
 </body>
</html>
