2760 4814
139 303 199 369 122
611 294 794 366 [Eusinuiil

136 489 263 556 inimico
286 491 324 555 ad
346 486 541 571 patientiam,
565 486 665 551 utitur
688 485 801 568 quibus
824 487 928 568 potest
944 484 983 549 ad
1010 483 1268 562 beneficientiam,

136 594 238 659 utitur
266 591 411 658 omnibns
439 592 479 655 ad
510 589 762 655 beniuolentiam.
805 591 837 653 et
865 605 1054 670 quamquam
1084 586 1270 668 temporalia

135 715 197 762 non
219 696 340 778 diligat,
362 697 430 775 ipse
452 694 536 758 recte
558 694 659 758 utitur
682 693 903 776 temporalibus
928 693 960 755 et
981 708 1035 772 pro
1058 708 1165 755 eornm
1186 695 1269 755 sorte

136 798 315 865 hominibus
345 796 489 870 consulit,
520 797 546 860 si
575 795 748 877 aequaliter
772 813 833 859 nou
855 797 958 877 potest
980 793 1134 858 omnibus.
1173 811 1270 875 quare

136 905 162 968 si
199 902 333 984 aliquem
370 898 573 966 familiarium
612 916 739 963 suorum
775 898 926 980 promtius
963 916 1057 979 qnam
1096 896 1297 979 quemlibetr

136 1004 316 1087 alloquitur,
338 1021 399 1067 non
424 1021 494 1066 eum
518 1002 618 1085 magis
640 1001 758 1084 diligit,
781 1001 834 1066 sed
857 1001 897 1065 ad
915 1019 986 1064 eum
1008 1000 1102 1065 habet
1117 1001 1269 1064 maiorem

135 1108 280 1173 fiduciam
303 1110 335 1171 et
358 1108 544 1189 apertiorem
560 1105 709 1188 temporis
732 1106 871 1170 ianuam.
901 1104 1017 1169 tractat
1033 1105 1118 1168 enim
1133 1103 1270 1187 tempori

135 1210 258 1276 deditos
280 1212 368 1275 tanto
391 1209 515 1285 melius,
539 1212 653 1290 quanto
677 1209 746 1289 ipse
761 1208 864 1273 minus
883 1206 1041 1291 obligatus
1056 1208 1103 1270 est
1119 1209 1268 1289 tempore.

135 1331 206 1379 oum
235 1312 342 1394 itaque
371 1312 515 1377 omnibns
542 1330 617 1394 quos
641 1313 756 1394 pariter
778 1311 885 1393 diligit
907 1312 1052 1394 prodesse
1075 1327 1136 1375 non
1158 1311 1267 1392 possit,

136 1416 198 1482 nisi
221 1415 485 1481 coniunctioribns
508 1418 652 1498 prodesse
675 1415 776 1492 malit,
800 1415 936 1480 iniustus
954 1425 1010 1480 est.
1041 1415 1138 1479 animi
1160 1418 1298 1480 autema

136 1518 313 1585 coniunctio
337 1519 437 1584 maior
459 1518 508 1583 est
529 1537 623 1601 qnam
645 1519 784 1583 looornm
805 1520 861 1582 ant
883 1522 1070 1601 temporum,
1099 1517 1212 1601 quibus
1235 1517 1270 1584 in

136 1621 194 1686 hoo
229 1639 354 1704 corporo
388 1621 564 1706 iungimnr;
604 1622 658 1687 sed
692 1641 728 1688 ea
761 1621 898 1687 maxima
930 1624 979 1686 est
1012 1641 1090 1704 quae
1125 1622 1269 1687 omnibus

133 1724 307 1807 praeualet.
341 1744 402 1790 non
425 1743 497 1808 ergo
519 1724 579 1790 iste
603 1724 756 1806 affligitur
778 1728 879 1791 morte
902 1726 1095 1808 cuiusquam,
1119 1725 1269 1806 quoniam

135 1827 188 1910 qui
209 1832 277 1892 toto
301 1829 404 1893 animo
428 1828 521 1893 deum
545 1828 659 1912 diligit,
689 1829 779 1894 nouit
801 1842 868 1894 noo·
887 1828 946 1895 sibi
975 1829 1076 1910 perire
1106 1828 1188 1909 qnod
1211 1830 1268 1892 deo

134 1949 197 1996 nou
220 1930 311 2013 perit.
350 1932 425 1996 deus
449 1937 553 1997 autem
577 1932 720 1998 dominus
736 1936 784 1996 est
800 1935 831 1996 et
853 1934 998 1996 uiuorum
1015 1931 1046 1995 st
1061 1935 1299 2003 mortuorumu

135 2053 194 2099 uon
230 2035 412 2117 cuiusquam
446 2035 572 2100 miseria
602 2034 698 2101 miser
732 2039 789 2112 est,
823 2035 898 2117 quia
927 2053 983 2099 neo
1012 2034 1194 2116 cuiusquam
1217 2036 1267 2099 in·

134 2137 260 2203 institia
287 2137 324 2202 lit
351 2137 496 2204 iniustus.
536 2143 568 2203 et
597 2142 633 2204 nt
661 2157 751 2204 nemo
780 2138 829 2203 illi
859 2139 1017 2203 iustitiam
1040 2141 1071 2202 et
1094 2137 1196 2215 deum,
1220 2138 1269 2203 sio

135 2258 227 2305 nemo
254 2243 358 2306 aufert
388 2241 624 2307 beatitudinem.
664 2243 697 2306 et
725 2241 896 2325 siquando
926 2242 1006 2306 forte
1028 2241 1160 2307 alicuius
1183 2240 1268 2324 peri-

135 2343 205 2409 culo
221 2343 272 2409 nel
289 2363 389 2410 errore
403 2345 455 2410 nel
469 2345 574 2409 dolore
589 2349 810 2429 commonetur,
834 2363 932 2426 usqne
948 2344 988 2408 ad
1010 2343 1098 2409 illius
1113 2343 1268 2408 auxilium

135 2450 191 2512 ant
213 2448 436 2513 correctionem
459 2449 514 2512 ant
537 2448 788 2525 consolationem,
812 2466 873 2513 non
896 2466 995 2530 usque
1018 2451 1056 2513 ad
1078 2465 1168 2513 snam
1190 2445 1300 2520 sub-2,

134 2551 308 2616 uersionem
331 2551 436 2615 ualere
451 2550 582 2634 patitur.
612 2551 647 2616 in
661 2552 805 2617 omnibus
820 2554 926 2617 autem
943 2550 1088 2617 officiosis
1105 2551 1268 2617 laboribus

133 2651 257 2718 maurae
288 2652 402 2735 quietis
433 2657 518 2718 certa
546 2653 755 2737 expectatione
787 2673 847 2719 non
878 2654 1043 2739 frangitur.
1084 2655 1158 2737 quid
1181 2654 1267 2719 euim

132 2755 161 2820 ei
194 2755 318 2821 nocebit
352 2756 406 2837 qui
440 2758 517 2821 bene
552 2756 598 2820 nti
632 2757 728 2821 etiam
762 2757 888 2822 inimico
923 2761 1047 2840 potest?
1085 2759 1151 2823 eius
1181 2759 1267 2823 enim

130 2857 283 2941 praesidio
311 2863 404 2941 atque
434 2860 628 2924 munimento
655 2860 835 2926 inimicitias
857 2878 917 2924 non
939 2861 1143 2944 pertimescit,
1176 2863 1267 2926 onius

130 2963 295 3043 praecepto
311 2963 344 3026 et
359 2962 438 3027 dono
453 2961 562 3044 diligit
583 2962 736 3028 inimicos.
769 2965 841 3028 huic
863 2967 929 3029 uiro
952 2966 984 3029 in
1009 2964 1300 3037 tribulationibusa

132 3081 242 3146 parum
258 3067 380 3130 estnon
397 3065 585 3142 contristari,
608 3064 669 3130 nisi
691 3068 786 3132 etiam
809 3067 954 3150 madeat,
978 3067 1078 3133 sciens
1095 3069 1178 3150 quod
1194 3069 1267 3132 tri·

132 3166 291 3232 bulatio
321 3167 560 3249 patientiam
590 3173 797 3250 operatur,
831 3170 1032 3253 patientia
1066 3170 1267 3254 probatio·

236 3369 270 3424 26
289 3369 365 3425 Rom.
383 3371 407 3433 5,
425 3369 509 3438 3sqq.

184 3543 197 3594 1
211 3539 412 3595 beneficentiam
428 3541 508 3597 G²To
606 3543 622 3597 2
636 3542 848 3597 beneuolentiam
861 3543 918 3597 DP
1017 3545 1034 3599 3
1046 3544 1139 3613 diligit
1153 3545 1196 3600 Ga

130 3626 147 3680 5
165 3624 331 3682 familiarum
351 3627 381 3681 D
482 3628 634 3697 promptius
652 3629 710 3683 DP
811 3629 828 3683 6
851 3629 995 3698 alliqnitnr
1015 3630 1051 3686 6¹
1154 3632 1172 3685 8
1190 3633 1267 3685 dedi-

129 3715 176 3766 tus
194 3713 222 3767 P
247 3712 345 3766 deditis
363 3713 437 3769 ndo
529 3715 545 3769 9
563 3716 696 3785 omnibns]
715 3716 825 3770 minimo
840 3715 914 3772 DGo
1004 3717 1267 3773 mosomensibus

133 3799 160 3853 Τ
256 3799 287 3852 11
305 3799 423 3853 lucorum
443 3800 469 3854 Τ
569 3799 601 3855 12
619 3802 743 3870 iungitur
760 3802 788 3856 6¹
814 3802 953 3871 gignimur
972 3804 998 3857 Τ
1099 3805 1133 3858 14
1150 3802 1268 3873 diligere

130 3884 171 3940 1)ἱ
257 3885 328 3954 quod
345 3887 440 3942 DPT:
466 3889 513 3957 qni
534 3889 577 3944 Ge
672 3889 705 3943 16
723 3890 781 3958 neo}
800 3905 833 3942 ne
851 3891 879 3943 P
972 3892 1003 3945 17
1022 3894 1053 3944 nt
1070 3906 1120 3945 om.
1141 3891 1196 3946 G¹o

131 3969 164 4025 18
181 3969 269 4024 aufret
280 3970 310 4024 D
388 3973 412 4028 si
425 3990 475 4028 oon.
489 3974 526 4029 P¹
607 3974 641 4028 20
652 3974 862 4029 consulationem
877 3977 905 4030 P
985 3978 1016 4031 21
1032 3976 1157 4030 offitiosis
1169 3978 1198 4031 P

130 4053 163 4108 22
181 4057 389 4124 expectationem
408 4059 445 4115 (1ι
537 4060 610 4114 enim
628 4075 677 4114 om.
696 4060 770 4116 DGo
864 4062 898 4116 24
911 4063 1074 4116 monimento
1086 4062 1194 4117 DG¹P¹

129 4141 286 4198 inimititias
304 4145 358 4199 ΡΤ
452 4146 485 4201 25
503 4163 566 4201 nero
584 4147 611 4200 P
710 4147 744 4201 26
762 4157 846 4217 perun
865 4149 901 4203 P¹
1001 4150 1113 4218 2711081
1131 4151 1269 4219 patientia

130 4234 155 4283 et
173 4229 293 4297 probatio
311 4231 375 4287 odd.
395 4233 431 4286 P:
455 4237 543 4288 nutem
