2760 4814
197 319 363 390 Excerpta
380 336 415 374 ex
432 335 502 389 opp.
521 321 547 374 a.
565 319 757 389 Augustini
779 318 923 375 CLXXVI.
941 318 1097 378 CLXXVII.
1146 321 1211 389 599

80 529 196 576 narum
217 510 341 576 nomine
363 509 565 594 significauit,
596 511 668 592 quia
698 510 846 591 consiliis,
876 513 913 577 ut
934 510 1009 594 dixi,
1039 510 1209 596 peritorum

83 615 153 700 regi
187 617 230 680 eis
262 614 402 696 expedit3
441 613 475 678 et
507 612 700 679 molentes
733 616 810 680 dixit
839 615 965 697 propter
990 615 1210 697 temporalium

82 720 280 804 negotiorum
302 718 408 784 orbem
427 718 520 800 atque
543 719 727 794 circuitum
752 736 829 801 quas
851 724 958 785 tamen
981 719 1020 785 in
1041 736 1115 785 uno
1137 734 1210 784 mo·

82 822 213 887 lentes
246 821 333 897 dixit,
368 824 402 887 in
435 821 588 904 quantum
617 821 655 887 de
688 822 765 904 ipsis
797 822 890 888 rebus
919 825 952 887 et
981 823 1113 907 negotiis
1145 822 1210 888 suis

61 926 234 1010 spraebent
265 925 372 992 usibus
402 925 557 991 ecclesiae.
598 924 729 991 tertium
758 944 876 1011 eorum,
910 927 963 1009 qni
986 930 1154 1010 operantur
1174 927 1209 991 in

83 1030 233 1095 ecclesiae
256 1029 429 1094 ministerio
451 1030 612 1110 tamquam
635 1029 669 1093 in
690 1046 765 1112 agro
787 1029 848 1112 dei,
871 1031 909 1096 de
931 1048 993 1113 qua
1015 1029 1209 1113 agricultura

82 1132 243 1215 apostolus
273 1131 423 1215 loquitur.
458 1134 491 1198 in
520 1132 569 1197 his
597 1150 670 1216 ergo
700 1132 802 1198 tribus
833 1132 1003 1216 generibus
1032 1132 1108 1200 bina
1136 1136 1211 1198 sunt

82 1255 191 1301 rursus
224 1254 337 1321 genera
369 1235 530 1302 hominum
563 1237 595 1300 in
628 1234 762 1320 siugulis
790 1239 823 1301 et
852 1255 906 1320 pro
939 1237 1048 1303 robore
1083 1254 1210 1302 suarum

83 1338 200 1404 uirium
232 1339 458 1407 discernuntur.
497 1358 568 1404 cum
598 1339 682 1404 enim
712 1356 819 1405 omnes
841 1339 880 1425 ad
902 1339 1049 1407 ecclesiae
1070 1341 1211 1406 membra

51 1444 239 1524 sepertinere
262 1444 438 1526 uideantur,
461 1443 646 1509 adueniente
663 1444 770 1509 tamen
791 1444 976 1510 temtatione
997 1442 1211 1511 tribulationis

84 1547 118 1610 et
140 1564 175 1611 er
204 1546 271 1611 illis
302 1547 355 1630 qui
386 1548 461 1613 sunt
489 1548 523 1612 in
545 1548 609 1614 otio
632 1551 664 1612 et
686 1567 723 1613 ex
752 1547 816 1613 illis
842 1548 992 1630 quisunt
1021 1546 1054 1613 in
1076 1547 1211 1633 negotiis

82 1650 197 1715 saeculi
220 1653 310 1716 etex
339 1649 403 1716 illis
426 1649 480 1734 qui
502 1651 558 1716 deo
579 1649 762 1716 ministrant
791 1651 825 1716 in
850 1651 983 1716 ecclesia
1010 1650 1108 1734 aliqui
1137 1670 1209 1734 per-

84 1758 222 1830 manent,
238 1755 335 1838 aliqui
351 1754 476 1821 cadunt.
500 1754 554 1838 qni
569 1757 762 1837 permanent,
778 1758 995 1832 assumuntur;
1011 1754 1066 1838 qui
1083 1755 1211 1833 cadunt,

83 1856 313 1940 relinquuntur.
344 1878 417 1944 ergo
436 1877 533 1924 unus
551 1859 777 1924 assumetur
794 1861 827 1923 et
844 1877 942 1924 unus
960 1859 1212 1943 relinquetur

52 1976 146 2025 onon
180 1963 269 2043 quasi
291 1960 329 2027 dc
352 1961 473 2028 duobus
504 1962 683 2027 hominibus
713 1961 842 2041 dictum,
876 1961 930 2027 sed
952 1965 990 2029 de
1012 1962 1133 2029 duobus
1155 1980 1212 2047 gc·

84 2063 211 2128 neribus
233 2064 433 2130 affectionum
454 2066 487 2130 in
510 2064 641 2149 singulis
663 2064 829 2148 generibus
851 2064 950 2130 trium
972 2065 1209 2148 professionum.

83 2165 123 2231 iu
146 2167 223 2233 illa
244 2172 360 2235 nocte
383 2185 455 2252 ergo
477 2170 556 2234 dixit
580 2169 632 2255 „in
655 2167 713 2233 illa
734 2165 971 2234 tribulatione“.

127 2289 178 2354 Ad
208 2288 278 2371 ipsa
307 2289 371 2356 tria
399 2307 523 2374 genera,
553 2306 631 2371 quae
662 2292 875 2367 assumuntur,
904 2289 1038 2356 arbitror
1059 2291 1213 2373 pertinere

85 2392 182 2457 etiam
225 2394 289 2458 tria
331 2391 389 2459 illa
432 2391 560 2457 nomina
596 2390 736 2457 uirorum
775 2394 973 2471 sanctorum,
1018 2411 1094 2477 quos
1131 2391 1213 2458 solos

56 2494 259 2562 eliberatum
279 2498 319 2562 iri
333 2495 534 2563 Hiezechihel
555 2495 707 2581 propheta
728 2495 900 2575 denuntiat,
922 2496 999 2575 Noe,
1022 2495 1158 2562 Danihel
1181 2497 1214 2561 et

84 2596 150 2664 lob.
187 2599 314 2665 uidetur
347 2601 431 2667 enim
451 2598 519 2667 Noe
550 2602 706 2683 pertinere
740 2598 780 2664 ad
809 2617 860 2664 eos
888 2616 945 2680 per
974 2617 1051 2682 quos
1081 2599 1213 2665 ecclesia

85 2702 215 2785 regitur,
248 2703 330 2768 sicat
363 2722 419 2786 per
450 2703 544 2769 illum
577 2703 609 2769 in
637 2703 726 2787 aquis
748 2721 819 2769 arca
846 2703 1019 2787 gubernata
1040 2707 1098 2786 est,
1132 2719 1212 2785 quae

86 2803 221 2888 liguram
251 2806 397 2891 gestabat
426 2807 582 2872 ecclesiae.
621 2805 758 2872 Danihel
781 2809 897 2882 autem,
928 2805 1003 2889 quia
1024 2804 1120 2890 elegit
1141 2823 1212 2871 cae·

87 2908 185 2974 libem
207 2908 318 2987 uitam,
340 2909 372 2974 id
396 2910 443 2974 est
465 2911 592 2992 nuptias
614 2909 756 2974 terrenas
771 2909 947 2988 contemsit,
969 2910 1017 2988 nt,
1040 2909 1121 2974 sicut
1135 2908 1214 2974 dicit

188 3132 203 3186 7
223 3131 257 3186 cl.
269 3131 284 3186 1
296 3131 353 3186 Cor.
372 3131 397 3198 3,
415 3131 432 3184 9
517 3131 552 3186 20
569 3131 602 3186 ci.
615 3129 709 3186 Enoch.
728 3131 769 3198 14,
783 3130 816 3186 14
901 3131 936 3186 22
953 3131 987 3187 cf.
999 3131 1065 3187 Gon.
1083 3131 1109 3196 7,
1128 3130 1144 3183 l

138 3342 152 3395 1
172 3340 244 3409 quia]
262 3328 322 3409 qui'
334 3344 361 3404 (a
373 3338 438 3394 add.
448 3355 484 3393 m.
495 3340 526 3403 2)
542 3338 569 3393 V
592 3338 639 3407 qni
657 3339 694 3393 Μ
778 3338 932 3408 peritorum]
951 3338 1098 3407 periturum
1116 3337 1144 3391 A

88 3422 236 3496 impedit]
254 3425 355 3494 expetit
372 3424 410 3478 ΡΙ
437 3423 609 3494 expetiunto
698 3424 786 3480 tuno
804 3424 888 3480 PVc:
916 3441 999 3479 unum
1016 3425 1044 3479 A
1133 3425 1214 3479 hnc·

89 3511 166 3566 cutiis
190 3512 218 3566 A
321 3512 338 3565 6
361 3510 541 3564 ministerium
564 3510 592 3564 A
696 3510 727 3565 11
753 3511 783 3564 in
800 3511 950 3581 otio-qui
967 3510 1043 3582 eunt]
1061 3526 1145 3566 com>

89 3595 120 3650 12
130 3597 224 3667 aliqui]
237 3596 286 3650 alii
297 3596 383 3666 quiA
465 3595 497 3651 13
510 3595 605 3665 allqni]
619 3595 696 3651 aliie
776 3595 871 3650 cadem
885 3595 913 3652 V
988 3595 1035 3665 qui
1047 3596 1213 3667 permanent]

88 3697 135 3752 que
148 3700 174 3752 p.
188 3682 227 3737 Ρι
309 3682 506 3752 quicedentP
591 3681 847 3752 14reliquunturA
932 3684 1079 3738 assumitur
1090 3682 1145 3737 P¹c

89 3769 120 3824 16
145 3768 518 3838 affectionum-generibus]
545 3785 596 3826 om.
622 3785 639 3824 o
741 3769 851 3824 uinculis
869 3771 897 3826 A
1000 3771 1034 3825 18
1059 3769 1102 3841 nd]
1126 3772 1155 3824 et
1179 3769 1214 3825 ah

88 3871 105 3911 a
216 3857 250 3911 19
272 3856 345 3910 solua
367 3856 433 3911 AP¹
547 3856 582 3910 20
604 3856 749 3911 liberatum
771 3857 806 3912 iri
827 3857 935 3928 scripse]
958 3856 1099 3913 liberaturi
1122 3858 1157 3922 (ri
1181 3872 1215 3912 ca

88 3957 129 3998 non
150 3959 220 3999 corr.
242 3947 312 3997 Μ
335 3943 367 3996 ia
393 3943 428 4012 V)
449 3944 513 3998 MV
544 3942 653 3997 liberari
676 3945 704 4000 A
738 3944 888 3999 libera-seri
912 3943 941 3999 P
974 3943 1102 3999 liberatos
1128 3960 1145 3998 c

89 4034 232 4093 hiezechiel
254 4037 282 4091 A
311 4038 425 4093 ezechiel
450 4038 477 4093 P
505 4036 641 4093 ezechihel
665 4055 682 4093 c
809 4039 954 4095 denuntiat
974 4039 1011 4096 V:
1040 4040 1214 4109 praenuntiat

88 4158 157 4213 APo
260 4157 296 4211 22
313 4158 393 4213 archa
410 4159 439 4213 P
538 4123 689 4227 gubernata
706 4159 736 4228 (b
753 4158 905 4224 odam)
927 4161 954 4216 V
1052 4161 1087 4216 23
1103 4160 1214 4216 licuram

89 4253 115 4305 A
217 4251 291 4323 quia]
311 4253 393 4321 quio
495 4252 625 4308 caelebem
644 4253 682 4309 Ρ
784 4256 819 4311 24
835 4255 945 4311 nubtias
962 4255 1023 4309 AV
