2760 4814
332 525 500 596 Excerpta
517 541 553 581 en
571 542 641 596 opp.
661 527 686 582 S.
705 528 896 598 Augustini
915 529 937 584 Ι.
1161 534 1205 601 43

59 737 131 784 uero
155 718 218 784 illa
241 717 435 784 aedificando
459 716 649 799 impleuerit,
681 716 762 783 nihil
784 717 831 784 ibi
853 720 915 784 ista
938 721 1027 785 inane
1050 723 1131 804 quod
1153 723 1203 788 in·

58 822 112 890 let
143 821 301 888 inueniet.
339 820 454 886 utilem
488 839 577 904 porro
607 820 773 886 scientiam
806 821 979 889 definiendo
1015 828 1204 892 monstrauit

59 927 111 991 uhi
143 945 221 992 cnm
250 925 396 991 dixisset:
430 941 520 989 ecoe
548 924 681 1006 pietas
704 927 766 989 est
799 926 1023 1007 sapientia,
1057 930 1204 995 continuo

59 1030 242 1097 subiunxit:
276 1029 485 1094 abstinere
517 1043 651 1093 uoroa
682 1028 799 1093 malis
833 1029 1009 1096 scientia
1041 1033 1111 1096 est.
1149 1051 1205 1098 cur

39 1151 131 1217 sergo
154 1151 221 1198 non
244 1132 380 1198 dicimus
403 1133 457 1215 qui
480 1131 557 1196 hanc
579 1130 732 1196 uirtutem
749 1130 844 1198 hahet
859 1131 972 1199 habere
988 1152 1107 1213 omnes,
1131 1154 1203 1201 cum

59 1236 226 1319 plenitudo
256 1235 337 1319 legis
366 1235 409 1299 sit
440 1235 582 1300 caritas?
611 1253 651 1299 an
675 1236 791 1317 quanto
814 1236 916 1318 magis
939 1241 986 1301 est
1009 1236 1042 1301 iu
1067 1236 1201 1316 homins,

60 1342 148 1405 tanto
172 1340 281 1423 magis
303 1341 352 1404 est
374 1340 494 1403 uirtute
515 1339 695 1421 praeditus;
718 1342 835 1420 quanto
852 1341 958 1404 autem
974 1340 1088 1418 miuus,
1113 1342 1203 1406 tanto

60 1444 164 1508 minua
200 1443 287 1507 inest
320 1441 435 1526 uirtus,
471 1441 545 1524 quia
573 1442 641 1525 ipsa
672 1443 720 1506 ost
750 1441 868 1519 uirtus;
904 1444 937 1507 et
959 1444 1075 1524 quanto
1097 1442 1201 1508 minus

61 1547 140 1611 uest
164 1545 284 1620 uirtus,
308 1547 396 1609 tanto
419 1545 521 1627 magis
544 1548 593 1609 est
621 1544 760 1609 uitium?
797 1545 852 1609 ubi
878 1563 951 1629 orgo
974 1545 1033 1610 illa
1053 1546 1147 1628 plena
1170 1549 1204 1612 et

34 1648 200 1731 inperfecta
222 1647 286 1711 erit
308 1646 388 1711 nihil
416 1666 453 1711 ex
474 1647 553 1711 uitio
576 1648 762 1714 remanebit.
795 1648 926 1730 proinde
950 1647 1028 1713 mihi
1050 1648 1200 1713 uidentur

61 1753 149 1816 stoici
174 1751 248 1815 ideo
271 1749 339 1815 fulli
363 1750 438 1833 quia
460 1750 671 1832 proficientem
694 1750 854 1817 hominem
869 1752 902 1815 in
918 1752 1075 1834 supientia
1090 1751 1202 1816 nolunt

62 1856 189 1920 omnino
223 1853 339 1920 habero
371 1855 568 1938 sapientiam,
603 1855 659 1920 sed
687 1860 764 1920 tuuc
799 1855 911 1920 hebere
947 1873 1020 1919 oum
1044 1873 1081 1919 ea
1104 1853 1201 1918 luerit

63 1960 188 2025 omnino
211 1958 386 2040 perfectum
410 1977 472 2023 non
494 1959 567 2040 quio
589 1957 681 2023 illum
701 1961 885 2041 prouectum
908 1962 1034 2041 negant,
1059 1956 1114 2021 sed
1136 1956 1200 2022 nisi

63 2078 97 2123 er
118 2059 276 2143 profundo
300 2063 434 2143 quodam
458 2060 641 2144 emergendo
664 2062 793 2142 repente
816 2060 930 2125 emicet
954 2061 988 2126 in
1003 2079 1093 2126 auras
1116 2061 1200 2142 sapi·

36 2165 163 2228 sennua
188 2162 317 2239 liberas,
342 2163 487 2228 nullasu
510 2165 598 2244 parte
622 2182 689 2228 esso
703 2164 886 2246 sapientem.
919 2164 1101 2229 sicutenim
1119 2162 1200 2228 nihil

63 2266 195 2331 interest
228 2269 268 2331 ud
303 2265 463 2331 homiuem
499 2267 753 2348 praefocandum,
791 2268 897 2332 utrum
937 2285 1051 2349 aquam
1088 2265 1199 2332 stadiis

63 2370 174 2435 multis
196 2389 291 2452 super
313 2388 346 2434 se
368 2369 482 2434 haheat
504 2369 602 2434 altam
625 2388 665 2434 an
688 2388 785 2434 uuum
809 2369 951 2452 palmum
975 2369 1028 2434 uel
1051 2369 1198 2452 digitum,

62 2473 105 2538 sic
133 2474 211 2538 illos
243 2471 297 2554 qui
328 2472 463 2536 tendunt
485 2474 523 2537 ud
545 2473 734 2554 sapientiam
764 2472 916 2555 proficere
943 2472 1068 2554 quidem
1091 2473 1199 2538 dicunt

63 2579 226 2660 mquam
249 2574 290 2640 ab
312 2576 375 2640 imo
397 2575 530 2658 gurgitis
553 2577 715 2660 surgentes
738 2574 770 2639 in
794 2594 909 2657 aerem,
932 2575 988 2640 sed
1010 2574 1071 2639 uisi
1095 2577 1197 2640 totam

35 2680 237 2746 »stultitiam
267 2678 357 2744 uolut
386 2681 614 2761 opprimentem
636 2697 749 2760 aquam
774 2677 962 2762 proficiendo
986 2678 1074 2743 uelut
1098 2695 1198 2742 eruor·

63 2784 163 2868 gendo
187 2783 357 2860 suaserint,
380 2799 442 2847 non
466 2781 578 2846 hahere
601 2781 753 2847 uirtutem
777 2800 835 2847 nec
857 2801 924 2847 esse
946 2784 1121 2867 sapientes3
1144 2782 1198 2850 ubi

63 2889 168 2953 autem
199 2887 368 2964 cauerint,
399 2904 470 2951 mor
500 2884 615 2951 habere
643 2887 744 2951 totum
768 2904 825 2951 neo
848 2886 1018 2968 quicquam
1041 2885 1199 2952 stultitiae

63 3008 242 3056 remancre:
267 2990 349 3054 uude
371 2989 497 3056 omnino
519 2988 642 3055 nullum
665 2992 828 3071 peccatum
843 2989 943 3073 possit
958 2988 1099 3055 existere.
1122 2989 1199 3055 haec

63 3093 251 3169 similitudo,
286 3093 339 3158 ubi
372 3092 510 3158 stultitia
545 3093 632 3157 uelut
665 3110 745 3176 aqua
774 3096 807 3158 et
834 3092 988 3175 sapientia
1023 3093 1112 3158 uelut
1145 3112 1199 3158 aer

36 3197 202 3279 aponitur,
233 3202 270 3260 ut
291 3196 414 3261 animus
438 3214 456 3261 a
479 3195 706 3278 praefocatione
735 3195 891 3260 stultitiae
913 3200 1076 3277 tamquam
1098 3213 1198 3260 emer·

64 3317 138 3382 gons
163 3301 196 3364 in
221 3297 375 3381 sapientis
396 3303 522 3382 repento
544 3298 685 3382 respiret,
709 3317 772 3363 non
794 3298 873 3363 mihi
896 3298 1020 3364 uidetur
1043 3300 1121 3363 satis
1142 3298 1198 3363 ad·

66 3401 266 3469 commodata
284 3406 459 3468 nostrarum
474 3403 701 3484 scripturarum
717 3401 916 3479 auctoritati;
940 3401 994 3466 sed
1010 3400 1067 3466 illa
1082 3400 1197 3482 potius,

64 3508 101 3572 nt
129 3505 247 3571 uitium
278 3504 329 3570 uel
358 3504 499 3570 stultitia
531 3504 678 3580 tenebris,
709 3503 905 3571 luctantem
939 3506 1041 3570 uirtus
1075 3505 1128 3569 uel
1148 3521 1199 3568 sa·

166 3691 237 3746 fici.
257 3689 332 3744 Rom.
352 3691 393 3755 13,
412 3691 445 3746 10

115 3861 239 3931 liniet]
258 3861 344 3931 inplet
366 3864 418 3917 G'o
445 3861 549 3931 inpleat
565 3861 602 3916 0²
694 3860 876 3916 2diilniendo
895 3862 949 3917 Po¹
1037 3860 1200 3915 isciseutia

66 3947 99 4001 Μ
201 3963 270 4016 quur
286 3947 360 4002 ΜΡ
389 3963 440 4016 qur
457 3947 495 4001 P·
599 3947 616 4001 5
640 3962 691 4017 ago
718 3946 754 4001 θ’
858 3947 875 4001 6
899 3946 1066 4017 plenitudino
1092 3945 1129 4001 θ’

67 4032 206 4102 iqunts
230 4032 266 4086 θ’
375 4033 392 4087 9
415 4033 502 4087 mains
525 4032 567 4089 Gn
670 4034 723 4104 ost]
749 4033 793 4089 ino
816 4033 844 4088 P
946 4033 995 4088 illu
1017 4048 1081 4101 argo
1105 4032 1133 4087 P

70 4118 99 4172 10
115 4117 199 4173 inerit
215 4118 346 4175 DGPTo
439 4117 549 4174 uidetur
566 4121 602 4174 θ’
700 4121 731 4175 11
751 4117 848 4173 stoichi
866 4118 943 4174 ΜΨ
1038 4118 1201 4187 sapientiam

69 4203 104 4258 P*
189 4204 224 4259 12
241 4204 314 4258 ines
327 4203 458 4259 1201>st
543 4206 574 4264 13
591 4210 740 4286 proiectum
760 4206 798 4261 P¹
886 4205 918 4260 11
937 4205 1058 4259 sltumo
1145 4202 1200 4271 psl·

70 4306 110 4344 ιο
131 4292 176 4345 uei
199 4290 286 4358 digito
309 4295 370 4357 (ona
393 4293 485 4353 mum)
514 4291 539 4346 Τ
639 4301 673 4362 19
701 4291 842 4365 surgentis
869 4292 897 4347 P
999 4289 1033 4343 22
1059 4291 1145 4344 totam
1176 4287 1202 4343 0

71 4375 134 4432 Pro
212 4375 346 4432 thallum
357 4373 507 4430 D¹0P¹To
585 4399 620 4459 26
633 4383 805 4468 ,apientiam
817 4378 947 4437 norro
1028 4374 1202 4432 adcommoda

71 4459 190 4518 mora
293 4459 326 4514 ar
343 4459 633 4562 necessarimm
