2760 4814
212 331 273 406 158
696 334 860 407 Eugippii

207 527 376 605 intulisset,
399 542 462 593 non
486 532 533 594 est
555 526 681 611 quidem
702 526 789 594 dolor
811 525 873 592 iste
895 525 1086 611 culpandssr
1114 526 1232 591 ueritas
1253 528 1341 593 enim

207 632 325 706 deberit.
352 649 415 698 non
445 631 568 698 falsitas
595 629 711 714 pellere
738 629 928 714 salutatem
960 647 1033 697 nam
1061 629 1121 694 heo
1143 634 1266 695 matare
1289 632 1342 696 est

207 732 337 811 malum,
360 752 421 800 non
444 736 573 801 enitare.
611 753 720 800 nerum
745 737 850 799 mmm
877 732 951 815 quia
972 732 1011 798 de
1032 733 1101 816 ipso
1123 732 1190 810 deo,
1213 741 1340 800 orestu-

206 856 311 905 rarum
345 838 486 905 omnium
520 837 687 916 conditore,
722 837 780 903 hoc
806 838 856 902 est
882 839 920 902 de
946 837 1016 919 ipsa
1044 841 1206 903 coaeterna
1234 838 1267 903 et
1288 838 1341 902 in·

208 942 425 1009 commutabili
452 942 596 1008 trinitate
618 942 658 1007 ab
680 941 725 1006 eis
748 942 801 1026 qui
822 940 864 1006 ad
887 957 942 1005 nos
964 940 1060 1006 libros
1083 939 1228 1023 origenis
1251 942 1341 1007 sttu·
1362 963 1377 1008 s

207 1044 311 1111 lerant
343 1045 378 1111 id
410 1045 565 1112 traditum
597 1062 665 1111 esse
696 1061 920 1109 commemoras
960 1046 1040 1126 qnod
1074 1043 1191 1110 ueritas
1228 1045 1341 1130 habet3

207 1153 315 1214 contra
346 1166 441 1232 qnam
473 1147 641 1214 ueritatem
674 1145 892 1213 Priscillianus
925 1145 1140 1213 Sabelliannm
1173 1148 1342 1231 antiquum

206 1254 322 1336 dogma
331 1254 518 1319 restituit-
527 1251 573 1318 ibi
588 1253 655 1335 ipse
668 1255 768 1335 pater,
778 1249 835 1335 qni
848 1249 942 1332 filins,
959 1251 1014 1334 qni
1028 1255 1060 1316 et
1071 1251 1201 1334 spiritns
1211 1254 1341 1318 nnotns

206 1355 386 1437 perhibetur
407 1390 451 1404 -
472 1355 531 1421 hoo
552 1354 612 1420 iste
635 1354 729 1439 peior,
761 1357 842 1438 qued
866 1354 962 1420 etiam
985 1357 1022 1421 da
1044 1354 1149 1420 anima
1171 1355 1279 1439 sentit,
1302 1357 1340 1422 nt

207 1474 270 1523 non
303 1475 372 1525 eam
403 1458 561 1542 propriam
595 1458 675 1524 nolit
707 1458 821 1523 habere
854 1460 1011 1544 usturam,
1045 1457 1100 1525 sed
1129 1459 1167 1523 de
1188 1457 1257 1543 ipsc
1279 1458 1374 1526 deors

207 1563 369 1647 nmquam
403 1561 591 1646 particulam
623 1559 757 1627 defluere
791 1564 823 1626 et
856 1563 924 1628 tam
963 1561 1145 1628 deformiter
1181 1559 1340 1646 inquinari

206 1667 300 1748 atquc
321 1664 355 1730 iu
377 1662 515 1729 deterius
530 1664 717 1731 commutari
733 1682 805 1730 cnm
820 1663 1013 1731 Manichaeis
1029 1665 1142 1731 audeat
1163 1663 1338 1734 affirmare:

207 1782 269 1832 non
290 1783 404 1850 parum
426 1763 501 1831 boni
523 1785 560 1832 ex
581 1765 671 1833 libris
692 1766 759 1834 illis
780 1768 941 1851 prouincia
962 1769 1067 1834 uestra
1087 1769 1225 1853 percepit
1245 1768 1279 1836 in
1297 1789 1341 1838 rea

207 1886 241 1935 re
262 1869 405 1949 mamma,
427 1869 460 1935 in
482 1887 545 1955 qua
566 1867 744 1954 capitaliter
761 1875 898 1937 erratur:
922 1872 961 1937 de
978 1874 1114 1938 creatore
1130 1873 1254 1956 quippe.
1276 1891 1339 1940 non

208 1970 247 2037 de
270 1977 412 2039 meatnra
433 1973 501 2039 tam
523 1972 604 2041 falsu
625 1974 659 2038 et
680 1977 747 2041 mm
770 1972 889 2040 nefaria
910 1974 1099 2041 sentiuntur.
1129 1976 1196 2042 sine
1214 1993 1287 2060 ergo
1307 1978 1369 2048 iun

206 2073 288 2141 hanc
308 2074 402 2142 fidem
424 2077 478 2159 qni
500 2075 702 2144 denianarant
725 2076 865 2143 restituti
894 2078 970 2143 suut
996 2077 1065 2144 siue
1093 2077 1148 2163 qni
1169 2097 1238 2145 eam
1261 2098 1341 2146 non-

207 2184 282 2250 dum
304 2184 456 2247 nouerant
477 2181 605 2248 illarmn
627 2179 879 2262 disputationum
907 2180 1042 2247 lectione
1064 2181 1251 2261 didicerunt,
1281 2182 1365 2250 hoc.

206 2303 241 2352 sc
261 2285 420 2371 gaudeant
441 2284 591 2352 didicisse
613 2287 693 2369 qnod
716 2301 829 2351 sanum
858 2287 916 2351 est.
953 2286 1034 2368 quod
1057 2289 1163 2352 autam
1185 2289 1218 2350 et
1239 2286 1273 2354 in
1295 2285 1341 2353 eie

207 2389 321 2456 erroris
343 2392 393 2454 est
414 2405 605 2473 quamquam
630 2389 663 2454 te
677 2389 857 2471 cognouisse
871 2387 935 2454 ianr
951 2388 1086 2471 uideam,
1108 2391 1213 2455 manen
1229 2406 1339 2472 qnem-

206 2491 374 2559 admodum
404 2495 510 2558 centra
538 2491 617 2557 talia
647 2489 818 2556 dissemtur
846 2488 893 2555 ibi
922 2489 1035 2557 melius
1065 2490 1183 2558 discere
1197 2494 1365 2576 paterius

206 2594 260 2661 ubi
293 2612 379 2659 error
411 2593 478 2677 ipse
509 2597 542 2660 et
574 2594 651 2661 olim
683 2596 808 2660 exortus
842 2597 890 2660 est
923 2598 956 2660 et
983 2612 1047 2660 non
1076 2593 1152 2662 olim
1183 2597 1339 2682 proditus.

249 2695 410 2774 Quantum
432 2715 557 2781 possum
580 2701 686 2764 umen
709 2696 807 2762 etiam
824 2716 882 2782 ego
900 2714 1078 2764 commoneo
1102 2701 1138 2765 ut
1160 2698 1199 2764 de
1220 2698 1338 2768 diaboli

206 2801 448 2884 angelorumque
471 2803 537 2865 eius
559 2799 752 2893 correptione
770 2804 802 2867 et
824 2799 857 2866 in
879 2801 1049 2883 pristinum
1072 2804 1192 2867 statum
1214 2820 1340 2888 repara·

207 2901 292 2968 tione
321 2921 429 2988 sapere
457 2902 538 2969 nihil
561 2905 690 2980 audeas;
720 2923 781 2969 non
804 2905 878 2987 quia
900 2904 1023 2971 diabolo
1041 2909 1073 2970 et
1095 2906 1267 2973 daemoniis
1288 2907 1338 2972 in·

207 3005 350 3073 uidemus
380 3010 412 3073 et
440 3025 474 3072 eo
497 3008 588 3073 modo
618 3009 708 3092 quasi
737 3010 838 3074 uicem
866 3009 1099 3076 malinclentiae
1129 3009 1361 3094 rependimus

209 3127 278 3177 cum
302 3108 351 3175 illi
373 3129 434 3176 non
456 3110 496 3177 ob
519 3111 606 3176 aliud
633 3111 694 3177 nisi
725 3111 915 3179 incidentiae
936 3112 1074 3178 stimulis
1097 3111 1210 3197 agitati
1232 3117 1340 3181 uestra

208 3213 325 3280 itinera
356 3214 472 3297 quibus
504 3215 537 3280 in
567 3214 659 3281 deum
690 3215 848 3282 tendimus
875 3217 1056 3300 perturbare
1084 3221 1251 3294 nonentnr;
1283 3218 1340 3283 aed

206 3316 281 3399 quia
303 3315 433 3384 ultimae
455 3319 630 3385 sententiae
653 3318 768 3385 summi
785 3320 818 3386 et
840 3320 1033 3386 ueracissimi
1052 3319 1163 3386 iudicis
1179 3339 1216 3386 ex
1229 3323 1340 3386 nostra

206 3419 437 3502 praesumtione
465 3419 545 3487 nihil
574 3420 687 3487 addere
714 3419 871 3488 debemus.
909 3427 974 3505 ipse
1008 3424 1151 3490 enimse
1180 3423 1339 3490 similibus

257 3708 374 3762 tanos
394 3709 429 3774 Ti
456 3709 556 3764 duoso
642 3710 799 3765 adtulerunt
817 3712 855 3766 P¹
948 3710 1198 3781 lpriacillannsT
1283 3714 1340 3781 pri-

207 3800 345 3856 scillianus
362 3800 375 3856 l
391 3800 555 3857 sabellianus
572 3802 752 3872 Pllcm)
841 3804 1004 3860 sibim:
1028 3803 1156 3860 nbiPTo
1241 3805 1340 3878 thos]

206 3896 236 3952 iu
254 3895 337 3952 hoco
362 3896 412 3950 hoc
429 3899 470 3950 eat
489 3897 516 3951 P
600 3914 653 3968 quo
666 3900 710 3955 Po
795 3899 888 3971 sentit]
901 3899 1119 3957 itsseutitPTc
1204 3899 1239 3956 10
1256 3901 1342 3958 uellet

206 3991 251 4047 Po
337 3989 369 4044 12
386 3992 426 4061 in]
441 3991 503 4046 inde
523 3992 549 4046 T
632 3994 777 4050 manicheis
793 3994 861 4051 Pru
883 3995 1055 4050 manichaeus
1071 3993 1139 4052 MV
1222 3995 1256 4051 13
1273 3997 1340 4067 non]

206 4100 272 4140 num
290 4085 328 4140 Ρ·
428 4087 462 4142 14
479 4087 663 4158 capitulariter
679 4105 696 4145 o
790 4091 826 4146 22
843 4091 875 4144 de
893 4105 943 4146 osu
962 4089 999 4146 Μ
1002 4089 1028 4145 V
1120 4089 1156 4146 23
1173 4091 1342 4160 corruptions

206 4176 281 4235 HV:
305 4181 466 4235 correctione
483 4181 554 4238 Pau
639 4181 674 4238 24
691 4183 865 4238 daemonibus
882 4183 950 4239 Pru
1034 4185 1070 4241 25
1087 4183 1128 4256 eo]
1145 4183 1176 4239 in
1190 4200 1227 4240 so
1244 4184 1274 4241 Ρ

206 4272 264 4327 nice
281 4274 485 4330 malenolentiaa
503 4275 532 4330 P
631 4277 666 4332 29
683 4276 896 4348 praesumptions
914 4278 983 4334 Pru
