2760 4814
189 358 354 427 Excerpta
371 373 408 410 er
426 373 495 427 opp.
513 358 540 411 S.
558 357 745 426 Augustini
766 355 905 412 CCLXVI.
924 356 1078 412 cctxvll.
1133 358 1196 425 855

63 548 107 613 ad
137 549 334 614 dilectionem
363 549 412 613 dei
446 549 478 614 et
510 546 642 631 proximi
664 547 933 631 cognitionemque
959 547 1116 630 proficere.
1155 549 1194 613 de

64 653 180 736 quibus
194 651 339 719 omnibus
354 652 456 735 primo
471 650 552 716 libro
564 652 685 716 dictum
697 656 753 715 est.
770 649 981 733 sedquoniam
997 649 1132 732 procliue
1147 656 1193 715 est

63 756 239 823 humanum
268 773 366 839 genus
390 774 451 821 non
474 773 510 819 ex
531 755 698 819 momentis
720 754 819 837 ipsius
841 753 991 834 libidinis,
1014 754 1067 817 sed
1089 754 1193 835 potius

64 878 142 925 suae
165 860 398 925 consuetudinis
416 860 578 923 aestimare
593 861 729 938 peccata,
753 856 789 921 lit
804 857 995 939 plerumque,
1013 856 1194 939 utquisque

40 964 227 1028 shominum
255 981 291 1028 ea
318 965 444 1026 tantum
467 961 620 1043 culpanda
642 960 818 1037 arbitretur,
851 978 929 1042 quae
958 977 1030 1024 snae
1059 960 1193 1042 regionis

63 1071 97 1132 et
124 1065 274 1148 temporis
303 1065 443 1130 homines
466 1064 646 1147 uituperare
669 1068 762 1145 atque
785 1063 934 1128 damnare
956 1067 1192 1139 consueuerant,

62 1173 96 1236 et
114 1187 149 1233 ea
163 1173 289 1234 tantum
312 1168 470 1251 probanda
492 1171 585 1250 atque
608 1168 771 1249 laudanda,
788 1186 868 1251 quae
882 1168 1070 1233 consuetudo
1085 1184 1191 1230 eorum

62 1291 136 1336 cum
154 1272 267 1354 quibus
282 1271 365 1336 uiuit
381 1270 533 1346 admittit,
556 1289 652 1352 eoque
668 1273 831 1354 contingit,
847 1275 893 1346 ut,
908 1269 935 1334 si
949 1270 1024 1352 quid
1038 1268 1193 1350 scriptura

61 1376 116 1440 uel
138 1376 329 1458 praeceperit
352 1375 435 1457 quod
456 1375 633 1440 abhorreret
657 1394 676 1441 a
697 1375 916 1441 consuetudine
930 1373 1126 1438 audientium
1141 1370 1191 1435 uel

23 1479 145 1562 eoquod
174 1498 236 1543 non
258 1479 435 1544 abhorreret
459 1478 643 1561 culpauerit,
670 1480 698 1544 si
721 1481 861 1544 animum
883 1496 989 1543 eorum
1010 1476 1074 1542 iam
1103 1474 1191 1539 uerbi

60 1582 164 1646 uinxit
182 1583 360 1661 auctoritas,
376 1581 543 1665 figuratam
558 1582 746 1648 locutionem
761 1586 883 1665 putent.
905 1599 969 1646 non
983 1586 1088 1647 autem
1102 1597 1191 1662 prae-

61 1685 140 1766 cipit
169 1686 324 1766 scriptura
350 1684 411 1749 nisi
439 1684 604 1750 caritatem
631 1705 688 1751 nec
717 1686 823 1767 culpat
849 1685 910 1750 nisi
933 1685 1138 1766 cupiditatem
1159 1685 1190 1746 et

61 1806 97 1852 eo
126 1787 218 1852 modo
246 1787 392 1852 informat
415 1806 514 1853 mores
536 1789 708 1854 hominum.
753 1788 831 1854 item
853 1788 880 1853 si
903 1788 1043 1853 animum
1064 1804 1191 1870 praeoc-

61 1890 190 1974 cupauit
213 1890 344 1955 alieuius
367 1890 479 1955 erroris
501 1892 613 1976 opinio,
629 1891 779 1974 quidquid
801 1891 894 1956 aliter
911 1891 1076 1957 asseruerit
1093 1888 1189 1971 scrip-

26 1998 144 2069 satura,
178 1992 347 2076 figuratum
375 1995 515 2058 homines
543 1994 743 2059 arbitrentur.
782 2011 843 2059 non
870 1997 976 2058 autem
997 1993 1107 2057 asserit
1130 1991 1191 2057 nisi

60 2096 246 2161 catholicam
275 2095 367 2162 fidem
395 2096 487 2160 rebus
513 2096 688 2178 praeteritis
711 2100 742 2161 et
770 2094 884 2161 futuris
908 2100 939 2159 et
960 2094 1189 2178 praesentibus:

59 2200 300 2282 praeteritorum
311 2199 448 2263 narratio
461 2202 518 2276 est,
534 2199 709 2263 futurorum
723 2197 962 2282 praenuntiatio,
978 2198 1189 2281 praesentium

59 2301 294 2368 demonstratio.
328 2302 381 2366 sed
399 2303 504 2367 omnia
518 2302 594 2367 haec
610 2303 649 2367 ad
665 2303 795 2367 eandem
811 2302 974 2366 caritatem
990 2302 1189 2367 nutriendam

60 2410 155 2487 atque
177 2404 382 2470 roborandam
406 2408 436 2469 et
461 2404 665 2487 cupiditatem
687 2405 872 2470 uincendum
894 2408 986 2488 atque
1004 2404 1188 2489 extinguen-

23 2508 134 2575 sodam
155 2507 271 2572 ualent.
305 2509 469 2574 caritatem
491 2526 566 2573 uoco
589 2510 710 2574 motum
732 2507 829 2574 animi
847 2509 886 2573 ad
910 2509 1074 2574 fruendum
1096 2508 1188 2573 deum

58 2614 185 2694 propter
199 2611 303 2693 ipsum
318 2616 349 2675 et
365 2631 397 2676 se
413 2614 506 2694 atque
521 2610 696 2693 proximum
711 2616 836 2695 propter
851 2613 961 2695 deum;
984 2612 1187 2694 cupiditatem

58 2716 165 2779 autem
188 2717 309 2778 motum
331 2714 429 2778 animi
450 2714 490 2779 ad
522 2715 688 2780 fruendum
711 2734 743 2780 se
774 2720 804 2779 et
834 2716 972 2797 proximo
996 2719 1026 2780 et
1049 2715 1187 2797 quolibet

57 2834 186 2900 corpore
201 2834 261 2881 non
277 2821 404 2899 propter
420 2817 520 2882 deum.
557 2819 639 2900 qnod
655 2823 760 2882 antem
783 2820 848 2902 agit
864 2817 1016 2884 indomita
1031 2818 1187 2902 cupiditas

57 2919 98 2985 ad
121 2923 381 3003 corrumpendum
403 2923 543 2985 animum
566 2927 597 2986 et
621 2939 730 3003 corpus
745 2940 847 3001 suum,
870 2920 1026 3006 flagitium
1041 2922 1185 2993 uocatum

26 3023 141 3106 sqnod
173 3026 277 3088 autem
301 3025 377 3106 agit,
414 3027 449 3089 ut
478 3025 569 3089 alteri
596 3029 714 3107 noceat,
744 3024 865 3091 facinus
893 3024 1017 3091 dicitur.
1055 3030 1086 3091 et
1109 3025 1186 3089 haec

56 3131 132 3191 sunt
156 3126 217 3191 duo
239 3145 353 3210 genera
375 3128 514 3191 omnium
537 3129 744 3209 peccatorum,
767 3130 819 3193 sed
841 3126 963 3211 flagitia
980 3127 1084 3212 priora
1102 3131 1185 3193 sunt.

56 3248 138 3313 quac
160 3248 230 3294 cnm
254 3231 482 3296 exinaniuerint
497 3232 638 3296 animum
655 3235 686 3296 et
702 3232 741 3297 ad
756 3232 913 3314 quandam
929 3234 1101 3315 egestatem
1115 3250 1186 3315 per-

56 3332 212 3412 duxerint,
228 3332 259 3398 in
271 3335 406 3399 facinora
418 3334 588 3416 prosilitur,
604 3335 717 3417 quibus
729 3340 949 3401 remoneantur
963 3334 1186 3417 impedimenta

55 3436 247 3519 flagitiorum
271 3441 325 3501 ant
347 3437 528 3502 adiumenta
550 3443 746 3518 quaerantur.
779 3438 857 3503 item
879 3440 959 3521 qnod
982 3437 1050 3520 agit
1072 3439 1184 3503 caritas

19 3556 117 3621 aquo
136 3538 198 3602 sibi
212 3538 322 3621 prosit,
339 3539 460 3604 utilitas
475 3546 540 3622 est;
563 3543 644 3622 quod
658 3546 764 3606 autem
778 3540 853 3626 agit,
870 3545 905 3606 ut
921 3540 1018 3624 prosit
1033 3541 1183 3622 proximo,

108 3794 122 3847 1
148 3792 181 3846 de
198 3794 366 3863 quibus-p.
384 3796 444 3862 856,
460 3798 478 3850 3
496 3798 572 3850 muto
590 3796 713 3850 caritatis
731 3799 845 3865 augetur
869 3797 906 3851 Μ
908 3795 944 3849 V:
973 3811 1023 3850 om.
1047 3796 1116 3851 01²0

53 3878 208 3948 bregionis
225 3896 257 3933 o:
284 3881 424 3950 religionis
436 3882 499 3935 MV
583 3882 687 3936 9aV:
715 3899 745 3936 aa
760 3883 919 3950 (brualdi
1002 3883 1033 3936 ll
1052 3883 1183 3952 praecipit

58 3965 97 4018 V:
123 3966 307 4034 praecepitii!
393 3969 426 4022 15
437 3969 603 4023 arbitrentur
616 3968 651 4024 V:
679 3967 844 4023 arbitrantur
855 3968 892 4022 Μ
896 3969 931 4037 (i)
1016 3969 1051 4023 22
1062 3970 1181 4038 proximo

53 4100 85 4139 ιι
116 4086 267 4155 proximum
291 4087 356 4142 mv
456 4089 490 4142 ar
513 4055 622 4157 sagium
646 4090 680 4157 (ιι
702 4088 768 4143 aaa.
786 4106 821 4143 m.
840 4094 867 4155 1)
889 4091 924 4144 nr
1026 4090 1061 4144 as
1083 4090 1181 4145 uorem

57 4204 92 4260 V:
121 4219 171 4258 aaa
189 4204 226 4257 rr
317 4204 351 4259 ae
368 4202 487 4261 omarum
504 4207 539 4260 V:
566 4224 616 4262 aa.
634 4208 671 4262 M
763 4174 840 4263 sica
858 4212 897 4279 (gr
909 4209 1061 4273 asama
1079 4211 1114 4264 n

53 4293 144 4361 priora
166 4290 201 4345 V:
230 4294 321 4361 peiora
338 4294 373 4346 Μ
