<?xml version="1.0" encoding="UTF-8"?>
<!DOCTYPE html PUBLIC "-//W3C//DTD XHTML 1.0 Transitional//EN"
    "http://www.w3.org/TR/xhtml1/DTD/xhtml1-transitional.dtd">
<html xmlns="http://www.w3.org/1999/xhtml" xml:lang="en" lang="en">
 <head>
  <title>
</title>
<meta http-equiv="Content-Type" content="text/html;charset=utf-8" />
  <meta name='ocr-system' content='tesseract 3.04.00' />
  <meta name='ocr-capabilities' content='ocr_page ocr_carea ocr_par ocr_line ocrx_word'/>
</head>
<body>
  <div class='ocr_page' id='page_1' title='image "./evgippiiexcerpt00kngoog/evgippiiexcerpt00kngoog_1100.png"; bbox 0 0 2760 4814; ppageno 0'>
   <div class='ocr_carea' id='block_1_1' title="bbox 253 335 1283 407">
    <p class='ocr_par' dir='ltr' id='par_1_1' title="bbox 253 335 1283 407">
     <span class='ocr_line' id='line_1_1' title="bbox 253 335 1283 407; baseline 0.007 -18"><span class='ocrx_word' id='word_1_1' title='bbox 253 335 420 405; x_wconf 74' lang='lat' dir='ltr'>Excerpta</span> <span class='ocrx_word' id='word_1_2' title='bbox 437 350 473 391; x_wconf 83' lang='lat' dir='ltr'>ex</span> <span class='ocrx_word' id='word_1_3' title='bbox 489 352 559 407; x_wconf 90' lang='lat' dir='ltr'>opp.</span> <span class='ocrx_word' id='word_1_4' title='bbox 577 336 603 390; x_wconf 84' lang='lat' dir='ltr'>S.</span> <span class='ocrx_word' id='word_1_5' title='bbox 615 338 696 407; x_wconf 76' lang='lat' dir='ltr'>Aug.</span> <span class='ocrx_word' id='word_1_6' title='bbox 713 336 934 393; x_wconf 81' lang='lat' dir='ltr'>cccxxxvm.</span> <span class='ocrx_word' id='word_1_7' title='bbox 946 337 1180 395; x_wconf 82' lang='lat' dir='ltr'>cccxxxvlm.</span> <span class='ocrx_word' id='word_1_8' title='bbox 1200 340 1283 407; x_wconf 80' lang='grc'><strong>1077</strong></span> 
     </span>
    </p>
   </div>
   <div class='ocr_carea' id='block_1_2' title="bbox 95 523 1311 3503">
    <p class='ocr_par' dir='ltr' id='par_1_2' title="bbox 95 523 1311 3503">
     <span class='ocr_line' id='line_1_2' title="bbox 146 523 1281 612; baseline 0.004 -21"><span class='ocrx_word' id='word_1_9' title='bbox 146 543 187 591; x_wconf 86' lang='lat' dir='ltr'>ac</span> <span class='ocrx_word' id='word_1_10' title='bbox 209 523 320 592; x_wconf 89' lang='lat' dir='ltr'>deinde</span> <span class='ocrx_word' id='word_1_11' title='bbox 342 525 475 592; x_wconf 86' lang='lat' dir='ltr'>subiecit</span> <span class='ocrx_word' id='word_1_12' title='bbox 490 526 618 608; x_wconf 86' lang='lat' dir='ltr'>peccata</span> <span class='ocrx_word' id='word_1_13' title='bbox 632 525 806 609; x_wconf 78' lang='lat' dir='ltr'>superbiae,</span> <span class='ocrx_word' id='word_1_14' title='bbox 830 544 902 591; x_wconf 84' lang='lat' dir='ltr'>cum</span> <span class='ocrx_word' id='word_1_15' title='bbox 917 527 1048 610; x_wconf 89' lang='lat' dir='ltr'>quisque</span> <span class='ocrx_word' id='word_1_16' title='bbox 1065 529 1281 612; x_wconf 89' lang='lat' dir='ltr'>superbiendo,</span> 
     </span>
     <span class='ocr_line' id='line_1_3' title="bbox 146 628 1281 715; baseline 0.003 -21"><span class='ocrx_word' id='word_1_17' title='bbox 146 629 252 695; x_wconf 88' lang='lat' dir='ltr'>idest</span> <span class='ocrx_word' id='word_1_18' title='bbox 280 630 484 712; x_wconf 85' lang='lat' dir='ltr'>praeceptum</span> <span class='ocrx_word' id='word_1_19' title='bbox 514 630 739 695; x_wconf 81' lang='lat' dir='ltr'>contemnendo</span> <span class='ocrx_word' id='word_1_20' title='bbox 772 647 935 713; x_wconf 81' lang='lat' dir='ltr'>perperam</span> <span class='ocrx_word' id='word_1_21' title='bbox 959 628 1043 696; x_wconf 86' lang='lat' dir='ltr'>facit.</span> <span class='ocrx_word' id='word_1_22' title='bbox 1080 633 1161 715; x_wconf 89' lang='lat' dir='ltr'>quod</span> <span class='ocrx_word' id='word_1_23' title='bbox 1183 650 1281 714; x_wconf 82' lang='lat' dir='ltr'>genus</span> 
     </span>
     <span class='ocr_line' id='line_1_4' title="bbox 145 731 1280 818; baseline 0.004 -22"><span class='ocrx_word' id='word_1_24' title='bbox 145 732 268 817; x_wconf 88' lang='lat' dir='ltr'>peceati</span> <span class='ocrx_word' id='word_1_25' title='bbox 290 751 353 797; x_wconf 90' lang='lat' dir='ltr'>nou</span> <span class='ocrx_word' id='word_1_26' title='bbox 375 732 454 798; x_wconf 82' lang='lat' dir='ltr'>dixit</span> <span class='ocrx_word' id='word_1_27' title='bbox 476 731 541 798; x_wconf 93' lang='lat' dir='ltr'>ullo</span> <span class='ocrx_word' id='word_1_28' title='bbox 564 750 678 816; x_wconf 84' lang='lat' dir='ltr'>genere</span> <span class='ocrx_word' id='word_1_29' title='bbox 699 732 848 799; x_wconf 88' lang='lat' dir='ltr'>sacrificii</span> <span class='ocrx_word' id='word_1_30' title='bbox 870 733 998 818; x_wconf 83' lang='lat' dir='ltr'>purgari</span> <span class='ocrx_word' id='word_1_31' title='bbox 1021 737 1173 818; x_wconf 88' lang='lat' dir='ltr'>oportere,</span> <span class='ocrx_word' id='word_1_32' title='bbox 1197 740 1280 801; x_wconf 88' lang='lat' dir='ltr'>tam·</span> 
     </span>
     <span class='ocr_line' id='line_1_5' title="bbox 145 834 1280 923; baseline 0.004 -22"><span class='ocrx_word' id='word_1_33' title='bbox 145 852 242 919; x_wconf 88' lang='lat' dir='ltr'>quam</span> <span class='ocrx_word' id='word_1_34' title='bbox 270 834 443 901; x_wconf 78' lang='lat' dir='ltr'>insanabile</span> <span class='ocrx_word' id='word_1_35' title='bbox 471 834 612 902; x_wconf 91' lang='lat' dir='ltr'>iudicans</span> <span class='ocrx_word' id='word_1_36' title='bbox 640 834 699 899; x_wconf 85' lang='lat' dir='ltr'>illa</span> <span class='ocrx_word' id='word_1_37' title='bbox 725 837 888 901; x_wconf 77' lang='lat' dir='ltr'><strong>dumtaxat</strong></span> <span class='ocrx_word' id='word_1_38' title='bbox 914 836 1084 916; x_wconf 91' lang='lat' dir='ltr'>curatione,</span> <span class='ocrx_word' id='word_1_39' title='bbox 1117 857 1195 922; x_wconf 90' lang='lat' dir='ltr'>quae</span> <span class='ocrx_word' id='word_1_40' title='bbox 1226 860 1280 923; x_wconf 86' lang='lat' dir='ltr'>per</span> 
     </span>
     <span class='ocr_line' id='line_1_6' title="bbox 120 936 1279 1027; baseline 0.002 -20"><span class='ocrx_word' id='word_1_41' title='bbox 120 936 300 1007; x_wconf 73' lang='lat' dir='ltr'>esamifioia</span> <span class='ocrx_word' id='word_1_42' title='bbox 326 940 503 1022; x_wconf 83' lang='lat' dir='ltr'>gerebatur,</span> <span class='ocrx_word' id='word_1_43' title='bbox 532 940 638 1023; x_wconf 87' lang='lat' dir='ltr'>qualia</span> <span class='ocrx_word' id='word_1_44' title='bbox 666 939 808 1005; x_wconf 80' lang='lat' dir='ltr'>facienda</span> <span class='ocrx_word' id='word_1_45' title='bbox 837 940 870 1004; x_wconf 94' lang='lat' dir='ltr'>in</span> <span class='ocrx_word' id='word_1_46' title='bbox 896 939 956 1005; x_wconf 86' lang='lat' dir='ltr'>hac</span> <span class='ocrx_word' id='word_1_47' title='bbox 978 940 1135 1025; x_wconf 88' lang='lat' dir='ltr'>scriptura</span> <span class='ocrx_word' id='word_1_48' title='bbox 1155 945 1279 1027; x_wconf 87' lang='lat' dir='ltr'>praeci·</span> 
     </span>
     <span class='ocr_line' id='line_1_7' title="bbox 143 1040 1279 1128; baseline 0.007 -23"><span class='ocrx_word' id='word_1_49' title='bbox 143 1040 285 1127; x_wconf 88' lang='lat' dir='ltr'>piuntur.</span> <span class='ocrx_word' id='word_1_50' title='bbox 324 1062 402 1126; x_wconf 87' lang='lat' dir='ltr'>qnae</span> <span class='ocrx_word' id='word_1_51' title='bbox 423 1043 452 1109; x_wconf 90' lang='lat' dir='ltr'>si</span> <span class='ocrx_word' id='word_1_52' title='bbox 473 1063 529 1126; x_wconf 90' lang='lat' dir='ltr'>per</span> <span class='ocrx_word' id='word_1_53' title='bbox 551 1062 584 1109; x_wconf 93' lang='lat' dir='ltr'>se</span> <span class='ocrx_word' id='word_1_54' title='bbox 599 1045 666 1127; x_wconf 89' lang='lat' dir='ltr'>ipsa</span> <span class='ocrx_word' id='word_1_55' title='bbox 681 1044 896 1119; x_wconf 87' lang='lat' dir='ltr'>attendantur,</span> <span class='ocrx_word' id='word_1_56' title='bbox 911 1045 991 1109; x_wconf 92' lang='lat' dir='ltr'>nulli</span> <span class='ocrx_word' id='word_1_57' title='bbox 1007 1046 1132 1128; x_wconf 87' lang='lat' dir='ltr'>peccato</span> <span class='ocrx_word' id='word_1_58' title='bbox 1148 1048 1279 1128; x_wconf 89' lang='lat' dir='ltr'>possunt</span> 
     </span>
     <span class='ocr_line' id='line_1_8' title="bbox 144 1146 1278 1231; baseline 0.004 -20"><span class='ocrx_word' id='word_1_59' title='bbox 144 1146 281 1224; x_wconf 87' lang='lat' dir='ltr'>mederi;</span> <span class='ocrx_word' id='word_1_60' title='bbox 311 1147 338 1211; x_wconf 91' lang='lat' dir='ltr'>si</span> <span class='ocrx_word' id='word_1_61' title='bbox 364 1152 472 1212; x_wconf 90' lang='lat' dir='ltr'>autem</span> <span class='ocrx_word' id='word_1_62' title='bbox 499 1165 550 1213; x_wconf 88' lang='lat' dir='ltr'>res</span> <span class='ocrx_word' id='word_1_63' title='bbox 577 1148 671 1231; x_wconf 80' lang='lat' dir='ltr'>ipsae,</span> <span class='ocrx_word' id='word_1_64' title='bbox 700 1165 832 1230; x_wconf 88' lang='lat' dir='ltr'>quarum</span> <span class='ocrx_word' id='word_1_65' title='bbox 866 1147 943 1211; x_wconf 91' lang='lat' dir='ltr'>haec</span> <span class='ocrx_word' id='word_1_66' title='bbox 976 1148 1173 1214; x_wconf 87' lang='lat' dir='ltr'>sacramenta</span> <span class='ocrx_word' id='word_1_67' title='bbox 1195 1154 1278 1229; x_wconf 90' lang='lat' dir='ltr'>sunt,</span> 
     </span>
     <span class='ocr_line' id='line_1_9' title="bbox 144 1247 1274 1335; baseline 0.005 -23"><span class='ocrx_word' id='word_1_68' title='bbox 144 1247 357 1330; x_wconf 90' lang='lat' dir='ltr'>inquirantur,</span> <span class='ocrx_word' id='word_1_69' title='bbox 400 1250 433 1316; x_wconf 94' lang='lat' dir='ltr'>in</span> <span class='ocrx_word' id='word_1_70' title='bbox 470 1250 514 1316; x_wconf 90' lang='lat' dir='ltr'>eis</span> <span class='ocrx_word' id='word_1_71' title='bbox 549 1250 686 1317; x_wconf 90' lang='lat' dir='ltr'>inueniri</span> <span class='ocrx_word' id='word_1_72' title='bbox 727 1252 842 1332; x_wconf 88' lang='lat' dir='ltr'>poterit</span> <span class='ocrx_word' id='word_1_73' title='bbox 878 1250 1024 1335; x_wconf 85' lang='lat' dir='ltr'>purgatio</span> <span class='ocrx_word' id='word_1_74' title='bbox 1062 1253 1274 1335; x_wconf 86' lang='lat' dir='ltr'>peccatorum.</span> 
     </span>
     <span class='ocr_line' id='line_1_10' title="bbox 145 1350 1277 1439; baseline 0.005 -24"><span class='ocrx_word' id='word_1_75' title='bbox 145 1350 230 1434; x_wconf 89' lang='lat' dir='ltr'>qnod</span> <span class='ocrx_word' id='word_1_76' title='bbox 257 1369 329 1435; x_wconf 83' lang='lat' dir='ltr'>ergo</span> <span class='ocrx_word' id='word_1_77' title='bbox 356 1354 509 1436; x_wconf 86' lang='lat' dir='ltr'>scriptum</span> <span class='ocrx_word' id='word_1_78' title='bbox 539 1356 606 1420; x_wconf 85' lang='lat' dir='ltr'>est:</span> <span class='ocrx_word' id='word_1_79' title='bbox 634 1356 822 1438; x_wconf 87' lang='lat' dir='ltr'>peccator</span> <span class='ocrx_word' id='word_1_80' title='bbox 844 1372 928 1419; x_wconf 92' lang='lat' dir='ltr'>cum</span> <span class='ocrx_word' id='word_1_81' title='bbox 951 1355 1110 1420; x_wconf 87' lang='lat' dir='ltr'>uenerit</span> <span class='ocrx_word' id='word_1_82' title='bbox 1132 1356 1170 1421; x_wconf 92' lang='lat' dir='ltr'>in</span> <span class='ocrx_word' id='word_1_83' title='bbox 1193 1376 1277 1439; x_wconf 92' lang='lat' dir='ltr'>pro·</span> 
     </span>
     <span class='ocr_line' id='line_1_11' title="bbox 108 1452 1311 1541; baseline 0.006 -24"><span class='ocrx_word' id='word_1_84' title='bbox 108 1452 308 1525; x_wconf 62' lang='lat' dir='ltr'>refundam</span> <span class='ocrx_word' id='word_1_85' title='bbox 330 1459 535 1541; x_wconf 90' lang='lat' dir='ltr'>malorum,</span> <span class='ocrx_word' id='word_1_86' title='bbox 559 1455 801 1534; x_wconf 83' lang='lat' dir='ltr'>contemnit,</span> <span class='ocrx_word' id='word_1_87' title='bbox 824 1457 885 1521; x_wconf 88' lang='lat' dir='ltr'>iste</span> <span class='ocrx_word' id='word_1_88' title='bbox 908 1457 1104 1539; x_wconf 85' lang='lat' dir='ltr'>significatus</span> <span class='ocrx_word' id='word_1_89' title='bbox 1120 1462 1167 1524; x_wconf 90' lang='lat' dir='ltr'>est</span> <span class='ocrx_word' id='word_1_90' title='bbox 1183 1478 1276 1541; x_wconf 90' lang='lat' dir='ltr'>quem</span> <span class='ocrx_word' id='word_1_91' title='bbox 1307 1478 1311 1485; x_wconf 92' lang='lat'><em>·</em></span> 
     </span>
     <span class='ocr_line' id='line_1_12' title="bbox 145 1556 1278 1644; baseline 0.008 -24"><span class='ocrx_word' id='word_1_92' title='bbox 145 1556 302 1639; x_wconf 86' lang='lat' dir='ltr'>scriptura</span> <span class='ocrx_word' id='word_1_93' title='bbox 323 1560 383 1626; x_wconf 87' lang='lat' dir='ltr'>hou</span> <span class='ocrx_word' id='word_1_94' title='bbox 405 1560 472 1626; x_wconf 88' lang='lat' dir='ltr'>loco</span> <span class='ocrx_word' id='word_1_95' title='bbox 491 1561 569 1625; x_wconf 86' lang='lat' dir='ltr'>dicit</span> <span class='ocrx_word' id='word_1_96' title='bbox 586 1563 626 1626; x_wconf 92' lang='lat' dir='ltr'>in</span> <span class='ocrx_word' id='word_1_97' title='bbox 644 1580 759 1626; x_wconf 91' lang='lat' dir='ltr'>manu</span> <span class='ocrx_word' id='word_1_98' title='bbox 776 1561 984 1643; x_wconf 87' lang='lat' dir='ltr'>superbiae</span> <span class='ocrx_word' id='word_1_99' title='bbox 999 1563 1186 1644; x_wconf 85' lang='lat' dir='ltr'>delinquere.</span> <span class='ocrx_word' id='word_1_100' title='bbox 1221 1563 1278 1629; x_wconf 90' lang='lat' dir='ltr'>hoc</span> 
     </span>
     <span class='ocr_line' id='line_1_13' title="bbox 144 1659 1277 1750; baseline 0.009 -27"><span class='ocrx_word' id='word_1_101' title='bbox 144 1659 245 1746; x_wconf 82' lang='lat' dir='ltr'>igitur</span> <span class='ocrx_word' id='word_1_102' title='bbox 266 1664 333 1729; x_wconf 86' lang='lat' dir='ltr'>sine</span> <span class='ocrx_word' id='word_1_103' title='bbox 355 1683 452 1747; x_wconf 92' lang='lat' dir='ltr'>poena</span> <span class='ocrx_word' id='word_1_104' title='bbox 475 1664 541 1729; x_wconf 91' lang='lat' dir='ltr'>eius</span> <span class='ocrx_word' id='word_1_105' title='bbox 564 1664 618 1748; x_wconf 88' lang='lat' dir='ltr'>qui</span> <span class='ocrx_word' id='word_1_106' title='bbox 642 1664 814 1731; x_wconf 88' lang='lat' dir='ltr'>committit</span> <span class='ocrx_word' id='word_1_107' title='bbox 836 1683 899 1730; x_wconf 92' lang='lat' dir='ltr'>non</span> <span class='ocrx_word' id='word_1_108' title='bbox 914 1668 1015 1746; x_wconf 90' lang='lat' dir='ltr'>potest</span> <span class='ocrx_word' id='word_1_109' title='bbox 1031 1664 1161 1746; x_wconf 84' lang='lat' dir='ltr'>aboleri,</span> <span class='ocrx_word' id='word_1_110' title='bbox 1183 1673 1277 1750; x_wconf 90' lang='lat' dir='ltr'>atque</span> 
     </span>
     <span class='ocr_line' id='line_1_14' title="bbox 144 1768 1276 1851; baseline 0.004 -19"><span class='ocrx_word' id='word_1_111' title='bbox 144 1768 213 1832; x_wconf 90' lang='lat' dir='ltr'>ideo</span> <span class='ocrx_word' id='word_1_112' title='bbox 241 1786 304 1832; x_wconf 93' lang='lat' dir='ltr'>nou</span> <span class='ocrx_word' id='word_1_113' title='bbox 333 1769 438 1850; x_wconf 86' lang='lat' dir='ltr'>potest</span> <span class='ocrx_word' id='word_1_114' title='bbox 466 1786 531 1833; x_wconf 89' lang='lat' dir='ltr'>esse</span> <span class='ocrx_word' id='word_1_115' title='bbox 558 1768 750 1851; x_wconf 90' lang='lat' dir='ltr'>impunitum</span> <span class='ocrx_word' id='word_1_116' title='bbox 780 1769 904 1834; x_wconf 88' lang='lat' dir='ltr'>etcum</span> <span class='ocrx_word' id='word_1_117' title='bbox 927 1769 1115 1851; x_wconf 89' lang='lat' dir='ltr'>paenitendo</span> <span class='ocrx_word' id='word_1_118' title='bbox 1138 1774 1276 1838; x_wconf 86' lang='lat' dir='ltr'>sanatur.</span> 
     </span>
     <span class='ocr_line' id='line_1_15' title="bbox 143 1871 1276 1957; baseline 0.003 -21"><span class='ocrx_word' id='word_1_119' title='bbox 143 1871 213 1953; x_wconf 88' lang='lat' dir='ltr'>ipsa</span> <span class='ocrx_word' id='word_1_120' title='bbox 246 1871 331 1936; x_wconf 93' lang='lat' dir='ltr'>enim</span> <span class='ocrx_word' id='word_1_121' title='bbox 366 1871 496 1936; x_wconf 79' lang='lat' dir='ltr'>afflietio</span> <span class='ocrx_word' id='word_1_122' title='bbox 529 1872 721 1953; x_wconf 88' lang='lat' dir='ltr'>paenitentis</span> <span class='ocrx_word' id='word_1_123' title='bbox 754 1889 852 1955; x_wconf 91' lang='lat' dir='ltr'>poena</span> <span class='ocrx_word' id='word_1_124' title='bbox 886 1872 1006 1957; x_wconf 89' lang='lat' dir='ltr'>peceati</span> <span class='ocrx_word' id='word_1_125' title='bbox 1039 1876 1096 1950; x_wconf 87' lang='lat' dir='ltr'>est,</span> <span class='ocrx_word' id='word_1_126' title='bbox 1130 1875 1276 1955; x_wconf 89' lang='lat' dir='ltr'>quamuis</span> 
     </span>
     <span class='ocr_line' id='line_1_16' title="bbox 111 1974 1277 2058; baseline -0.002 -15"><span class='ocrx_word' id='word_1_127' title='bbox 111 1974 342 2043; x_wconf 83' lang='lat' dir='ltr'>remediciualis</span> <span class='ocrx_word' id='word_1_128' title='bbox 380 1978 412 2038; x_wconf 88' lang='lat' dir='ltr'>et</span> <span class='ocrx_word' id='word_1_129' title='bbox 448 1975 593 2040; x_wconf 88' lang='lat' dir='ltr'>salubris.</span> <span class='ocrx_word' id='word_1_130' title='bbox 632 1976 742 2041; x_wconf 92' lang='lat' dir='ltr'>merito</span> <span class='ocrx_word' id='word_1_131' title='bbox 780 1976 892 2057; x_wconf 91' lang='lat' dir='ltr'>quippe</span> <span class='ocrx_word' id='word_1_132' title='bbox 930 1993 1083 2058; x_wconf 85' lang='lat' dir='ltr'>magnum</span> <span class='ocrx_word' id='word_1_133' title='bbox 1120 1976 1277 2043; x_wconf 87' lang='lat' dir='ltr'>iudicatur</span> 
     </span>
     <span class='ocr_line' id='line_1_17' title="bbox 142 2079 1274 2162; baseline 0.004 -20"><span class='ocrx_word' id='word_1_134' title='bbox 142 2080 319 2160; x_wconf 85' lang='lat' dir='ltr'>peceatum,</span> <span class='ocrx_word' id='word_1_135' title='bbox 343 2097 415 2143; x_wconf 89' lang='lat' dir='ltr'>cum</span> <span class='ocrx_word' id='word_1_136' title='bbox 438 2080 585 2160; x_wconf 87' lang='lat' dir='ltr'>superbia</span> <span class='ocrx_word' id='word_1_137' title='bbox 607 2082 808 2162; x_wconf 88' lang='lat' dir='ltr'>praeceptum</span> <span class='ocrx_word' id='word_1_138' title='bbox 831 2080 1018 2161; x_wconf 87' lang='lat' dir='ltr'>contemuit;</span> <span class='ocrx_word' id='word_1_139' title='bbox 1036 2079 1090 2143; x_wconf 91' lang='lat' dir='ltr'>sed</span> <span class='ocrx_word' id='word_1_140' title='bbox 1107 2083 1274 2160; x_wconf 87' lang='lat' dir='ltr'>contrario,</span> 
     </span>
     <span class='ocr_line' id='line_1_18' title="bbox 142 2181 1275 2264; baseline 0.004 -18"><span class='ocrx_word' id='word_1_141' title='bbox 142 2181 180 2246; x_wconf 92' lang='lat' dir='ltr'>nt</span> <span class='ocrx_word' id='word_1_142' title='bbox 207 2181 311 2247; x_wconf 90' lang='lat' dir='ltr'>sanari</span> <span class='ocrx_word' id='word_1_143' title='bbox 340 2183 448 2264; x_wconf 90' lang='lat' dir='ltr'>possit,</span> <span class='ocrx_word' id='word_1_144' title='bbox 481 2200 545 2248; x_wconf 92' lang='lat' dir='ltr'>cor</span> <span class='ocrx_word' id='word_1_145' title='bbox 574 2183 794 2249; x_wconf 90' lang='lat' dir='ltr'>contritum</span> <span class='ocrx_word' id='word_1_146' title='bbox 824 2185 862 2246; x_wconf 94' lang='lat' dir='ltr'>et</span> <span class='ocrx_word' id='word_1_147' title='bbox 891 2182 1151 2247; x_wconf 90' lang='lat' dir='ltr'>humiliatum</span> <span class='ocrx_word' id='word_1_148' title='bbox 1180 2185 1275 2250; x_wconf 92' lang='lat' dir='ltr'>deus</span> 
     </span>
     <span class='ocr_line' id='line_1_19' title="bbox 142 2286 1275 2370; baseline 0.003 -20"><span class='ocrx_word' id='word_1_149' title='bbox 142 2303 218 2351; x_wconf 92' lang='lat' dir='ltr'>nou</span> <span class='ocrx_word' id='word_1_150' title='bbox 248 2287 413 2369; x_wconf 85' lang='lat' dir='ltr'>spernit.</span> <span class='ocrx_word' id='word_1_151' title='bbox 451 2304 561 2351; x_wconf 90' lang='lat' dir='ltr'>uerum</span> <span class='ocrx_word' id='word_1_152' title='bbox 592 2289 697 2352; x_wconf 87' lang='lat' dir='ltr'>tamen</span> <span class='ocrx_word' id='word_1_153' title='bbox 720 2287 792 2369; x_wconf 92' lang='lat' dir='ltr'>quia</span> <span class='ocrx_word' id='word_1_154' title='bbox 821 2286 888 2350; x_wconf 92' lang='lat' dir='ltr'>sine</span> <span class='ocrx_word' id='word_1_155' title='bbox 916 2303 1017 2368; x_wconf 88' lang='lat' dir='ltr'>poena</span> <span class='ocrx_word' id='word_1_156' title='bbox 1046 2303 1109 2350; x_wconf 90' lang='lat' dir='ltr'>uon</span> <span class='ocrx_word' id='word_1_157' title='bbox 1130 2287 1177 2370; x_wconf 86' lang='lat' dir='ltr'>fit,</span> <span class='ocrx_word' id='word_1_158' title='bbox 1205 2287 1275 2353; x_wconf 93' lang='lat' dir='ltr'>ideo</span> 
     </span>
     <span class='ocr_line' id='line_1_20' title="bbox 140 2388 1274 2473; baseline -0.002 -16"><span class='ocrx_word' id='word_1_159' title='bbox 140 2390 221 2457; x_wconf 87' lang='lat' dir='ltr'>talia</span> <span class='ocrx_word' id='word_1_160' title='bbox 249 2390 322 2455; x_wconf 92' lang='lat' dir='ltr'>hinc</span> <span class='ocrx_word' id='word_1_161' title='bbox 344 2391 540 2456; x_wconf 86' lang='lat' dir='ltr'>dictasunt:</span> <span class='ocrx_word' id='word_1_162' title='bbox 569 2388 694 2471; x_wconf 87' lang='lat' dir='ltr'>deum,</span> <span class='ocrx_word' id='word_1_163' title='bbox 718 2389 829 2473; x_wconf 84' lang='lat' dir='ltr'>inquit,</span> <span class='ocrx_word' id='word_1_164' title='bbox 857 2389 921 2455; x_wconf 90' lang='lat' dir='ltr'>hic</span> <span class='ocrx_word' id='word_1_165' title='bbox 943 2391 1169 2469; x_wconf 84' lang='lat' dir='ltr'>exacerbat,</span> <span class='ocrx_word' id='word_1_166' title='bbox 1199 2390 1274 2472; x_wconf 88' lang='lat' dir='ltr'>quia</span> 
     </span>
     <span class='ocr_line' id='line_1_21' title="bbox 105 2491 1273 2577; baseline -0.002 -15"><span class='ocrx_word' id='word_1_167' title='bbox 105 2495 236 2563; x_wconf 77' lang='lat' dir='ltr'>redens</span> <span class='ocrx_word' id='word_1_168' title='bbox 264 2495 447 2577; x_wconf 89' lang='lat' dir='ltr'>superbis</span> <span class='ocrx_word' id='word_1_169' title='bbox 479 2494 649 2559; x_wconf 75' lang='lat' dir='ltr'>resistit.</span> <span class='ocrx_word' id='word_1_170' title='bbox 695 2497 732 2558; x_wconf 92' lang='lat' dir='ltr'>et</span> <span class='ocrx_word' id='word_1_171' title='bbox 765 2491 1113 2558; x_wconf 76' lang='lat' dir='ltr'>exterminabitur</span> <span class='ocrx_word' id='word_1_172' title='bbox 1145 2493 1273 2560; x_wconf 90' lang='lat' dir='ltr'>anima</span> 
     </span>
     <span class='ocr_line' id='line_1_22' title="bbox 138 2597 1272 2681; baseline 0.001 -19"><span class='ocrx_word' id='word_1_173' title='bbox 138 2597 217 2662; x_wconf 90' lang='lat' dir='ltr'>illa</span> <span class='ocrx_word' id='word_1_174' title='bbox 249 2599 293 2663; x_wconf 89' lang='lat' dir='ltr'>de</span> <span class='ocrx_word' id='word_1_175' title='bbox 328 2598 474 2681; x_wconf 90' lang='lat' dir='ltr'>populo</span> <span class='ocrx_word' id='word_1_176' title='bbox 510 2616 592 2680; x_wconf 91' lang='lat' dir='ltr'>suo,</span> <span class='ocrx_word' id='word_1_177' title='bbox 631 2597 777 2679; x_wconf 85' lang='lat' dir='ltr'>quoniam</span> <span class='ocrx_word' id='word_1_178' title='bbox 812 2597 884 2661; x_wconf 85' lang='lat' dir='ltr'>talis</span> <span class='ocrx_word' id='word_1_179' title='bbox 919 2597 1043 2662; x_wconf 91' lang='lat' dir='ltr'>omnino</span> <span class='ocrx_word' id='word_1_180' title='bbox 1078 2597 1110 2661; x_wconf 92' lang='lat' dir='ltr'>in</span> <span class='ocrx_word' id='word_1_181' title='bbox 1142 2615 1272 2663; x_wconf 91' lang='lat' dir='ltr'>numero</span> 
     </span>
     <span class='ocr_line' id='line_1_23' title="bbox 139 2701 1273 2784; baseline -0.003 -16"><span class='ocrx_word' id='word_1_182' title='bbox 139 2718 250 2768; x_wconf 89' lang='lat' dir='ltr'>eorum</span> <span class='ocrx_word' id='word_1_183' title='bbox 279 2702 333 2784; x_wconf 88' lang='lat' dir='ltr'>qui</span> <span class='ocrx_word' id='word_1_184' title='bbox 361 2701 516 2766; x_wconf 90' lang='lat' dir='ltr'>addeum</span> <span class='ocrx_word' id='word_1_185' title='bbox 546 2702 703 2783; x_wconf 88' lang='lat' dir='ltr'>pertinent</span> <span class='ocrx_word' id='word_1_186' title='bbox 731 2718 792 2764; x_wconf 93' lang='lat' dir='ltr'>uon</span> <span class='ocrx_word' id='word_1_187' title='bbox 823 2702 885 2764; x_wconf 90' lang='lat' dir='ltr'>est:</span> <span class='ocrx_word' id='word_1_188' title='bbox 909 2701 1089 2782; x_wconf 88' lang='lat' dir='ltr'>quoniam</span> <span class='ocrx_word' id='word_1_189' title='bbox 1110 2701 1273 2767; x_wconf 90' lang='lat' dir='ltr'>uerbum</span> 
     </span>
     <span class='ocr_line' id='line_1_24' title="bbox 137 2802 1273 2887; baseline -0.001 -17"><span class='ocrx_word' id='word_1_190' title='bbox 137 2804 293 2871; x_wconf 93' lang='lat' dir='ltr'>domini</span> <span class='ocrx_word' id='word_1_191' title='bbox 336 2805 549 2869; x_wconf 79' lang='lat' dir='ltr'>contemsit</span> <span class='ocrx_word' id='word_1_192' title='bbox 586 2808 622 2869; x_wconf 91' lang='lat' dir='ltr'>et</span> <span class='ocrx_word' id='word_1_193' title='bbox 659 2804 842 2868; x_wconf 88' lang='lat' dir='ltr'>mundata</span> <span class='ocrx_word' id='word_1_194' title='bbox 878 2802 963 2868; x_wconf 92' lang='lat' dir='ltr'>eius</span> <span class='ocrx_word' id='word_1_195' title='bbox 1007 2803 1273 2887; x_wconf 88' lang='lat' dir='ltr'>disperdidit,</span> 
     </span>
     <span class='ocr_line' id='line_1_25' title="bbox 137 2906 1274 2987; baseline -0.003 -12"><span class='ocrx_word' id='word_1_196' title='bbox 137 2907 394 2975; x_wconf 82' lang='lat' dir='ltr'>contritione</span> <span class='ocrx_word' id='word_1_197' title='bbox 416 2908 653 2973; x_wconf 88' lang='lat' dir='ltr'>conteretur</span> <span class='ocrx_word' id='word_1_198' title='bbox 675 2906 806 2972; x_wconf 89' lang='lat' dir='ltr'>anima</span> <span class='ocrx_word' id='word_1_199' title='bbox 826 2906 913 2972; x_wconf 87' lang='lat' dir='ltr'>illa.</span> <span class='ocrx_word' id='word_1_200' title='bbox 948 2925 1043 2987; x_wconf 87' lang='lat' dir='ltr'>quare</span> <span class='ocrx_word' id='word_1_201' title='bbox 1065 2910 1171 2972; x_wconf 89' lang='lat' dir='ltr'>autem</span> <span class='ocrx_word' id='word_1_202' title='bbox 1187 2925 1274 2972; x_wconf 91' lang='lat' dir='ltr'>con·</span> 
     </span>
     <span class='ocr_line' id='line_1_26' title="bbox 95 3009 1274 3093; baseline 0 -17"><span class='ocrx_word' id='word_1_203' title='bbox 95 3012 309 3082; x_wconf 60' lang='lat' dir='ltr'>atritione</span> <span class='ocrx_word' id='word_1_204' title='bbox 324 3013 575 3090; x_wconf 85' lang='lat' dir='ltr'>conteretur,</span> <span class='ocrx_word' id='word_1_205' title='bbox 599 3015 822 3092; x_wconf 86' lang='lat' dir='ltr'>consequenter</span> <span class='ocrx_word' id='word_1_206' title='bbox 842 3009 989 3093; x_wconf 86' lang='lat' dir='ltr'>adiungit</span> <span class='ocrx_word' id='word_1_207' title='bbox 1003 3009 1123 3075; x_wconf 88' lang='lat' dir='ltr'>dicens:</span> <span class='ocrx_word' id='word_1_208' title='bbox 1139 3029 1274 3093; x_wconf 88' lang='lat' dir='ltr'>pecca·</span> 
     </span>
     <span class='ocr_line' id='line_1_27' title="bbox 134 3111 1272 3197; baseline -0.001 -18"><span class='ocrx_word' id='word_1_209' title='bbox 134 3120 221 3179; x_wconf 88' lang='lat' dir='ltr'>tum</span> <span class='ocrx_word' id='word_1_210' title='bbox 262 3116 344 3179; x_wconf 92' lang='lat' dir='ltr'>eius</span> <span class='ocrx_word' id='word_1_211' title='bbox 379 3114 418 3178; x_wconf 89' lang='lat' dir='ltr'>iu</span> <span class='ocrx_word' id='word_1_212' title='bbox 454 3113 536 3180; x_wconf 89' lang='lat' dir='ltr'>illo.</span> <span class='ocrx_word' id='word_1_213' title='bbox 579 3131 615 3177; x_wconf 88' lang='lat' dir='ltr'>au</span> <span class='ocrx_word' id='word_1_214' title='bbox 648 3133 704 3197; x_wconf 90' lang='lat' dir='ltr'>per</span> <span class='ocrx_word' id='word_1_215' title='bbox 738 3112 804 3193; x_wconf 91' lang='lat' dir='ltr'>hoc,</span> <span class='ocrx_word' id='word_1_216' title='bbox 838 3112 866 3177; x_wconf 90' lang='lat' dir='ltr'>si</span> <span class='ocrx_word' id='word_1_217' title='bbox 888 3112 947 3176; x_wconf 88' lang='lat' dir='ltr'>tali</span> <span class='ocrx_word' id='word_1_218' title='bbox 977 3114 1103 3195; x_wconf 89' lang='lat' dir='ltr'>peccato</span> <span class='ocrx_word' id='word_1_219' title='bbox 1133 3111 1272 3178; x_wconf 88' lang='lat' dir='ltr'>debitam</span> 
     </span>
     <span class='ocr_line' id='line_1_28' title="bbox 133 3214 1273 3300; baseline -0.003 -16"><span class='ocrx_word' id='word_1_220' title='bbox 133 3217 360 3284; x_wconf 87' lang='lat' dir='ltr'>contritionem</span> <span class='ocrx_word' id='word_1_221' title='bbox 374 3219 441 3300; x_wconf 90' lang='lat' dir='ltr'>ipse</span> <span class='ocrx_word' id='word_1_222' title='bbox 457 3218 517 3283; x_wconf 91' lang='lat' dir='ltr'>sibi</span> <span class='ocrx_word' id='word_1_223' title='bbox 533 3217 681 3283; x_wconf 86' lang='lat' dir='ltr'>adhibeat</span> <span class='ocrx_word' id='word_1_224' title='bbox 695 3218 891 3299; x_wconf 87' lang='lat' dir='ltr'>paenitendo,</span> <span class='ocrx_word' id='word_1_225' title='bbox 907 3234 973 3281; x_wconf 85' lang='lat' dir='ltr'>cor</span> <span class='ocrx_word' id='word_1_226' title='bbox 988 3214 1217 3293; x_wconf 85' lang='lat' dir='ltr'>contritum,</span> <span class='ocrx_word' id='word_1_227' title='bbox 1236 3219 1273 3281; x_wconf 90' lang='lat' dir='ltr'>ut</span> 
     </span>
     <span class='ocr_line' id='line_1_29' title="bbox 134 3319 1271 3404; baseline 0.001 -19"><span class='ocrx_word' id='word_1_228' title='bbox 134 3320 261 3387; x_wconf 86' lang='lat' dir='ltr'>dictum</span> <span class='ocrx_word' id='word_1_229' title='bbox 277 3324 334 3402; x_wconf 90' lang='lat' dir='ltr'>est,</span> <span class='ocrx_word' id='word_1_230' title='bbox 351 3323 441 3387; x_wconf 93' lang='lat' dir='ltr'>deus</span> <span class='ocrx_word' id='word_1_231' title='bbox 456 3341 531 3387; x_wconf 94' lang='lat' dir='ltr'>non</span> <span class='ocrx_word' id='word_1_232' title='bbox 546 3323 712 3402; x_wconf 84' lang='lat' dir='ltr'>speruit.</span> <span class='ocrx_word' id='word_1_233' title='bbox 737 3321 881 3403; x_wconf 90' lang='lat' dir='ltr'>quamuis</span> <span class='ocrx_word' id='word_1_234' title='bbox 896 3321 929 3385; x_wconf 95' lang='lat' dir='ltr'>in</span> <span class='ocrx_word' id='word_1_235' title='bbox 945 3338 1056 3404; x_wconf 87' lang='lat' dir='ltr'>graeco</span> <span class='ocrx_word' id='word_1_236' title='bbox 1071 3338 1133 3385; x_wconf 93' lang='lat' dir='ltr'>non</span> <span class='ocrx_word' id='word_1_237' title='bbox 1149 3319 1271 3386; x_wconf 90' lang='lat' dir='ltr'>dictum</span> 
     </span>
     <span class='ocr_line' id='line_1_30' title="bbox 133 3422 1272 3503; baseline -0.003 -12"><span class='ocrx_word' id='word_1_238' title='bbox 133 3424 183 3491; x_wconf 86' lang='lat' dir='ltr'>sit</span> <span class='ocrx_word' id='word_1_239' title='bbox 212 3424 374 3492; x_wconf 84' lang='lat' dir='ltr'>hocloco:</span> <span class='ocrx_word' id='word_1_240' title='bbox 405 3425 651 3492; x_wconf 84' lang='lat' dir='ltr'>contritione</span> <span class='ocrx_word' id='word_1_241' title='bbox 681 3426 926 3503; x_wconf 88' lang='lat' dir='ltr'>conteretur,</span> <span class='ocrx_word' id='word_1_242' title='bbox 957 3423 1025 3490; x_wconf 92' lang='lat' dir='ltr'>sed:</span> <span class='ocrx_word' id='word_1_243' title='bbox 1055 3422 1272 3489; x_wconf 83' lang='lat' dir='ltr'>extritione</span> 
     </span>
    </p>
   </div>
   <div class='ocr_carea' id='block_1_3' title="bbox 132 3644 1202 3802">
    <p class='ocr_par' dir='ltr' id='par_1_3' title="bbox 132 3644 1202 3802">
     <span class='ocr_line' id='line_1_31' title="bbox 241 3644 1202 3715; baseline 0.003 -18"><span class='ocrx_word' id='word_1_244' title='bbox 241 3644 258 3698; x_wconf 88' lang='lat'><strong>9</strong></span> <span class='ocrx_word' id='word_1_245' title='bbox 281 3644 360 3699; x_wconf 87' lang='lat' dir='ltr'>Pron.</span> <span class='ocrx_word' id='word_1_246' title='bbox 386 3648 426 3712; x_wconf 85' lang='lat'>18,</span> <span class='ocrx_word' id='word_1_247' title='bbox 450 3646 467 3700; x_wconf 88' lang='grc'><strong>3</strong></span> <span class='ocrx_word' id='word_1_248' title='bbox 572 3646 605 3701; x_wconf 82' lang='grc'>17</span> <span class='ocrx_word' id='word_1_249' title='bbox 623 3649 664 3715; x_wconf 88' lang='lat' dir='ltr'>(et</span> <span class='ocrx_word' id='word_1_250' title='bbox 680 3648 725 3714; x_wconf 82' lang='grc'>27)</span> <span class='ocrx_word' id='word_1_251' title='bbox 744 3648 788 3703; x_wconf 85' lang='lat' dir='ltr'>Pe.</span> <span class='ocrx_word' id='word_1_252' title='bbox 806 3646 848 3712; x_wconf 83' lang='lat'>50,</span> <span class='ocrx_word' id='word_1_253' title='bbox 869 3648 902 3702; x_wconf 88' lang='grc'>19</span> <span class='ocrx_word' id='word_1_254' title='bbox 1005 3647 1041 3701; x_wconf 89' lang='grc'>20</span> <span class='ocrx_word' id='word_1_255' title='bbox 1063 3645 1118 3701; x_wconf 89' lang='lat' dir='ltr'>Iac.</span> <span class='ocrx_word' id='word_1_256' title='bbox 1140 3646 1166 3710; x_wconf 86' lang='lat'>4,</span> <span class='ocrx_word' id='word_1_257' title='bbox 1185 3646 1202 3700; x_wconf 84' lang='lat'><strong>6</strong></span> 
     </span>
     <span class='ocr_line' id='line_1_32' title="bbox 132 3728 382 3802; baseline 0.004 -17"><span class='ocrx_word' id='word_1_258' title='bbox 132 3728 219 3785; x_wconf 84' lang='lat' dir='ltr'>Num.</span> <span class='ocrx_word' id='word_1_259' title='bbox 239 3730 280 3797; x_wconf 80' lang='lat'>15,</span> <span class='ocrx_word' id='word_1_260' title='bbox 298 3732 382 3802; x_wconf 84' lang='lat' dir='ltr'>30eq.</span> 
     </span>
    </p>
   </div>
   <div class='ocr_carea' id='block_1_4' title="bbox 125 3934 1270 4355">
    <p class='ocr_par' dir='ltr' id='par_1_4' title="bbox 125 3934 1270 4355">
     <span class='ocr_line' id='line_1_33' title="bbox 189 3934 1204 4008; baseline 0.005 -21"><span class='ocrx_word' id='word_1_261' title='bbox 189 3934 682 4005; x_wconf 70' lang='lat' dir='ltr'>6pcssunt1uexecorr.m.1V</span> <span class='ocrx_word' id='word_1_262' title='bbox 785 3940 931 4008; x_wconf 71' lang='lat' dir='ltr'>uquarum</span> <span class='ocrx_word' id='word_1_263' title='bbox 948 3955 980 3993; x_wconf 85' lang='lat' dir='ltr'>c:</span> <span class='ocrx_word' id='word_1_264' title='bbox 1007 3953 1123 4008; x_wconf 87' lang='lat' dir='ltr'>quorum</span> <span class='ocrx_word' id='word_1_265' title='bbox 1139 3936 1204 3992; x_wconf 99' lang='lat' dir='ltr'>MV</span> 
     </span>
     <span class='ocr_line' id='line_1_34' title="bbox 129 4022 1205 4093; baseline 0.003 -15"><span class='ocrx_word' id='word_1_266' title='bbox 129 4022 334 4091; x_wconf 80' lang='lat' dir='ltr'>9profundum</span> <span class='ocrx_word' id='word_1_267' title='bbox 357 4024 392 4079; x_wconf 86' lang='lat' dir='ltr'>V:</span> <span class='ocrx_word' id='word_1_268' title='bbox 420 4024 551 4093; x_wconf 83' lang='lat' dir='ltr'>profundo</span> <span class='ocrx_word' id='word_1_269' title='bbox 570 4026 606 4079; x_wconf 91' lang='lat' dir='ltr'><em>M</em></span> <span class='ocrx_word' id='word_1_270' title='bbox 706 4028 740 4082; x_wconf 86' lang='grc'>16</span> <span class='ocrx_word' id='word_1_271' title='bbox 758 4027 892 4081; x_wconf 89' lang='lat' dir='ltr'>contrario</span> <span class='ocrx_word' id='word_1_272' title='bbox 915 4027 951 4082; x_wconf 86' lang='lat' dir='ltr'>V:</span> <span class='ocrx_word' id='word_1_273' title='bbox 982 4026 1148 4081; x_wconf 84' lang='lat' dir='ltr'>econtrario</span> <span class='ocrx_word' id='word_1_274' title='bbox 1166 4026 1205 4081; x_wconf 90' lang='lat' dir='ltr'><strong><em>M</em></strong></span> 
     </span>
     <span class='ocr_line' id='line_1_35' title="bbox 132 4108 1270 4182; baseline 0.003 -17"><span class='ocrx_word' id='word_1_275' title='bbox 132 4110 168 4165; x_wconf 81' lang='grc'>19</span> <span class='ocrx_word' id='word_1_276' title='bbox 193 4108 238 4163; x_wconf 86' lang='lat' dir='ltr'>hic</span> <span class='ocrx_word' id='word_1_277' title='bbox 260 4109 296 4162; x_wconf 85' lang='lat' dir='ltr'>V:</span> <span class='ocrx_word' id='word_1_278' title='bbox 326 4126 378 4165; x_wconf 81' lang='lat' dir='ltr'>oua.</span> <span class='ocrx_word' id='word_1_279' title='bbox 402 4110 440 4164; x_wconf 88' lang='lat' dir='ltr'><em>M</em></span> <span class='ocrx_word' id='word_1_280' title='bbox 540 4118 681 4166; x_wconf 76' lang='lat' dir='ltr'>exacerbat</span> <span class='ocrx_word' id='word_1_281' title='bbox 704 4112 959 4179; x_wconf 65' lang='lat' dir='ltr'>(accubueram.</span> <span class='ocrx_word' id='word_1_282' title='bbox 978 4116 1009 4182; x_wconf 82' lang='lat'>2)</span> <span class='ocrx_word' id='word_1_283' title='bbox 1032 4113 1057 4167; x_wconf 92' lang='lat' dir='ltr'><strong><em>V</em></strong></span> <span class='ocrx_word' id='word_1_284' title='bbox 1157 4112 1192 4167; x_wconf 89' lang='grc'>22</span> <span class='ocrx_word' id='word_1_285' title='bbox 1212 4128 1270 4182; x_wconf 89' lang='lat' dir='ltr'>per·</span> 
     </span>
     <span class='ocr_line' id='line_1_36' title="bbox 130 4194 1270 4268; baseline 0.004 -19"><span class='ocrx_word' id='word_1_286' title='bbox 130 4194 225 4249; x_wconf 86' lang='lat' dir='ltr'>tinent</span> <span class='ocrx_word' id='word_1_287' title='bbox 242 4212 274 4248; x_wconf 86' lang='lat' dir='ltr'>a:</span> <span class='ocrx_word' id='word_1_288' title='bbox 302 4197 420 4264; x_wconf 86' lang='lat' dir='ltr'>pertinet</span> <span class='ocrx_word' id='word_1_289' title='bbox 437 4196 502 4251; x_wconf 91' lang='lat' dir='ltr'>MV</span> <span class='ocrx_word' id='word_1_290' title='bbox 587 4199 621 4252; x_wconf 84' lang='grc'>23</span> <span class='ocrx_word' id='word_1_291' title='bbox 639 4197 800 4267; x_wconf 88' lang='lat' dir='ltr'>disperdidit</span> <span class='ocrx_word' id='word_1_292' title='bbox 817 4216 847 4253; x_wconf 84' lang='lat' dir='ltr'>a:</span> <span class='ocrx_word' id='word_1_293' title='bbox 874 4198 1001 4268; x_wconf 83' lang='lat' dir='ltr'>dispersit</span> <span class='ocrx_word' id='word_1_294' title='bbox 1018 4198 1084 4255; x_wconf 88' lang='lat' dir='ltr'>MV</span> <span class='ocrx_word' id='word_1_295' title='bbox 1099 4198 1148 4267; x_wconf 81' lang='lat' dir='ltr'>(cs.</span> <span class='ocrx_word' id='word_1_296' title='bbox 1161 4198 1270 4255; x_wconf 63' lang='lat' dir='ltr'>Remea</span> 
     </span>
     <span class='ocr_line' id='line_1_37' title="bbox 125 4281 1027 4355; baseline 0.007 -20"><span class='ocrx_word' id='word_1_297' title='bbox 125 4298 160 4353; x_wconf 81' lang='lat' dir='ltr'>p.</span> <span class='ocrx_word' id='word_1_298' title='bbox 174 4282 307 4351; x_wconf 72' lang='lat' dir='ltr'>aucupe.)</span> <span class='ocrx_word' id='word_1_299' title='bbox 407 4281 440 4335; x_wconf 84' lang='grc'>25</span> <span class='ocrx_word' id='word_1_300' title='bbox 458 4281 598 4352; x_wconf 81' lang='lat' dir='ltr'>adiungit]</span> <span class='ocrx_word' id='word_1_301' title='bbox 618 4300 652 4339; x_wconf 80' lang='lat' dir='ltr'>ex</span> <span class='ocrx_word' id='word_1_302' title='bbox 670 4284 802 4355; x_wconf 79' lang='lat' dir='ltr'>adiungid</span> <span class='ocrx_word' id='word_1_303' title='bbox 820 4301 891 4342; x_wconf 82' lang='lat' dir='ltr'>corr.</span> <span class='ocrx_word' id='word_1_304' title='bbox 909 4302 944 4339; x_wconf 77' lang='lat' dir='ltr'>na</span> <span class='ocrx_word' id='word_1_305' title='bbox 962 4291 978 4340; x_wconf 83' lang='lat'><em>1</em></span> <span class='ocrx_word' id='word_1_306' title='bbox 1003 4286 1027 4341; x_wconf 88' lang='lat' dir='ltr'><strong><em>V</em></strong></span> 
     </span>
    </p>
   </div>
   <div class='ocr_carea' id='block_1_5' title="bbox 0 0 1384 4814">
    <p class='ocr_par' dir='ltr' id='par_1_5' title="bbox 0 0 1384 4814">
     <span class='ocr_line' id='line_1_38' title="bbox 0 0 1384 4814; baseline 0 3"><span class='ocrx_word' id='word_1_307' title='bbox 0 0 1384 4814; x_wconf 95' lang='lat' dir='ltr'> </span> 
     </span>
    </p>
   </div>
  </div>
 </body>
</html>
