2760 4814
134 319 200 384 404
620 315 782 384 Eugippii

177 505 325 570 Exeruere
362 506 475 589 quippe
512 522 567 568 nos
606 504 707 569 noluit
744 503 929 568 difficultate
966 504 1164 585 quaestionia,
1203 523 1267 569 non

135 609 278 690 decipere
308 609 481 674 sententiae
509 607 658 672 falsitate.
695 610 884 690 quapropter
913 625 975 672 non
998 611 1045 671 est
1067 625 1201 684 necesse,
1230 613 1267 672 ιιι

134 729 257 777 omnem
290 709 521 793 blasphemiam
550 711 584 774 et
612 728 703 774 omne
729 711 870 788 uerbum,
903 711 986 792 quod
1007 710 1123 775 dicitur
1157 712 1265 775 contra

134 816 282 898 spiritum
300 815 452 897 sanctum,
468 813 685 879 remissionem
700 814 867 898 qnisquam
881 814 1041 879 existimet
1055 832 1117 879 non
1133 813 1264 892 habere;

133 920 187 984 sed
218 936 340 985 neomse
369 923 418 985 eet
447 919 550 1002 plane,
580 918 680 983 nteit
702 917 821 1000 aliquid
844 917 1056 1000 blasphemiae
1079 918 1110 981 et
1139 916 1268 1000 aliquod
1289 938 1303 979 ι

133 1022 274 1102 uerbum,
308 1024 390 1105 quod
418 1024 446 1088 ai
475 1022 597 1087 dicatur
631 1021 738 1087 contra
771 1020 918 1102 spiritum
951 1024 1108 1105 sanctum,
1142 1020 1268 1086 nullam

135 1144 284 1208 nmquam
320 1125 448 1190 neniam
480 1124 756 1207 remissionemque
793 1126 960 1188 mereatur.
1004 1124 1077 1206 quia
1110 1123 1138 1188 si
1174 1141 1267 1188 omne

133 1229 351 1311 acceperimus,
374 1228 519 1310 quisnam
540 1229 655 1312 poterit
670 1227 809 1293 saluari?
835 1228 862 1292 si
879 1230 984 1292 auum
1000 1244 1124 1291 rursum
1139 1226 1266 1292 nullum

132 1333 366 1414 putauerimus,
400 1330 643 1397 contradicimus
676 1330 839 1396 saluatori.
883 1333 932 1395 est
965 1348 1036 1414 ergo
1069 1331 1136 1396 sine
1171 1333 1267 1398 dubio

133 1436 241 1519 aliqua
270 1434 466 1518 blasphemia
487 1435 519 1499 et
541 1433 668 1519 aliquod
691 1432 833 1513 uerbum,
865 1437 946 1517 quod
969 1435 996 1499 si
1024 1434 1147 1499 dictum
1169 1435 1304 1501 fueritro

132 1543 241 1604 contre
262 1538 410 1620 spiritum
432 1540 587 1622 sanetum,
610 1557 672 1604 non
694 1537 886 1603 remittetur.
909 1542 989 1622 quod
1012 1540 1054 1603 sit
1077 1541 1184 1604 antem
1207 1540 1267 1606 hoc

135 1641 276 1720 uerbum,
308 1640 416 1724 quaeri
439 1659 458 1705 a
480 1638 570 1707 nobis
593 1641 738 1706 dominus
767 1641 887 1725 uoluit;
920 1643 989 1707 ideo
1018 1660 1080 1707 non
1104 1646 1265 1726 expressit.

134 1745 253 1828 quaeri,
283 1744 423 1826 inquam,
455 1744 565 1824 uoluit,
596 1763 659 1811 non
688 1745 807 1827 negari.
845 1745 946 1810 solent
975 1745 1057 1810 enim
1087 1746 1266 1828 scripturae

132 1847 179 1912 ita
212 1848 307 1930 loqui,
340 1847 386 1927 ut,
421 1849 544 1929 quando
576 1848 695 1931 aliquid
728 1849 773 1915 sic
794 1849 919 1927 dicitur,
950 1852 987 1914 ut
1015 1868 1114 1932 neque
1138 1869 1174 1915 cx
1197 1855 1265 1916 toto

132 1970 232 2034 neque
255 1971 292 2017 ex
313 1952 403 2036 parte
426 1952 546 2018 dictum
569 1952 747 2036 deliniatur,
770 1953 889 2018 nonsit
911 1970 1035 2019 necesse
1051 1972 1088 2019 ex
1106 1956 1183 2035 toto,
1208 1953 1302 2019 sedo

131 2054 200 2123 fieri
231 2055 339 2139 pessit,
363 2059 510 2139 exparte
539 2059 576 2120 ut
597 2054 814 2139 intellegatur.
852 2055 914 2120 ista
944 2073 1017 2139 ergo
1047 2055 1206 2120 sententia
1228 2075 1264 2121 ex

132 2159 209 2238 toto,
232 2159 266 2224 id
289 2162 337 2223 eet
359 2156 578 2224 uniuersaliter
598 2160 862 2240 pronuntiaretur,
892 2161 919 2225 ei
941 2157 1111 2224 diceretur:
1142 2160 1264 2246 „omnis

132 2261 326 2345 blasphemia
340 2262 373 2327 in
387 2261 535 2344 spiritum
550 2280 611 2328 non
626 2259 828 2327 remittetur“
846 2265 916 2327 aut:
942 2261 1016 2348 „qui
1030 2261 1145 2326 dixerit
1159 2262 1263 2327 ullum

131 2368 261 2432 uerbum
285 2369 393 2432 contra
414 2365 562 2448 spiritum
584 2368 741 2446 sanctum,
767 2382 829 2430 non
851 2363 1033 2430 remittetur
1055 2365 1084 2429 ei
1105 2383 1206 2447 neque
1229 2367 1263 2431 in

131 2467 190 2533 hoc
211 2469 332 2534 maculo
354 2487 454 2552 neque
476 2468 509 2534 in
531 2469 675 2552 futuro“;
698 2487 734 2534 ex
755 2471 845 2551 parte
867 2472 982 2546 autem,
1005 2467 1102 2532 idest
1124 2468 1301 2551 parurn-e

131 2571 239 2636 leuiter
265 2573 531 2654 pronuntiaretur,
558 2571 586 2637 ai
611 2573 784 2638 diceretur:
818 2573 989 2659 „quaedem
1010 2570 1207 2654 blasphemia
1230 2572 1264 2637 in

131 2673 245 2756 spiritu
261 2693 323 2739 non
336 2673 545 2740 remittetur“.
570 2675 644 2757 quia
666 2694 722 2740 nec
745 2675 965 2740 uniuersaliter
987 2693 1059 2758 crgo
1082 2692 1140 2739 nec
1162 2676 1264 2757 parti·

131 2775 280 2841 colenter
307 2778 510 2859 pronuntiata
539 2777 694 2843 sententia
717 2782 829 2842 est-
851 2796 914 2842 non
943 2779 1027 2842 enim
1050 2777 1173 2844 dictum
1196 2783 1262 2844 est:

133 2881 253 2967 ,omnis
276 2880 469 2965 blasphemia
489 2879 637 2964 spiritns“
662 2883 732 2947 aut:
757 2880 931 2967 ,quaedam
953 2878 1182 2962 blasphemia“,
1208 2883 1263 2947 sed

131 2983 348 3050 tantummodo
378 2983 541 3051 indefinite
564 2985 771 3050 dictumest:
804 2985 977 3067 spiritua
1008 2983 1298 3066 blasphemias

130 3105 201 3153 non
230 3088 478 3166 remittetur;
506 3107 562 3154 nec
585 3088 789 3154 dictumest:
815 3088 889 3170 ,qui
912 3087 1025 3152 dixerit
1047 3088 1264 3171 quodcumque

131 3189 280 3256 uerbum“
305 3192 376 3256 eut:
406 3192 479 3278 ,qui
509 3192 620 3256 dixerit
642 3190 799 3273 quoddam
820 3188 983 3268 uerbum“,
1008 3190 1061 3255 sed
1083 3190 1263 3257 indefinite:

130 3294 196 3374 qui
230 3294 379 3360 dixerit
409 3297 569 3360 uerbum
590 3313 717 3360 -non
741 3296 790 3360 est
812 3311 947 3373 necesse,
971 3295 1007 3357 ut
1029 3311 1153 3358 omnem
1177 3293 1263 3359 blas·

180 3566 198 3620 2
215 3566 337 3620 falsitate
355 3567 424 3622 PV:
451 3567 581 3622 facultate
601 3569 641 3622 To
729 3569 747 3621 5
765 3568 870 3637 aliquid
886 3568 923 3622 V:
950 3568 1041 3635 aliqua
1061 3567 1101 3622 To
1190 3568 1262 3622 blas·

129 3651 250 3721 phemiae
266 3654 383 3721 scripsit
410 3652 575 3722 blasphemia
593 3654 692 3709 ΡΜ
786 3654 926 3724 atlante
1020 3653 1088 3724 oei]
1107 3669 1158 3708 om.
1175 3670 1193 3707 v

129 3741 222 3792 conta
244 3739 371 3807 spiritum
393 3743 518 3794 sanctum
539 3740 680 3795 dicaturo
782 3742 799 3795 8
822 3741 994 3809 acciperimus
1018 3740 1045 3794 V
1144 3742 1262 3810 rursum}

129 3839 269 3878 aureuma
355 3824 632 3882 9ccntradicemnao
720 3828 749 3882 ll
769 3827 971 3882 remitteturei>
1058 3826 1091 3880 15
1108 3825 1264 3881 diffiniatur

128 3926 144 3963 o
248 3910 281 3964 16
298 3911 385 3980 possit
406 3911 455 3965 Vc:
482 3915 573 3981 posset
592 3913 618 3966 Τ
640 3929 717 3983 posse
737 3918 761 3979 (c
777 3915 811 3968 ia
827 3928 884 3968 roe.
902 3930 922 3966 a
937 3929 972 3967 m.
991 3914 1022 3981 2)
1041 3912 1070 3967 P
1179 3916 1213 3968 ιιι
1231 3929 1264 3968 ex

129 3999 204 4065 parte
222 3998 290 4052 PTo
387 3999 450 4068 ista]
469 4000 509 4052 ita
529 4000 555 4055 T
650 4000 685 4054 22
702 4015 751 4054 nec
769 3999 957 4054 uniuersaliter
975 4014 1037 4068 ergo
1060 3998 1096 4052 V:
1123 4013 1189 4068 ergo
1207 4015 1263 4054 non

128 4083 317 4138 uniuersaliter
335 4085 403 4139 PTo
497 4085 532 4141 25
548 4085 704 4141 indefinitae
726 4085 753 4140 V
843 4085 1058 4155 balsphemiaeo
1149 4085 1186 4140 26
1205 4089 1263 4158 nec}

127 4185 213 4238 neque
239 4187 256 4225 o
368 4171 401 4224 27
428 4172 475 4240 qui
502 4170 609 4241 dixerit]
636 4189 688 4226 om.
714 4190 731 4227 v
838 4172 993 4226 indefinitae
1024 4170 1049 4224 V
1081 4170 1220 4228 indifinitc
1249 4193 1266 4230 v

128 4256 235 4311 infinite
254 4256 279 4310 T
