2760 4814
323 372 488 440 Excerpta
506 387 543 425 ex
560 387 628 441 opp.
647 372 673 426 S.
692 370 881 440 Augustini
907 370 1085 427 CCLXXVII.
1203 374 1266 442 885

134 564 182 628 de
205 564 270 629 die
293 565 421 628 autern
444 562 518 626 illa
540 562 577 626 at
600 563 692 627 hora
713 560 932 637 nemnscit;
955 564 1159 644 etapostolns
1175 564 1265 631 dicit:

134 667 224 732 dies
254 667 405 731 domini
428 665 623 747 tamquam
653 664 715 728 fur
744 662 784 726 in
813 667 930 727 noete
959 664 1016 728 ita
1046 665 1198 742 ueniet;
1231 687 1266 731 er

134 789 198 853 que
220 770 376 852 signifieat
399 769 524 851 penitus
553 768 659 842 latere,
689 786 758 831 cum
789 766 878 830 uenit
900 803 941 813 —
964 769 1106 832 elamor
1134 770 1265 835 faetus

133 874 214 938 est:
239 892 325 939 eece
347 890 514 953 sponsus
537 871 663 951 uenit,
687 869 841 954 surgite
864 868 1021 935 obuiam
1043 873 1096 936 ei:
1126 873 1164 936 in
1187 873 1266 937 ictu

108 978 255 1051 seculi,
294 976 330 1040 in
366 976 581 1040 nouissima
618 974 711 1039 tuba
744 990 872 1037 omnes
905 974 1158 1059 resurgimus.
1198 994 1268 1060 ergo

133 1081 400 1144 surrexerunt
436 1097 567 1143 omnes
603 1077 698 1141 illae
736 1076 913 1158 uirgines
952 1080 988 1141 ei
1025 1080 1268 1160 aptauerunt

135 1182 340 1264 lampades
367 1199 473 1253 suas,
503 1183 535 1246 id
557 1187 603 1245 est
627 1181 762 1246 rationes
786 1180 956 1246 reddendas
978 1198 1106 1265 operum
1129 1200 1265 1248 suornm.

134 1287 261 1369 eportet
283 1285 365 1349 enim
389 1303 443 1349 nos
467 1283 603 1348 exhiberi
622 1287 695 1347 ants
709 1283 847 1348 tribunal
863 1282 989 1363 christi,
1005 1286 1042 1347 ut
1056 1285 1122 1350 illie
1139 1285 1267 1367 recipiat

130 1389 346 1471 unusquisque
369 1389 451 1470 quod
473 1389 570 1469 gessit
598 1388 632 1451 in
655 1404 789 1468 corpore,
819 1388 886 1451 siue
910 1388 1025 1451 benum
1047 1387 1113 1453 siu'e
1136 1390 1265 1455 malurn.

93 1493 376 1564 10etdiuernnt
398 1490 852 1573 stultaeadsepientes:
876 1491 964 1556 date
987 1490 1161 1558 nabisde
1181 1493 1265 1558 oleo
1339 1536 1342 1541 -

132 1598 288 1673 uestro,
313 1596 407 1678 quia
428 1595 628 1678 lampades
650 1596 807 1659 nestrae
830 1595 1105 1677 extinguntur:
1135 1612 1265 1677 quorum

133 1697 222 1763 enim
244 1698 326 1763 faeta
349 1698 450 1762 aliena
472 1698 564 1762 laude
587 1697 770 1775 fulciuntur,
794 1700 902 1763 eedem
927 1700 1087 1763 subtraete
1108 1698 1265 1775 deficiunt,

132 1808 168 1867 et
190 1802 228 1866 de
251 1801 471 1865 consuetudine
494 1800 526 1866 id
548 1820 670 1882 semper
699 1799 839 1883 inquirit,
872 1805 951 1866 unde
982 1802 1115 1885 gaudere
1143 1802 1267 1866 animus

132 1906 225 1970 solet.
240 1905 346 1986 itaque
361 1904 531 1979 hominurn,
542 1903 595 1985 qui
609 1904 701 1968 eorda
717 1922 776 1969 non
792 1905 910 1982 uident,
926 1906 1143 1970 testimonium
1155 1907 1267 1970 uolunt

95 2006 251 2078 rshabera
274 2011 349 2090 aput
372 2008 476 2089 deum,
499 2008 552 2091 qui
576 2009 674 2072 cordis
697 2009 853 2089 inspector
876 2008 932 2072 est.
969 2008 1023 2072 sed
1045 2010 1119 2089 quid
1140 2025 1267 2090 respon·

132 2111 247 2175 derunt
262 2110 443 2191 sapientes?
465 2131 509 2177 ne
532 2112 637 2177 ferte
653 2129 727 2177 non
749 2111 933 2176 sufficiat
955 2111 1069 2175 nobis
1085 2111 1264 2176 etuobis.

132 2216 347 2297 unusquisqne
382 2216 464 2279 enirn
493 2233 548 2296 pro
576 2234 607 2279 se
636 2217 789 2280 rationem
817 2215 925 2281 reddet
952 2212 1140 2278 nec'alieno
1174 2213 1265 2279 testi-

133 2318 238 2383 monio
272 2319 437 2401 quisquam
469 2318 637 2384 adiuuatnr
672 2319 752 2403 apud
786 2320 895 2394 deum,
929 2318 978 2384 cui
1011 2321 1130 2383 secreta
1164 2317 1264 2383 cerdis

133 2422 295 2503 apparent,
325 2425 357 2485 at
384 2420 436 2484 nix
465 2420 525 2486 sibi
549 2422 678 2504 quisque
700 2422 826 2499 suffieit,
849 2426 885 2486 ut
908 2421 936 2485 ei
959 2420 1172 2486 testimenium
1196 2438 1265 2501 per·

97 2524 244 2589 miribeat
267 2523 456 2588 conscientia
478 2542 543 2589 sua.
581 2525 669 2608 quis
697 2526 780 2589 eninr
806 2525 1052 2607 gloriabitur
1083 2524 1266 2589 mundum

134 2646 177 2692 sa
199 2625 343 2691 habere
366 2626 453 2691 cor?
480 2625 513 2690 id
541 2631 589 2692 est
616 2629 697 2708 quod
726 2629 882 2710 apostulus
905 2627 998 2692 dicit:
1033 2627 1131 2691 mihi
1153 2626 1266 2691 mini-

134 2749 235 2795 mum
252 2730 318 2811 est,
342 2731 386 2793 ut
409 2748 427 2793 a
448 2729 560 2794 uobis
582 2730 735 2795 iudicer
757 2733 824 2794 aut
845 2733 889 2796 ab
912 2731 1076 2795 humano
1100 2730 1177 2813 die3
1200 2731 1266 2794 ssd

133 2851 259 2915 neque
287 2851 344 2898 me
373 2831 499 2914 ipsum
527 2833 667 2899 iudico.
707 2835 894 2916 quapropter
924 2852 995 2899 anm
1019 2834 1057 2898 de
1080 2853 1113 2898 se
1136 2834 1266 2916 quisque

135 2940 192 3000 aut
219 2955 281 3001 non
309 2941 433 3003 omnino
456 2939 511 3001 eut
532 2936 583 3001 uir
607 2936 705 3019 pessit
726 2957 832 3002 ueram
855 2937 934 3002 ferre
957 2937 1157 3012 sententiam,
1190 2953 1267 3018 qno·

104 3042 228 3106 amodo
250 3043 353 3122 potest
375 3044 412 3106 da
435 3041 495 3105 alie
520 3042 663 3119 iudicare,
687 3061 758 3106 curn
779 3040 857 3106 sciat
880 3058 979 3120 nemo,
1003 3040 1077 3123 quid
1100 3040 1211 3123 agatur
1232 3040 1266 3102 iu

136 3144 272 3223 homine,
303 3142 365 3208 nisi
388 3143 517 3226 spiritus
539 3143 697 3209 hominis?
729 3144 786 3208 ite
816 3145 939 3225 magis
969 3145 1017 3208 ad
1047 3142 1266 3207 uendentes

135 3253 173 3313 et
211 3247 331 3312 emite
369 3247 497 3312 uobis:
536 3266 597 3312 non
631 3247 795 3313 eonsilium
833 3248 953 3312 dedisse
989 3247 1144 3327 putandae
1182 3247 1266 3321 sunt,

241 3485 253 3538 l
274 3484 371 3538 naeth.
390 3483 432 3549 24,
449 3485 484 3539 36
578 3485 595 3537 2
613 3484 626 3537 1
646 3483 738 3539 Thess.
757 3485 781 3551 5,
799 3483 816 3536 2
910 3485 927 3536 4
945 3483 959 3536 I
977 3483 1036 3536 Cor.
1056 3483 1098 3546 15,
1115 3483 1147 3537 51
1158 3498 1198 3551 sq.

134 3570 204 3624 def.
224 3570 254 3625 II
273 3570 333 3626 Cur.
352 3572 377 3635 5,
397 3569 430 3623 10
533 3570 567 3623 20
585 3570 664 3624 Pron.
682 3570 724 3633 20,
742 3571 758 3622 9
862 3571 895 3623 21
913 3568 928 3623 I
946 3568 1004 3624 Cor.
1022 3569 1048 3634 4,
1067 3568 1084 3620 3
1180 3567 1216 3621 25
1232 3566 1267 3621 cf.

135 3658 150 3713 1
168 3657 229 3712 Cor.
247 3657 272 3721 2,
292 3659 321 3711 11

187 3880 205 3935 3
231 3879 354 3948 paenitus
381 3878 408 3934 V
512 3880 529 3932 4
555 3879 579 3931 ei
606 3895 637 3931 a:
672 3880 699 3931 et
727 3877 809 3933 GPV
914 3879 931 3934 5
957 3880 1122 3948 resurgimus
1150 3875 1265 3932 G¹P¹V=

135 3980 306 4035 resurgamus
334 3964 412 4020 04³¹
528 3965 543 4017 ‘i
571 3964 709 4033 lampadas
736 3965 764 4018 P
878 3964 1024 4019 reddendas
1054 3965 1091 4020 V:
1126 3963 1266 4018 reddentes

136 4052 165 4107 P
264 4053 293 4107 11
314 4052 510 4121 extinguuntur
530 4051 583 4108 GP
681 4051 712 4104 15
730 4051 801 4119 apud
821 4052 876 4107 GP
978 4052 1012 4105 18
1030 4052 1178 4106 adinnutur
1198 4048 1265 4105 GP:

136 4136 329 4193 adinustnsV
422 4139 454 4192 21
475 4153 518 4192 cor
539 4137 604 4192 GP:
632 4136 710 4191 eorde
732 4136 759 4192 V
854 4136 889 4192 23
906 4152 965 4191 sum
988 4136 1052 4191 GP:
1081 4134 1203 4191 eumiV

137 4224 172 4278 24
195 4222 284 4292 possit
309 4223 374 4279 GP:
404 4223 539 4293 possetV
640 4223 811 4292 sententiam]
835 4223 952 4277 sentiam
977 4221 1004 4276 P
1115 4219 1149 4273 27
1172 4218 1268 4273 amiate

138 4312 163 4377 (t
179 4311 248 4377 rus.)
266 4309 293 4363 P
396 4310 535 4363 sensilium
556 4308 623 4363 GP:
653 4308 762 4363 consilio
787 4309 811 4361 V
