2760 4814
208 538 273 608 994
691 534 858 607 Eugippii

209 746 305 813 pure
323 730 365 794 et
379 725 630 793 conscientia
650 725 812 791 bonnet
832 724 916 791 fide
937 743 1011 791 non
1030 725 1143 791 fieta
1167 724 1224 809 qui
1240 728 1339 791 auten

208 834 335 916 propter
367 847 456 895 suam
485 829 524 895 de
552 828 614 894 hae
639 827 709 894 uita
739 828 957 894 necessitatem
985 828 1076 894 fratri
1098 827 1252 908 consulit,
1284 845 1339 895 nen

208 934 318 1017 utique
340 932 468 999 ueritati
500 931 646 1012 consulit,
676 931 750 1014 quia
778 948 839 997 nen
867 930 919 997 illi
947 950 1041 1015 quem
1063 930 1161 997 debet
1184 934 1339 1016 tamquam

208 1056 241 1103 se
264 1037 369 1121 ipsum
391 1036 531 1120 diligere,
554 1036 609 1102 sed
631 1034 692 1101 sibi
715 1034 858 1113 consulit,
883 1034 933 1099 uel
956 1034 1061 1118 petius
1076 1052 1137 1100 nee
1152 1034 1226 1115 sibi,
1250 1054 1339 1120 quan·

211 1140 250 1206 do
282 1142 410 1223 quidem
442 1139 517 1206 bine
549 1139 610 1205 sibi
644 1137 721 1205 fauit
754 1139 868 1222 duplex
903 1156 964 1222 uer,
1002 1156 1063 1221 quo
1096 1138 1276 1223 impeditur
1306 1140 1361 1204 adr

209 1243 382 1310 uidendum
404 1246 509 1323 deum,
531 1242 566 1308 in
588 1260 649 1326 qua
671 1241 739 1309 sula
761 1243 881 1309 uisiene
902 1243 950 1307 eet
966 1241 1129 1309 beatitudo
1145 1247 1238 1311 certa
1253 1246 1338 1328 atque

208 1349 369 1431 perpetua.

710 1582 844 1669 dcun

209 1797 256 1844 nn
277 1796 323 1845 Εο
345 1795 440 1856 Qvon
461 1795 519 1841 mu
541 1792 711 1842 norunvs:
746 1794 783 1842 er
813 1793 926 1842 nnuo
959 1794 1123 1856 eversu,
1156 1796 1274 1856 Qvon
1304 1796 1341 1845 rr

208 1901 257 1948 nn
288 1899 376 1962 usn,
406 1898 629 1946 nannenus
658 1896 781 1961 svnn,
811 1899 934 1946 menn
963 1898 1190 1947 nannenus
1220 1900 1365 1960 even-a

508 2002 586 2049 nun
609 1988 736 2050 suun?
767 2002 816 2049 nn
838 1990 942 2050 urnae
964 2002 990 2049 s.
1014 2003 1040 2052 s.

137 2140 201 2207 335
253 2141 432 2207 Lucerna
465 2140 645 2223 eorporis
679 2140 738 2204 tui
773 2143 834 2205 est
868 2140 1009 2206 oculus
1046 2140 1154 2207 tuns.
1192 2144 1227 2207 si
1257 2158 1340 2225 erga

209 2243 346 2309 oeulns
379 2244 474 2308 tuus
508 2241 677 2326 simplex
710 2243 856 2323 fuerit,
890 2244 1020 2310 totum
1054 2260 1205 2328 eorpus
1242 2248 1339 2310 tuun

209 2344 388 2411 lucidum
421 2344 518 2429 erit;
551 2346 586 2412 si
618 2347 746 2411 autem
779 2348 917 2412 oeulus
951 2351 1042 2412 tuus
1077 2365 1252 2430 nequam
1278 2350 1338 2423 est

208 2449 343 2515 totum
366 2467 510 2532 corpus
532 2449 1016 2516 tuumtenabrasumerit.
1040 2449 1074 2514 si
1091 2450 1363 2535 argelumenpe

209 2553 308 2635 quod
337 2551 379 2616 in
409 2554 447 2616 te
478 2552 556 2628 est,
583 2550 770 2617 tenebrae
800 2553 903 2633 sunt,
927 2551 1122 2617 tenebrae
1153 2552 1340 2636 quantae?

210 2656 262 2738 qui
296 2655 384 2721 loeus
417 2657 462 2722 eie
495 2654 727 2740 intellegendus
761 2655 818 2735 est,
851 2656 889 2721 ut
917 2654 1096 2721 nouerimue
1119 2656 1230 2722 omnia
1256 2674 1341 2742 opera

208 2761 315 2823 nostra
351 2760 428 2823 tune
462 2777 529 2824 ease
567 2759 684 2824 munda
720 2758 754 2823 et
789 2760 913 2841 plaeere
949 2758 982 2824 in
1019 2760 1188 2842 conspeetu
1225 2762 1286 2845 dei,
1318 2762 1340 2826 si

209 2859 286 2926 fiant
316 2860 453 2945 simplici
483 2862 582 2939 eorde,
616 2862 649 2927 id
679 2862 728 2926 est
757 2862 931 2928 intentione
960 2862 993 2927 in
1024 2881 1171 2946 superna,
1193 2863 1265 2930 ‘fine
1292 2863 1340 2930 illo

210 2964 364 3042 caritatis,
387 2963 461 3047 quia
482 2964 695 3049 plenitudo
716 2965 821 3050 legis
845 2966 1009 3032 caritas.
1042 2966 1171 3031 oculum
1200 2986 1275 3051 erge
1295 2966 1364 3033 hies

210 3066 350 3150 accipere
382 3068 531 3134 debemus
564 3068 667 3150 ipsam
696 3069 913 3149 intentionem,
943 3087 1006 3153 qua
1033 3070 1166 3135 facimus
1194 3067 1341 3154 quidquid

210 3170 350 3237 facimus.
382 3190 461 3255 quae
483 3174 512 3237 ai
533 3173 653 3237 munda
675 3172 769 3237 fuerit
792 3177 822 3237 et
846 3178 930 3239 reeta
945 3177 977 3238 et
999 3174 1080 3238 illud
1096 3174 1251 3256 aspiciens
1266 3168 1340 3257 quad

209 3275 425 3357 aspiciendum
458 3279 515 3353 est,
551 3276 655 3340 emnia
688 3294 781 3358 opera
814 3280 930 3355 nostra,
966 3294 1044 3359 quae
1077 3277 1252 3342 seeundum
1279 3292 1339 3341 ean

209 3396 383 3462 operamur,
407 3398 529 3445 neeesse
552 3381 600 3443 est
621 3378 705 3445 bona
726 3381 800 3444 siut.
824 3399 901 3463 quae
924 3398 1016 3462 opera
1039 3378 1144 3444 omnia
1159 3380 1264 3445 totum
1278 3396 1339 3444 aar·

210 3501 268 3565 pus
291 3483 470 3564 appellauit,
494 3484 569 3566 quia
590 3488 620 3549 et
649 3485 808 3565 apestolus
836 3484 980 3549 membra
1007 3487 1114 3548 nostra
1145 3483 1224 3547 dicit
1253 3496 1365 3565 quas-¹⁵

210 3586 283 3651 dam
312 3602 414 3669 opera,
448 3605 527 3669 quae
555 3586 713 3669 improbat
740 3591 772 3653 at
801 3587 1018 3653 mortificanda
1047 3586 1200 3669 praecipit
1230 3586 1340 3652 dicens:

209 3690 464 3755 mortificate
487 3709 581 3775 erge
605 3690 776 3756 membra
797 3694 947 3773 uestra,
979 3708 1075 3773 quae
1104 3691 1199 3755 sunt
1229 3702 1340 3770 super

313 3875 346 3929 12
365 3874 464 3929 natan.
483 3872 508 3940 6,
526 3874 609 3944 susq.
711 3874 746 3929 20
763 3875 838 3929 Rem.
858 3875 899 3941 13,
919 3875 953 3928 10
1054 3873 1089 3928 27
1107 3873 1165 3930 Col.
1184 3875 1246 3940 3,5

261 4041 439 4098 aueGPV:
467 4045 496 4098 in
515 4061 534 4098 a
636 4043 715 4098 fratri
732 4044 768 4099 V:
795 4043 938 4098 iratrisuo
956 4043 985 4097 P
1085 4044 1190 4101 bfaeit
1207 4044 1288 4100 P¹V=
1312 4042 1341 4097 ut

209 4129 249 4183 P²
340 4129 436 4197 Bcup.
449 4129 605 4186 CCCXXVI
617 4131 645 4185 P
669 4130 856 4187 cccxxna
882 4128 1087 4187 cccxxvne
1179 4131 1214 4185 10
1224 4132 1297 4201 ipsus
1309 4128 1341 4183 V:

212 4214 318 4284 ipseP;
336 4229 387 4269 am.
401 4216 428 4270 G
527 4218 558 4272 ll
578 4217 647 4272 libro
666 4234 700 4272 sa
722 4204 760 4273 V':
786 4216 959 4271 eodemlibro
970 4215 1086 4271 seeundo
1104 4215 1134 4270 P
1233 4216 1266 4271 16
1283 4214 1342 4271 aunt

210 4300 336 4356 tenebrae
351 4300 390 4355 Va
413 4318 434 4355 s.
448 4304 522 4372 ipsae
534 4306 555 4359 t.
570 4302 626 4359 GP
713 4306 831 4372 quantae
844 4302 884 4359 0:
906 4306 1022 4372 quantae
1033 4304 1114 4358 erunt
1126 4302 1167 4370 Pp
1190 4317 1242 4358 om.
1258 4301 1286 4358 V

211 4386 245 4443 la
270 4386 302 4441 in
330 4386 436 4444 G¹PV=
465 4388 520 4443 det.
549 4388 587 4445 θ’
703 4390 738 4444 20
763 4388 904 4459 plenitudo
934 4390 971 4445 V:
1001 4392 1030 4444 et
1055 4386 1197 4459 plenitude
1227 4387 1283 4445 GP

209 4472 490 4544 suspendendum
510 4472 566 4529 GP
